<?xml version="1.0" encoding="UTF-8" standalone="yes"?>
<PcGts xmlns="http://schema.primaresearch.org/PAGE/gts/pagecontent/2013-07-15" xmlns:xsi="http://www.w3.org/2001/XMLSchema-instance" xsi:schemaLocation="http://schema.primaresearch.org/PAGE/gts/pagecontent/2013-07-15 http://schema.primaresearch.org/PAGE/gts/pagecontent/2013-07-15/pagecontent.xsd">
    <Metadata>
        <Creator>prov=University of Rostock/Institute of Mathematics/CITlab|PLANET AI GmbH/Gundram Leifert/gundram.leifert@planet-ai.de:name=German_Kurrent_XVI-XVIII_M1(htr_id=19584)::::v=2.6.6
prov=University of Rostock/Institute of Mathematics/CITlab|PLANET AI GmbH/Tobias Gruening/tobias.gruening@planet-ai.de:name=de.uros.citlab.module.baseline2polygon.B2PSeamMultiOriented:v=2.6.6
prov=University of Rostock/Institute of Mathematics/CITlab|PLANET AI GmbH/Tobias Gruening/tobias.gruening@planet-ai.de:name=/net_tf/LA73_249_0mod360.pb:de.uros.citlab.segmentation.CITlab_LA_ML:v=2.6.6
Transkribus</Creator>
        <Created>2020-10-11T13:10:31.380+02:00</Created>
        <LastChange>2022-09-09T15:18:41.463+02:00</LastChange>
        <TranskribusMetadata docId="1334770" pageId="52352786" pageNr="9" tsid="114634326" status="IN_PROGRESS" userId="9570" imgUrl="https://files.transkribus.eu/Get?id=CKLFDQATFQFVZVEUPRNQBBSD&amp;fileType=view" xmlUrl="https://files.transkribus.eu/Get?id=RSIDEHTJRBRXLQFLDGYMNEDD" imageId="16491297"/>
    </Metadata>
    <Page imageFilename="IMG_2238.JPG" imageWidth="3024" imageHeight="4032">
        <ReadingOrder>
            <OrderedGroup id="ro_1687514096686" caption="Regions reading order">
                <RegionRefIndexed index="0" regionRef="r1"/>
                <RegionRefIndexed index="1" regionRef="r2"/>
            </OrderedGroup>
        </ReadingOrder>
        <TextRegion orientation="0.0" id="r1" custom="readingOrder {index:0;}">
            <Coords points="458,365 458,3143 1401,3143 1401,365"/>
            <TextLine id="r1l1" custom="readingOrder {index:0;}">
                <Coords points="494,383 751,408 800,458 885,423 933,460 1022,444 1060,486 1136,452 1323,531 1383,480 1149,445 1028,405 957,342 830,381 723,339 497,362"/>
                <Baseline points="498,399 541,397 585,395 629,395 673,396 717,398 760,401 804,406 848,412 892,417 936,424 979,431 1023,439 1067,447 1111,455 1155,463 1198,470 1242,480 1286,487 1330,495 1374,503"/>
                <TextEquiv>
                    <Unicode>unnd habe siderhar nie nitzw</Unicode>
                </TextEquiv>
            </TextLine>
            <TextLine id="r1l2" custom="readingOrder {index:1;}">
                <Coords points="560,489 616,512 670,478 810,482 898,532 952,495 1021,499 1270,550 1307,590 1341,586 1348,525 1108,470 1022,492 961,448 809,468 708,412 566,428"/>
                <Baseline points="567,468 605,471 644,474 682,476 721,478 759,482 798,485 836,488 875,491 913,494 952,498 991,503 1029,507 1068,512 1106,518 1145,524 1183,530 1222,537 1260,543 1299,551 1338,560"/>
                <TextEquiv>
                    <Unicode>gstollen noch ein lebenlaung</Unicode>
                </TextEquiv>
            </TextLine>
            <TextLine id="r1l3" custom="readingOrder {index:2;}">
                <Coords points="554,569 625,605 687,557 773,564 819,610 875,566 923,594 1021,580 1065,622 1127,590 1222,650 1290,620 1332,643 1337,587 1261,560 1173,574 1095,527 1032,554 956,506 901,544 828,489 675,522 561,489"/>
                <Baseline points="561,555 599,555 637,555 676,556 714,557 753,558 791,560 829,562 868,565 906,567 945,570 983,575 1021,578 1060,582 1098,586 1137,591 1175,596 1213,602 1252,608 1290,615 1329,620"/>
                <TextEquiv>
                    <Unicode>khein steich uffbrochene hors</Unicode>
                </TextEquiv>
            </TextLine>
            <TextLine id="r1l4" custom="readingOrder {index:3;}">
                <Coords points="571,633 745,645 784,684 840,689 913,654 973,681 1129,655 1266,726 1348,697 1353,631 1191,651 981,603 885,616 848,588 805,613 781,585 744,617 707,588 574,589"/>
                <Baseline points="578,618 616,623 654,626 692,630 731,633 769,635 807,638 845,639 884,642 922,645 960,647 998,650 1037,651 1075,655 1113,658 1151,661 1190,665 1228,670 1266,675 1304,682 1343,687"/>
                <TextEquiv>
                    <Unicode>muller thuge Im des mortshalb</Unicode>
                </TextEquiv>
            </TextLine>
            <TextLine id="r1l5" custom="readingOrder {index:4;}">
                <Coords points="542,706 577,700 615,742 695,700 824,710 887,751 960,711 987,733 1190,743 1240,783 1281,754 1321,769 1324,731 1244,698 1121,710 1022,665 963,684 913,653 843,689 742,656 687,675 658,648 624,671 545,659"/>
                <Baseline points="549,687 587,691 625,694 664,698 702,701 740,702 779,705 817,707 855,710 894,713 932,715 970,717 1009,720 1047,723 1085,726 1124,730 1162,734 1200,737 1239,743 1277,749 1316,755"/>
                <TextEquiv>
                    <Unicode>ouch unrecht dann er inn</Unicode>
                </TextEquiv>
            </TextLine>
            <TextLine id="r1l6" custom="readingOrder {index:5;}">
                <Coords points="573,766 750,781 799,819 854,779 1039,796 1114,842 1194,813 1361,827 1344,799 1197,787 1131,738 1055,726 999,761 972,740 849,750 795,711 695,755 576,727"/>
                <Baseline points="579,761 617,763 656,767 695,769 734,772 773,774 811,776 850,778 889,782 928,784 967,786 1005,789 1044,792 1083,795 1122,799 1161,801 1199,806 1238,809 1277,813 1316,818 1355,824"/>
                <TextEquiv>
                    <Unicode>mit bkhnnne unnd sye menen</Unicode>
                </TextEquiv>
            </TextLine>
            <TextLine id="r1l7" custom="readingOrder {index:6;}">
                <Coords points="585,867 701,841 866,858 907,902 960,909 1058,910 1148,873 1272,932 1391,907 1394,864 1324,862 1293,832 1238,851 1178,816 1041,833 959,789 841,821 749,782 678,811 591,791"/>
                <Baseline points="594,828 633,831 673,834 712,837 752,840 792,842 831,844 871,848 910,850 950,853 990,855 1029,858 1069,860 1108,864 1148,867 1188,870 1227,874 1267,878 1306,882 1346,887 1386,893"/>
                <TextEquiv>
                    <Unicode>by und mit gsin ✳ habs ouch mit</Unicode>
                </TextEquiv>
            </TextLine>
            <TextLine id="r1l8" custom="readingOrder {index:7;}">
                <Coords points="560,951 587,958 616,939 643,952 699,910 719,924 736,917 796,972 822,973 833,969 837,889 766,873 722,883 667,855 610,875 563,867"/>
                <Baseline points="567,912 593,907 619,905 645,905 672,905 698,907 724,909 751,912 777,915 803,917 830,917"/>
                <TextEquiv>
                    <Unicode>gehannen.</Unicode>
                </TextEquiv>
            </TextLine>
            <TextLine id="r1l9" custom="readingOrder {index:8;}">
                <Coords points="580,1149 589,1147 618,1157 635,1147 569,975 518,989"/>
                <Baseline points="579,1131 618,1116"/>
                <TextEquiv>
                    <Unicode></Unicode>
                </TextEquiv>
            </TextLine>
            <TextLine id="r1l10" custom="readingOrder {index:9;}">
                <Coords points="654,1146 725,1119 858,1123 924,1154 949,1135 1191,1146 1284,1163 1318,1196 1401,1167 1404,1124 1325,1091 1140,1123 972,1105 932,1067 733,1098 659,1070"/>
                <Baseline points="662,1110 698,1113 735,1115 771,1118 808,1121 845,1124 881,1125 918,1128 955,1131 991,1133 1028,1136 1065,1139 1101,1141 1138,1143 1175,1147 1211,1149 1248,1153 1285,1155 1321,1159 1358,1162 1395,1166"/>
                <TextEquiv>
                    <Unicode>Denne ist er ouch antrefend</Unicode>
                </TextEquiv>
            </TextLine>
            <TextLine id="r1l11" custom="readingOrder {index:10;}">
                <Coords points="482,1206 633,1196 688,1237 851,1208 899,1243 955,1219 991,1247 1115,1205 1241,1250 1336,1240 1337,1192 1179,1146 1086,1186 997,1146 951,1181 886,1132 839,1167 723,1121 653,1173 485,1136"/>
                <Baseline points="489,1187 531,1188 573,1190 615,1191 657,1192 699,1194 741,1194 783,1196 825,1197 867,1199 910,1200 952,1202 994,1204 1036,1206 1078,1209 1120,1211 1162,1214 1204,1217 1246,1221 1288,1224 1331,1227"/>
                <TextEquiv>
                    <Unicode>Der gsplschafft, so er sole heim</Unicode>
                </TextEquiv>
            </TextLine>
            <TextLine id="r1l12" custom="readingOrder {index:11;}">
                <Coords points="530,1288 601,1266 687,1313 757,1274 852,1297 951,1277 1029,1324 1139,1277 1340,1295 1341,1245 1284,1231 1219,1262 1116,1205 976,1251 911,1249 869,1211 685,1241 599,1196 532,1220"/>
                <Baseline points="536,1266 575,1266 615,1267 655,1268 695,1268 735,1269 775,1269 815,1269 855,1270 895,1271 935,1272 974,1272 1014,1274 1054,1275 1094,1277 1134,1278 1174,1280 1214,1281 1254,1284 1294,1287 1334,1290"/>
                <TextEquiv>
                    <Unicode>befragn und namlich wer die</Unicode>
                </TextEquiv>
            </TextLine>
            <TextLine id="r1l13" custom="readingOrder {index:12;}">
                <Coords points="534,1375 660,1359 763,1389 839,1347 927,1370 1097,1345 1218,1386 1283,1353 1284,1328 1202,1290 1149,1312 1108,1287 1065,1326 1000,1323 950,1281 886,1318 775,1287 681,1316 602,1272 535,1298"/>
                <Baseline points="540,1335 576,1337 613,1337 650,1337 687,1337 724,1338 761,1339 798,1340 835,1340 872,1341 909,1343 945,1343 982,1344 1019,1344 1056,1346 1093,1346 1130,1347 1167,1347 1204,1347 1241,1347 1278,1347"/>
                <TextEquiv>
                    <Unicode>gsellen spen, so mit ime zur</Unicode>
                </TextEquiv>
            </TextLine>
            <TextLine id="r1l14" custom="readingOrder {index:13;}">
                <Coords points="549,1392 635,1436 674,1408 715,1444 756,1425 814,1459 849,1438 1040,1463 1134,1413 1344,1435 1345,1386 1183,1396 1099,1347 999,1383 806,1352 751,1394 619,1359 550,1371"/>
                <Baseline points="555,1397 594,1399 633,1401 672,1404 711,1405 750,1408 789,1409 829,1411 868,1413 907,1413 946,1415 985,1416 1024,1417 1063,1418 1103,1419 1142,1419 1181,1419 1220,1421 1259,1421 1298,1421 1338,1421"/>
                <TextEquiv>
                    <Unicode>olgen, zuacht gesen unnd wie</Unicode>
                </TextEquiv>
            </TextLine>
            <TextLine id="r1l15" custom="readingOrder {index:14;}">
                <Coords points="522,1483 845,1488 886,1515 945,1485 998,1539 1167,1486 1349,1513 1351,1468 1275,1434 1148,1470 1098,1439 1036,1474 726,1454 659,1417 620,1450 523,1445"/>
                <Baseline points="528,1467 568,1470 609,1473 650,1476 691,1479 732,1481 772,1482 813,1484 854,1485 895,1487 936,1487 976,1488 1017,1490 1058,1490 1099,1491 1140,1491 1180,1493 1221,1494 1262,1495 1303,1496 1344,1499"/>
                <TextEquiv>
                    <Unicode>man die rtte gmacht hab der¬</Unicode>
                </TextEquiv>
            </TextLine>
            <TextLine id="r1l16" custom="readingOrder {index:15;}">
                <Coords points="557,1564 625,1550 757,1591 813,1556 1311,1587 1373,1566 1375,1511 1319,1499 1277,1536 1192,1543 1089,1495 977,1545 838,1515 727,1527 559,1478"/>
                <Baseline points="563,1542 603,1544 643,1545 683,1545 724,1547 764,1548 804,1551 844,1553 885,1554 925,1556 965,1559 1005,1559 1046,1561 1086,1562 1126,1563 1166,1563 1207,1563 1247,1563 1287,1563 1327,1561 1368,1559"/>
                <TextEquiv>
                    <Unicode>elbigen einer einwold kronen für</Unicode>
                </TextEquiv>
            </TextLine>
            <TextLine id="r1l17" custom="readingOrder {index:16;}">
                <Coords points="533,1640 621,1608 686,1659 731,1626 761,1656 799,1625 864,1650 1082,1627 1150,1667 1186,1637 1329,1632 1330,1596 1296,1577 1054,1607 921,1569 814,1600 782,1577 630,1578 537,1517"/>
                <Baseline points="540,1607 579,1608 618,1610 657,1610 696,1611 735,1613 774,1614 814,1616 853,1617 892,1620 931,1622 970,1622 1009,1624 1048,1625 1088,1626 1127,1628 1166,1628 1205,1628 1244,1628 1283,1628 1323,1628"/>
                <TextEquiv>
                    <Unicode>thar gleg ind am er gelanden</Unicode>
                </TextEquiv>
            </TextLine>
            <TextLine id="r1l18" custom="readingOrder {index:17;}">
                <Coords points="534,1735 643,1724 693,1680 774,1716 989,1691 1089,1733 1191,1687 1323,1707 1344,1669 1268,1674 1202,1638 1131,1677 1091,1637 973,1666 800,1630 767,1659 686,1662 606,1611 535,1646"/>
                <Baseline points="540,1686 579,1686 619,1686 659,1686 699,1686 739,1686 779,1686 819,1686 859,1686 899,1687 939,1688 978,1688 1018,1689 1058,1689 1098,1691 1138,1691 1178,1692 1218,1692 1258,1694 1298,1695 1338,1697"/>
                <TextEquiv>
                    <Unicode>gsagn us haben doch noch annt</Unicode>
                </TextEquiv>
            </TextLine>
            <TextLine id="r1l19" custom="readingOrder {index:18;}">
                <Coords points="555,1816 633,1768 677,1802 725,1767 848,1797 1034,1770 1106,1809 1215,1778 1308,1804 1354,1784 1354,1702 1178,1738 959,1710 905,1736 804,1700 733,1733 686,1687 629,1739 554,1738"/>
                <Baseline points="560,1767 599,1766 638,1764 678,1763 717,1763 757,1761 796,1761 836,1760 875,1760 915,1760 954,1759 993,1758 1033,1758 1072,1758 1112,1758 1151,1758 1191,1758 1230,1758 1270,1760 1309,1760 1349,1760"/>
                <TextEquiv>
                    <Unicode>gnng, dß wis ursachen er solchs</Unicode>
                </TextEquiv>
            </TextLine>
            <TextLine id="r1l20" custom="readingOrder {index:19;}">
                <Coords points="563,1840 669,1875 728,1836 960,1836 1008,1862 1075,1834 1199,1883 1264,1843 1342,1840 1342,1808 1153,1787 1032,1807 996,1780 918,1808 765,1766 681,1802 627,1775 563,1814"/>
                <Baseline points="569,1845 607,1843 645,1841 684,1838 722,1837 761,1835 799,1835 837,1833 876,1833 914,1832 953,1832 991,1832 1029,1832 1068,1832 1106,1832 1145,1832 1183,1832 1221,1832 1260,1832 1298,1832 1337,1832"/>
                <TextEquiv>
                    <Unicode>gsag unnd wo sy solich gehett</Unicode>
                </TextEquiv>
            </TextLine>
            <TextLine id="r1l21" custom="readingOrder {index:20;}">
                <Coords points="452,1932 1104,1904 1258,1950 1354,1917 1354,1867 1292,1883 1252,1848 1177,1889 1078,1833 1004,1870 739,1834 677,1875 569,1840 452,1876"/>
                <Baseline points="458,1920 502,1916 547,1911 591,1909 636,1907 680,1905 725,1904 769,1904 814,1902 858,1902 903,1903 948,1904 992,1904 1037,1904 1081,1905 1126,1905 1170,1905 1215,1905 1259,1904 1304,1902 1349,1901"/>
                <TextEquiv>
                    <Unicode>überkomen daruf er anzegen</Unicode>
                </TextEquiv>
            </TextLine>
            <TextLine id="r1l22" custom="readingOrder {index:21;}">
                <Coords points="525,1994 566,2012 613,1980 749,1995 870,1970 974,1978 1051,2020 1148,1968 1327,1977 1327,1939 1160,1946 1079,1909 1029,1945 946,1951 739,1917 686,1944 524,1933"/>
                <Baseline points="530,1980 569,1979 609,1977 648,1976 688,1974 728,1974 767,1974 807,1973 846,1973 886,1973 926,1973 965,1972 1005,1971 1044,1971 1084,1971 1124,1970 1163,1970 1203,1968 1242,1967 1282,1965 1322,1964"/>
                <TextEquiv>
                    <Unicode>dy er den einen gselen men</Unicode>
                </TextEquiv>
            </TextLine>
            <TextLine id="r1l23" custom="readingOrder {index:22;}">
                <Coords points="563,2052 657,2084 740,2042 869,2068 975,2041 1325,2045 1367,2038 1366,2001 1291,1976 1221,2007 1128,1972 1049,2022 903,2002 726,2019 616,1983 562,2020"/>
                <Baseline points="569,2045 608,2045 648,2045 687,2045 727,2043 767,2043 806,2043 846,2042 885,2042 925,2041 965,2040 1004,2040 1044,2039 1083,2037 1123,2036 1163,2035 1202,2034 1242,2033 1281,2031 1321,2030 1361,2028"/>
                <TextEquiv>
                    <Unicode>bkhenne, aber nun dem andern</Unicode>
                </TextEquiv>
            </TextLine>
            <TextLine id="r1l24" custom="readingOrder {index:23;} place {offset:24; length:9;}">
                <Coords points="569,2126 923,2124 961,2099 1022,2130 1222,2102 1336,2152 1394,2113 1393,2052 1101,2086 1057,2055 1016,2075 955,2052 823,2087 772,2045 678,2091 568,2076"/>
                <Baseline points="575,2117 615,2115 656,2114 696,2112 737,2111 778,2111 818,2109 859,2109 900,2109 940,2108 981,2108 1022,2108 1062,2106 1103,2106 1144,2105 1184,2105 1225,2103 1266,2103 1306,2102 1347,2100 1388,2099"/>
                <TextEquiv>
                    <Unicode>u ein kramer, voehr von solothurn</Unicode>
                </TextEquiv>
            </TextLine>
            <TextLine id="r1l25" custom="readingOrder {index:24;}">
                <Coords points="570,2194 681,2182 737,2217 787,2178 888,2221 946,2193 1046,2224 1116,2163 1274,2197 1328,2180 1328,2141 1229,2106 1046,2150 960,2099 922,2124 897,2106 823,2158 751,2130 570,2158"/>
                <Baseline points="576,2181 613,2180 650,2180 687,2180 725,2178 762,2178 799,2178 837,2178 874,2178 911,2177 949,2177 986,2177 1023,2177 1060,2175 1098,2174 1135,2174 1172,2172 1210,2171 1247,2169 1284,2168 1322,2165"/>
                <TextEquiv>
                    <Unicode>mit hm alhart zogen welther</Unicode>
                </TextEquiv>
            </TextLine>
            <TextLine id="r1l26" custom="readingOrder {index:25;}">
                <Coords points="514,2279 581,2250 678,2273 716,2245 855,2287 948,2254 985,2289 1080,2235 1145,2257 1267,2239 1294,2263 1365,2236 1364,2197 1159,2171 1094,2225 960,2200 889,2221 785,2186 719,2233 661,2198 512,2215"/>
                <Baseline points="518,2253 560,2252 602,2250 644,2250 686,2249 728,2247 770,2246 812,2246 854,2244 896,2244 938,2243 980,2241 1022,2240 1064,2239 1106,2238 1148,2237 1190,2235 1232,2234 1274,2232 1316,2231 1359,2229"/>
                <TextEquiv>
                    <Unicode>deri für inn bzalt unnd ist</Unicode>
                </TextEquiv>
            </TextLine>
            <TextLine id="r1l27" custom="readingOrder {index:26;}">
                <Coords points="549,2321 652,2316 719,2349 847,2309 958,2358 1046,2301 1098,2335 1150,2307 1184,2339 1229,2305 1328,2337 1326,2237 1205,2278 1077,2238 987,2292 945,2262 838,2287 716,2245 656,2291 548,2280"/>
                <Baseline points="555,2312 593,2312 631,2312 670,2313 708,2313 746,2313 785,2312 823,2312 861,2312 900,2310 938,2310 976,2309 1015,2309 1053,2307 1091,2306 1130,2304 1168,2303 1206,2301 1245,2299 1283,2297 1322,2295"/>
                <TextEquiv>
                    <Unicode>im bkthantlich di sy uzn bos</Unicode>
                </TextEquiv>
            </TextLine>
            <TextLine id="r1l28" custom="readingOrder {index:27;}">
                <Coords points="540,2397 887,2392 962,2426 1037,2384 1340,2379 1342,2349 1254,2319 1167,2357 1048,2299 925,2362 826,2309 722,2368 539,2354"/>
                <Baseline points="545,2382 584,2384 624,2384 663,2384 703,2384 743,2384 782,2384 822,2384 861,2382 901,2382 941,2381 980,2379 1020,2378 1059,2377 1099,2375 1139,2374 1178,2373 1218,2372 1257,2370 1297,2369 1337,2369"/>
                <TextEquiv>
                    <Unicode>mit einandern ghandlot laben</Unicode>
                </TextEquiv>
            </TextLine>
            <TextLine id="r1l29" custom="readingOrder {index:28;}">
                <Coords points="537,2468 614,2497 792,2456 836,2493 883,2467 919,2498 998,2444 1095,2495 1195,2454 1245,2489 1292,2449 1330,2476 1328,2405 1282,2394 1229,2420 1156,2390 1103,2421 1038,2393 940,2426 882,2392 536,2429"/>
                <Baseline points="542,2456 581,2456 620,2456 659,2456 698,2454 737,2454 776,2453 815,2451 854,2451 893,2450 932,2448 971,2448 1010,2447 1049,2445 1088,2444 1127,2444 1166,2442 1205,2442 1244,2442 1283,2442 1323,2442"/>
                <TextEquiv>
                    <Unicode>noch das er zu im sole gesogen haben</Unicode>
                </TextEquiv>
            </TextLine>
            <TextLine id="r1l30" custom="readingOrder {index:29;}">
                <Coords points="538,2537 899,2514 1337,2536 1383,2524 1382,2469 1245,2489 1190,2460 1103,2500 989,2445 919,2497 887,2472 845,2497 803,2463 537,2496"/>
                <Baseline points="543,2528 584,2524 626,2522 668,2519 709,2517 751,2516 793,2516 834,2516 876,2514 918,2514 960,2514 1001,2514 1043,2514 1085,2514 1126,2514 1168,2514 1210,2514 1251,2513 1293,2511 1335,2510 1377,2508"/>
                <TextEquiv>
                    <Unicode>war nu er die fhronen darleyge</Unicode>
                </TextEquiv>
            </TextLine>
            <TextLine id="r1l31" custom="readingOrder {index:30;}">
                <Coords points="539,2653 634,2592 697,2632 796,2584 838,2603 943,2585 1004,2616 1085,2587 1126,2621 1199,2625 1314,2593 1312,2540 1143,2534 1074,2558 871,2526 829,2554 683,2538 603,2575 535,2553"/>
                <Baseline points="543,2604 581,2600 619,2597 657,2593 696,2591 734,2588 772,2586 810,2585 849,2583 887,2581 925,2580 963,2579 1002,2577 1040,2577 1078,2576 1116,2576 1155,2574 1193,2574 1231,2573 1269,2572 1308,2571"/>
                <TextEquiv>
                    <Unicode>sy haben doch muntz gung</Unicode>
                </TextEquiv>
            </TextLine>
            <TextLine id="r1l32" custom="readingOrder {index:31;}">
                <Coords points="532,2684 605,2710 700,2677 819,2698 889,2649 1019,2688 1060,2654 1177,2646 1264,2676 1320,2647 1319,2602 1293,2596 1188,2627 1097,2602 963,2620 922,2589 788,2631 651,2609 531,2627"/>
                <Baseline points="537,2667 575,2664 614,2660 653,2658 692,2655 731,2654 770,2652 808,2651 847,2650 886,2649 925,2649 964,2648 1003,2648 1042,2648 1080,2648 1119,2646 1158,2646 1197,2645 1236,2643 1275,2642 1314,2640"/>
                <TextEquiv>
                    <Unicode>obschache, im deßhalb unrecht</Unicode>
                </TextEquiv>
            </TextLine>
            <TextLine id="r1l33" custom="readingOrder {index:32;}">
                <Coords points="609,2832 807,2805 887,2834 1079,2802 1140,2837 1195,2807 1240,2836 1379,2790 1378,2750 1016,2773 892,2709 751,2783 608,2770"/>
                <Baseline points="614,2816 653,2813 693,2809 733,2808 773,2805 813,2805 853,2804 893,2804 933,2802 973,2802 1013,2802 1053,2804 1093,2804 1133,2802 1173,2802 1213,2802 1253,2801 1293,2799 1333,2797 1373,2793"/>
                <TextEquiv>
                    <Unicode>seier klyidern halb hat</Unicode>
                </TextEquiv>
            </TextLine>
            <TextLine id="r1l34" custom="readingOrder {index:33;}">
                <Coords points="508,2907 681,2883 732,2917 838,2872 909,2897 950,2871 1035,2900 1101,2865 1239,2886 1267,2877 1266,2830 1071,2843 1030,2816 794,2849 717,2811 506,2862"/>
                <Baseline points="513,2898 550,2895 587,2890 625,2887 662,2883 700,2880 737,2878 775,2876 812,2873 850,2871 887,2871 924,2870 962,2868 999,2868 1037,2868 1074,2868 1112,2868 1149,2868 1187,2870 1224,2870 1262,2873"/>
                <TextEquiv>
                    <Unicode>Er anzeigt, das er zieselbig</Unicode>
                </TextEquiv>
            </TextLine>
            <TextLine id="r1l35" custom="readingOrder {index:34;}">
                <Coords points="549,2977 681,3001 750,2951 840,2941 1073,2937 1114,2972 1166,2944 1341,2963 1374,2942 1364,2889 1218,2917 1164,2881 1113,2918 944,2876 776,2924 631,2891 548,2934"/>
                <Baseline points="554,2969 594,2963 635,2957 676,2952 716,2948 757,2943 798,2941 838,2937 879,2936 920,2934 961,2933 1001,2933 1042,2932 1083,2931 1123,2931 1164,2932 1205,2933 1245,2933 1286,2934 1327,2934 1368,2934"/>
                <TextEquiv>
                    <Unicode>Oß sinem derdientn von erkonstn</Unicode>
                </TextEquiv>
            </TextLine>
            <TextLine id="r1l36" custom="readingOrder {index:35;}">
                <Coords points="520,3076 730,3021 911,3008 995,3048 1047,3012 1114,3011 1157,3044 1206,3005 1319,3003 1287,2955 1217,2972 1168,2945 1015,2981 930,2944 873,2982 516,3007"/>
                <Baseline points="525,3057 564,3048 603,3041 643,3035 682,3029 722,3023 761,3020 800,3015 840,3012 879,3010 919,3008 958,3006 997,3004 1037,3003 1076,3002 1116,3001 1155,3000 1194,2999 1234,2999 1273,2997 1313,2996"/>
                <TextEquiv>
                    <Unicode>dann allein d wulhembs</Unicode>
                </TextEquiv>
            </TextLine>
            <TextLine id="r1l37" custom="readingOrder {index:36;} place {offset:17; length:6;}">
                <Coords points="549,3131 621,3160 736,3096 1041,3072 1302,3101 1406,3072 1402,2996 1150,3045 1110,3012 1055,3050 776,3067 682,3046 547,3089"/>
                <Baseline points="555,3126 597,3117 639,3108 681,3101 724,3095 766,3091 808,3085 851,3082 893,3080 935,3077 978,3077 1020,3075 1062,3075 1104,3074 1147,3074 1189,3074 1231,3074 1274,3074 1316,3074 1358,3074 1401,3074"/>
                <TextEquiv>
                    <Unicode>hab im einer von Erbach gschack</Unicode>
                </TextEquiv>
            </TextLine>
            <TextEquiv>
                <Unicode>unnd habe siderhar nie nitzw
gstollen noch ein lebenlaung
khein steich uffbrochene hors
muller thuge Im des mortshalb
ouch unrecht dann er inn
mit bkhnnne unnd sye menen
by und mit gsin ✳ habs ouch mit
gehannen.

Denne ist er ouch antrefend
Der gsplschafft, so er sole heim
befragn und namlich wer die
gsellen spen, so mit ime zur
olgen, zuacht gesen unnd wie
man die rtte gmacht hab der¬
elbigen einer einwold kronen für
thar gleg ind am er gelanden
gsagn us haben doch noch annt
gnng, dß wis ursachen er solchs
gsag unnd wo sy solich gehett
überkomen daruf er anzegen
dy er den einen gselen men
bkhenne, aber nun dem andern
u ein kramer, voehr von solothurn
mit hm alhart zogen welther
deri für inn bzalt unnd ist
im bkthantlich di sy uzn bos
mit einandern ghandlot laben
noch das er zu im sole gesogen haben
war nu er die fhronen darleyge
sy haben doch muntz gung
obschache, im deßhalb unrecht
seier klyidern halb hat
Er anzeigt, das er zieselbig
Oß sinem derdientn von erkonstn
dann allein d wulhembs
hab im einer von Erbach gschack</Unicode>
            </TextEquiv>
        </TextRegion>
        <TextRegion orientation="0.0" id="r2" custom="readingOrder {index:1;}">
            <Coords points="1511,360 1511,3183 2340,3183 2340,360"/>
            <TextLine id="r2l1" custom="readingOrder {index:0;}">
                <Coords points="1515,494 1579,513 1648,444 1737,458 1955,414 2112,426 2132,405 2265,403 2260,363 2135,330 2090,364 1943,397 1842,360 1715,419 1627,420 1572,389 1510,441"/>
                <Baseline points="1518,471 1555,464 1592,458 1629,452 1666,447 1703,441 1740,437 1777,433 1814,429 1851,426 1888,422 1925,419 1962,416 1999,412 2036,410 2073,407 2110,404 2147,400 2184,397 2221,394 2258,390"/>
                <TextEquiv>
                    <Unicode>iste mir dem mitlisten</Unicode>
                </TextEquiv>
            </TextLine>
            <TextLine id="r2l2" custom="readingOrder {index:1;}">
                <Coords points="1512,580 1696,523 1790,525 1840,557 1927,495 2140,528 2236,492 2231,441 2074,414 2029,455 1934,462 1868,430 1796,487 1665,448 1578,514 1507,532"/>
                <Baseline points="1515,548 1550,541 1586,535 1621,528 1657,524 1693,519 1728,515 1764,510 1800,507 1835,503 1871,500 1907,497 1942,495 1978,492 2014,488 2049,486 2085,482 2121,479 2156,477 2192,473 2228,470"/>
                <TextEquiv>
                    <Unicode>und keinen stein uffzogen</Unicode>
                </TextEquiv>
            </TextLine>
            <TextLine id="r2l3" custom="readingOrder {index:2;}">
                <Coords points="1523,626 1654,612 1710,579 1989,589 2052,556 2217,554 2256,585 2285,561 2278,491 2244,516 2072,531 2007,494 1978,520 1923,495 1839,558 1796,537 1751,564 1689,549 1640,580 1518,582"/>
                <Baseline points="1527,615 1564,610 1602,606 1639,601 1677,595 1714,591 1752,586 1789,582 1827,578 1864,574 1902,570 1939,567 1977,563 2014,559 2052,556 2089,554 2127,550 2164,548 2202,545 2239,543 2277,540"/>
                <TextEquiv>
                    <Unicode>word, wil sonst ni wich</Unicode>
                </TextEquiv>
            </TextLine>
            <TextLine id="r2l4" custom="readingOrder {index:3;}">
                <Coords points="1525,702 1734,669 1831,710 1936,641 2016,641 2065,667 2099,630 2199,631 2180,594 1896,629 1707,579 1660,628 1604,609 1521,672"/>
                <Baseline points="1530,696 1563,692 1596,688 1629,684 1662,678 1695,673 1728,669 1761,663 1794,659 1827,655 1861,650 1894,646 1927,642 1960,638 1993,635 2026,632 2059,629 2092,628 2125,626 2158,626 2192,624"/>
                <TextEquiv>
                    <Unicode>ekhanlich sin mitze</Unicode>
                </TextEquiv>
            </TextLine>
            <TextLine id="r2l5" custom="readingOrder {index:4;}">
                <Coords points="1536,788 1577,777 1660,814 1795,742 1959,766 2008,720 2079,743 2209,727 2203,664 2155,656 2080,697 2038,669 1913,663 1848,715 1705,684 1671,712 1575,689 1530,723"/>
                <Baseline points="1539,767 1572,764 1605,760 1638,757 1671,753 1704,749 1737,745 1771,740 1804,736 1837,732 1870,729 1903,724 1936,722 1969,720 2003,716 2036,715 2069,714 2102,713 2135,714 2168,715 2202,717"/>
                <TextEquiv>
                    <Unicode>muß ghandlen ze haben etc.</Unicode>
                </TextEquiv>
            </TextLine>
            <TextLine id="r2l6" custom="readingOrder {index:5;}">
                <Coords points="2079,1009 2096,1001 2123,1014 2141,1008 2153,1013 2201,989 2236,1010 2263,1004 2254,932 2241,929 2218,946 2201,948 2179,939 2154,954 2135,944 2098,967 2074,970"/>
                <Baseline points="2084,998 2112,999 2141,995 2169,989 2198,984 2226,981 2255,983"/>
                <TextEquiv>
                    <Unicode>tag</Unicode>
                </TextEquiv>
            </TextLine>
            <TextLine id="r2l7" custom="readingOrder {index:6;} date {offset:0; length:18; continued:true;}">
                <Coords points="1580,1059 1619,1066 1670,1037 1706,1049 1752,1027 1795,1045 1824,1018 1874,1038 1889,1020 2020,997 2069,1009 2073,967 1994,966 1907,925 1857,980 1806,964 1770,995 1719,963 1657,955 1573,970"/>
                <Baseline points="1584,1032 1609,1030 1635,1029 1660,1026 1686,1023 1711,1021 1737,1018 1763,1016 1788,1013 1814,1011 1839,1008 1865,1005 1890,1003 1916,1002 1942,1001 1967,999 1993,999 2018,998 2044,998 2070,999"/>
                <TextEquiv>
                    <Unicode>vff, Zinstag dem 2 tag</Unicode>
                </TextEquiv>
            </TextLine>
            <TextLine id="r2l8" custom="readingOrder {index:7;} date {offset:1; length:22; continued:true;}">
                <Coords points="1544,1124 1625,1090 1791,1116 1952,1062 2046,1110 2091,1073 2183,1083 2255,1052 2253,1021 2189,992 2145,1032 2047,1006 1826,1027 1785,1055 1619,1064 1539,1039"/>
                <Baseline points="1548,1086 1583,1084 1618,1082 1653,1080 1688,1079 1723,1077 1758,1076 1793,1074 1828,1073 1863,1071 1898,1070 1933,1067 1968,1066 2003,1064 2038,1062 2073,1059 2108,1056 2143,1054 2178,1051 2213,1048 2249,1044"/>
                <TextEquiv>
                    <Unicode>Novembris im 1564 Jar. Iun</Unicode>
                </TextEquiv>
            </TextLine>
            <TextLine id="r2l9" custom="readingOrder {index:8;}">
                <Coords points="1560,1189 1662,1183 1730,1148 1938,1158 1977,1128 2084,1143 2121,1115 2221,1135 2217,1076 2081,1082 2034,1106 1939,1068 1884,1113 1631,1126 1600,1103 1556,1132"/>
                <Baseline points="1563,1154 1595,1152 1628,1149 1660,1148 1693,1145 1725,1143 1758,1140 1790,1139 1823,1137 1855,1134 1888,1133 1920,1129 1953,1128 1985,1125 2018,1122 2050,1120 2083,1117 2115,1114 2148,1112 2180,1108 2213,1104"/>
                <TextEquiv>
                    <Unicode>Begenwürttigkheit Herren</Unicode>
                </TextEquiv>
            </TextLine>
            <TextLine id="r2l10" custom="readingOrder {index:9;} person {offset:0; length:19;}">
                <Coords points="1547,1245 1588,1222 1693,1234 1718,1211 1827,1199 1945,1220 2104,1179 2177,1196 2240,1180 2238,1133 2173,1155 2020,1142 1961,1165 1899,1147 1831,1182 1698,1163 1651,1191 1544,1190"/>
                <Baseline points="1551,1218 1585,1215 1619,1212 1653,1209 1687,1207 1721,1205 1755,1202 1790,1199 1824,1197 1858,1195 1892,1193 1926,1191 1960,1189 1994,1187 2029,1186 2063,1184 2097,1182 2131,1181 2165,1179 2199,1178 2234,1176"/>
                <TextEquiv>
                    <Unicode>Elbrecht von erlach des ratts</Unicode>
                </TextEquiv>
            </TextLine>
            <TextLine id="r2l11" custom="readingOrder {index:10;} person {offset:0; length:17;}">
                <Coords points="1550,1290 1638,1274 1693,1302 1765,1282 1848,1305 1932,1258 2062,1245 2119,1273 2226,1273 2245,1262 2241,1182 2212,1206 2094,1202 2045,1229 1892,1204 1808,1209 1768,1240 1736,1221 1705,1243 1547,1246"/>
                <Baseline points="1554,1275 1588,1272 1622,1271 1656,1269 1690,1267 1725,1265 1759,1262 1793,1260 1827,1259 1861,1257 1896,1256 1930,1253 1964,1251 1998,1249 2032,1248 2067,1245 2101,1244 2135,1243 2169,1241 2203,1241 2238,1239"/>
                <TextEquiv>
                    <Unicode>Beundicht Zyssers der burgers</Unicode>
                </TextEquiv>
            </TextLine>
            <TextLine id="r2l12" custom="readingOrder {index:11;} person {offset:0; length:12;}">
                <Coords points="1609,1357 1657,1328 1906,1356 1948,1325 1984,1352 2054,1312 2312,1304 2309,1236 2281,1225 2230,1274 1979,1283 1932,1258 1854,1303 1762,1282 1606,1304"/>
                <Baseline points="1613,1329 1647,1329 1682,1327 1716,1325 1751,1323 1786,1322 1820,1321 1855,1319 1890,1317 1924,1317 1959,1315 1994,1313 2028,1311 2063,1310 2098,1308 2132,1306 2167,1304 2202,1303 2236,1301 2271,1299 2306,1298"/>
                <TextEquiv>
                    <Unicode>Hanns Schntz Grosweybels und</Unicode>
                </TextEquiv>
            </TextLine>
            <TextLine id="r2l13" custom="readingOrder {index:12;}">
                <Coords points="1554,1409 1655,1395 1719,1435 1842,1383 1958,1381 2036,1413 2085,1390 2131,1411 2171,1381 2252,1373 2251,1332 2198,1349 2056,1312 2010,1354 1808,1344 1743,1370 1619,1368 1551,1327"/>
                <Baseline points="1559,1397 1593,1394 1627,1390 1662,1388 1696,1386 1730,1385 1765,1383 1799,1382 1833,1382 1868,1380 1902,1380 1936,1379 1971,1379 2005,1377 2039,1376 2074,1375 2108,1374 2142,1371 2177,1369 2211,1367 2246,1364"/>
                <TextEquiv>
                    <Unicode>Der weyblen miner s herren</Unicode>
                </TextEquiv>
            </TextLine>
            <TextLine id="r2l14" custom="readingOrder {index:13;} person {offset:0; length:11;} place {offset:16; length:7;}">
                <Coords points="1664,1555 1946,1510 2026,1520 2071,1549 2125,1505 2230,1528 2227,1469 2114,1452 2016,1488 1895,1469 1807,1492 1763,1453 1660,1467"/>
                <Baseline points="1668,1524 1695,1521 1723,1520 1751,1519 1778,1518 1806,1517 1834,1515 1861,1514 1889,1514 1917,1514 1945,1512 1972,1511 2000,1511 2028,1510 2055,1508 2083,1506 2111,1504 2138,1502 2166,1498 2194,1496 2222,1491"/>
                <TextEquiv>
                    <Unicode>Jörs müller von thonong</Unicode>
                </TextEquiv>
            </TextLine>
            <TextLine id="r2l15" custom="readingOrder {index:14;}">
                <Coords points="1535,1556 1549,1553 1559,1560 1569,1555 1588,1571 1632,1527 1643,1526 1639,1471 1625,1473 1610,1463 1568,1472 1529,1460"/>
                <Baseline points="1539,1533 1572,1530 1605,1527 1638,1527"/>
                <TextEquiv>
                    <Unicode>Ist</Unicode>
                </TextEquiv>
            </TextLine>
            <TextLine id="r2l16" custom="readingOrder {index:15;}">
                <Coords points="1525,1639 1640,1597 1682,1621 1739,1591 1849,1619 1890,1583 2031,1599 2083,1578 2141,1607 2192,1568 2231,1587 2230,1529 2075,1551 2027,1520 1952,1517 1859,1564 1790,1538 1522,1563"/>
                <Baseline points="1529,1590 1563,1587 1598,1586 1633,1584 1668,1583 1703,1583 1737,1581 1772,1580 1807,1580 1842,1578 1877,1578 1911,1577 1946,1577 1981,1575 2016,1574 2051,1571 2085,1569 2120,1566 2155,1563 2190,1557 2225,1553"/>
                <TextEquiv>
                    <Unicode>nn exwesen und underongen</Unicode>
                </TextEquiv>
            </TextLine>
            <TextLine id="r2l17" custom="readingOrder {index:16;} person {offset:0; length:17;} place {offset:22; length:6;}">
                <Coords points="1525,1669 1594,1663 1631,1693 1687,1652 2013,1660 2152,1638 2229,1682 2260,1664 2258,1599 2074,1616 1985,1589 1956,1614 1891,1582 1849,1620 1768,1596 1707,1628 1642,1600 1524,1640"/>
                <Baseline points="1530,1656 1566,1653 1602,1651 1638,1649 1674,1647 1710,1646 1746,1644 1783,1643 1819,1643 1855,1641 1891,1641 1927,1640 1963,1639 1999,1638 2036,1638 2072,1637 2108,1635 2144,1634 2180,1632 2216,1631 2253,1629"/>
                <TextEquiv>
                    <Unicode>Wilhelm Galandons von Marspe</Unicode>
                </TextEquiv>
            </TextLine>
            <TextLine id="r2l18" custom="readingOrder {index:17;}">
                <Coords points="1506,1734 1722,1714 1764,1737 1834,1696 1881,1736 1938,1707 1975,1736 2009,1715 2094,1737 2174,1699 2174,1678 2045,1648 1947,1684 1871,1656 1615,1696 1504,1662"/>
                <Baseline points="1511,1718 1543,1715 1576,1714 1609,1712 1642,1710 1675,1710 1708,1708 1740,1707 1773,1707 1806,1706 1839,1705 1872,1704 1905,1704 1938,1703 1970,1703 2003,1702 2036,1701 2069,1701 2102,1700 2135,1698 2168,1697"/>
                <TextEquiv>
                    <Unicode>den er angebe Im helffen ein</Unicode>
                </TextEquiv>
            </TextLine>
            <TextLine id="r2l19" custom="readingOrder {index:18;}">
                <Coords points="1540,1777 1692,1803 1730,1774 1896,1765 2154,1764 2188,1782 2225,1767 2225,1722 1880,1736 1822,1696 1729,1747 1539,1745"/>
                <Baseline points="1545,1770 1578,1770 1612,1770 1646,1769 1680,1769 1713,1767 1747,1767 1781,1766 1815,1765 1848,1764 1882,1764 1916,1763 1950,1763 1983,1762 2017,1761 2051,1761 2085,1761 2118,1761 2152,1763 2186,1763 2220,1764"/>
                <TextEquiv>
                    <Unicode>mort by Loupten verbring</Unicode>
                </TextEquiv>
            </TextLine>
            <TextLine id="r2l20" custom="readingOrder {index:19;} place {offset:3; length:7;}">
                <Coords points="1557,1847 1616,1822 1726,1855 1770,1825 1870,1865 1916,1835 1940,1854 2084,1828 2122,1856 2190,1834 2221,1856 2255,1843 2255,1792 2215,1775 1997,1813 1888,1771 1810,1815 1738,1775 1701,1803 1557,1802"/>
                <Baseline points="1562,1827 1596,1827 1630,1827 1665,1827 1699,1827 1733,1827 1768,1827 1802,1827 1836,1829 1871,1829 1905,1829 1939,1829 1974,1829 2008,1829 2042,1829 2077,1829 2111,1829 2145,1829 2180,1829 2214,1829 2249,1829"/>
                <TextEquiv>
                    <Unicode>zn Marzili bfffragen wie sy doch</Unicode>
                </TextEquiv>
            </TextLine>
            <TextLine id="r2l21" custom="readingOrder {index:20;}">
                <Coords points="1530,1931 1559,1914 1599,1938 1641,1897 1727,1889 1948,1921 2012,1897 2168,1906 2231,1888 2232,1864 2135,1854 2095,1875 2000,1833 1921,1878 1769,1825 1734,1858 1611,1831 1530,1861"/>
                <Baseline points="1536,1890 1570,1890 1605,1889 1639,1889 1674,1889 1708,1889 1743,1889 1777,1889 1812,1889 1846,1890 1881,1890 1915,1892 1950,1892 1984,1893 2019,1893 2053,1893 2088,1893 2122,1895 2157,1895 2191,1895 2226,1893"/>
                <TextEquiv>
                    <Unicode>zusamen. komen ein anderen</Unicode>
                </TextEquiv>
            </TextLine>
            <TextLine id="r2l22" custom="readingOrder {index:21;}">
                <Coords points="1551,1990 1610,1958 1770,1982 1899,1943 1920,1963 2090,1948 2172,1995 2243,1968 2243,1903 2185,1895 2096,1927 2047,1905 1910,1913 1875,1933 1815,1930 1777,1892 1693,1919 1592,1885 1551,1910"/>
                <Baseline points="1557,1949 1591,1949 1625,1950 1659,1950 1693,1950 1727,1950 1761,1950 1795,1950 1829,1949 1863,1949 1897,1949 1931,1949 1965,1949 1999,1949 2033,1949 2067,1949 2101,1949 2135,1949 2169,1950 2203,1950 2238,1952"/>
                <TextEquiv>
                    <Unicode>glertt bkhenen vnd wie es sich</Unicode>
                </TextEquiv>
            </TextLine>
            <TextLine id="r2l23" custom="readingOrder {index:22;}">
                <Coords points="1530,2035 1667,2016 1759,2045 1853,2021 1894,2053 1969,2049 2022,2014 2259,2018 2282,2010 2282,1965 2173,1994 1959,1962 1717,1990 1642,1958 1600,1993 1529,1994"/>
                <Baseline points="1535,2012 1572,2012 1609,2012 1646,2012 1683,2012 1720,2012 1757,2012 1794,2012 1831,2012 1868,2010 1905,2010 1942,2010 1979,2010 2016,2010 2053,2010 2090,2009 2127,2009 2164,2009 2201,2007 2238,2007 2276,2006"/>
                <TextEquiv>
                    <Unicode>nit dem gstelten so sy mitt einandern</Unicode>
                </TextEquiv>
            </TextLine>
            <TextLine id="r2l24" custom="readingOrder {index:23;} place {offset:3; length:6;}">
                <Coords points="1543,2094 1674,2072 1800,2108 1878,2075 2059,2064 2145,2066 2195,2100 2287,2073 2287,2041 2220,2019 2069,2044 2022,2015 1977,2053 1848,2033 1719,2050 1661,2016 1542,2049"/>
                <Baseline points="1548,2073 1584,2073 1621,2072 1658,2072 1694,2072 1731,2070 1768,2070 1804,2069 1841,2069 1878,2067 1915,2067 1951,2066 1988,2065 2025,2064 2061,2064 2098,2063 2135,2063 2171,2063 2208,2063 2245,2063 2282,2063"/>
                <TextEquiv>
                    <Unicode>by Louppe solmnt ermirt haben</Unicode>
                </TextEquiv>
            </TextLine>
            <TextLine id="r2l25" custom="readingOrder {index:24;} person {offset:26; length:5;}">
                <Coords points="1554,2141 1628,2171 1674,2141 1784,2169 1875,2128 2003,2151 2298,2145 2298,2101 2149,2114 2064,2064 2013,2102 1923,2086 1844,2116 1757,2084 1706,2118 1554,2096"/>
                <Baseline points="1560,2135 1596,2136 1633,2136 1669,2136 1706,2136 1743,2136 1779,2135 1816,2135 1852,2134 1889,2133 1926,2133 1962,2132 1999,2132 2035,2132 2072,2132 2109,2132 2145,2132 2182,2133 2218,2135 2255,2138 2292,2139"/>
                <TextEquiv>
                    <Unicode>zugetragt daruff gesagter muler</Unicode>
                </TextEquiv>
            </TextLine>
            <TextLine id="r2l26" custom="readingOrder {index:25;}">
                <Coords points="1527,2220 1886,2188 1925,2224 2015,2196 2068,2226 2123,2188 2175,2219 2273,2193 2336,2228 2335,2162 2266,2142 2151,2169 2026,2141 1789,2179 1674,2143 1635,2173 1573,2138 1527,2152"/>
                <Baseline points="1532,2193 1571,2193 1611,2195 1651,2195 1691,2195 1731,2195 1771,2195 1811,2193 1851,2193 1891,2192 1931,2192 1970,2190 2010,2189 2050,2189 2090,2189 2130,2187 2170,2189 2210,2189 2250,2190 2290,2190 2330,2192"/>
                <TextEquiv>
                    <Unicode>Eenzeigt wie das gedachtter galanden</Unicode>
                </TextEquiv>
            </TextLine>
            <TextLine id="r2l27" custom="readingOrder {index:26;} place {offset:10; length:9;}">
                <Coords points="1536,2261 1653,2271 1685,2249 1720,2277 1804,2254 1869,2286 1934,2248 2114,2297 2188,2253 2346,2267 2346,2225 2272,2193 2202,2230 2114,2196 2073,2226 1994,2207 1832,2233 1756,2205 1643,2227 1604,2203 1536,2222"/>
                <Baseline points="1542,2249 1581,2250 1621,2251 1661,2252 1701,2252 1741,2252 1781,2252 1821,2252 1861,2252 1901,2252 1941,2252 1980,2250 2020,2250 2060,2250 2100,2250 2140,2250 2180,2250 2220,2250 2260,2252 2300,2252 2340,2253"/>
                <TextEquiv>
                    <Unicode>vnd er zu Burgdorff zusamen komen</Unicode>
                </TextEquiv>
            </TextLine>
            <TextLine id="r2l28" custom="readingOrder {index:27;}">
                <Coords points="1539,2325 1573,2318 1620,2358 1676,2327 1742,2358 2002,2313 2061,2344 2170,2325 2235,2356 2327,2331 2328,2288 2243,2257 2117,2298 2090,2277 2016,2291 1935,2248 1880,2295 1764,2263 1717,2287 1540,2260"/>
                <Baseline points="1545,2309 1583,2309 1622,2309 1661,2309 1700,2309 1739,2310 1778,2310 1816,2310 1855,2310 1894,2312 1933,2312 1972,2312 2011,2313 2050,2313 2088,2314 2127,2315 2166,2316 2205,2316 2244,2318 2283,2318 2322,2319"/>
                <TextEquiv>
                    <Unicode>daselbste sy ein anderen glert bkhenen</Unicode>
                </TextEquiv>
            </TextLine>
            <TextLine id="r2l29" custom="readingOrder {index:28;}">
                <Coords points="1533,2395 1600,2371 1703,2408 1757,2381 1825,2414 1916,2378 2039,2410 2109,2377 2277,2421 2291,2364 2142,2353 2105,2324 2055,2351 1984,2326 1842,2358 1803,2337 1731,2359 1670,2328 1598,2359 1534,2333"/>
                <Baseline points="1539,2378 1576,2376 1613,2376 1650,2376 1688,2375 1725,2375 1762,2375 1800,2375 1837,2376 1874,2376 1912,2376 1949,2378 1986,2378 2023,2379 2061,2380 2098,2381 2135,2382 2173,2384 2210,2385 2247,2387 2285,2388"/>
                <TextEquiv>
                    <Unicode>da erdotzmaln, 4 taler gchern denn</Unicode>
                </TextEquiv>
            </TextLine>
            <TextLine id="r2l30" custom="readingOrder {index:29;} person {offset:3; length:8;}">
                <Coords points="1568,2450 1614,2438 1654,2471 1691,2447 1835,2444 1876,2479 1915,2454 2114,2494 2249,2446 2306,2473 2307,2417 2218,2424 2108,2376 2040,2411 1865,2390 1814,2425 1765,2388 1699,2410 1662,2378 1612,2412 1569,2407"/>
                <Baseline points="1574,2436 1610,2436 1646,2438 1683,2438 1719,2438 1755,2438 1792,2438 1828,2439 1864,2439 1901,2439 1937,2441 1973,2441 2010,2442 2046,2442 2082,2443 2119,2444 2155,2445 2191,2445 2228,2447 2264,2448 2301,2450"/>
                <TextEquiv>
                    <Unicode>er Galandon im gholffen vrzerenn</Unicode>
                </TextEquiv>
            </TextLine>
            <TextLine id="r2l31" custom="readingOrder {index:30;}">
                <Coords points="1536,2522 1632,2505 1676,2539 1753,2541 1818,2507 1886,2546 2037,2508 2257,2534 2265,2481 2176,2465 2114,2495 1937,2488 1901,2460 1869,2487 1726,2450 1649,2481 1622,2458 1537,2458"/>
                <Baseline points="1542,2501 1577,2501 1613,2501 1649,2501 1685,2501 1721,2502 1757,2502 1792,2504 1828,2504 1864,2505 1900,2506 1936,2507 1972,2508 2008,2510 2043,2511 2079,2512 2115,2513 2151,2515 2187,2516 2223,2517 2259,2519"/>
                <TextEquiv>
                    <Unicode>darnach spent sy mit ein anderen</Unicode>
                </TextEquiv>
            </TextLine>
            <TextLine id="r2l32" custom="readingOrder {index:31;} person {offset:19; length:8;}">
                <Coords points="1555,2568 1731,2596 1760,2573 2055,2576 2155,2585 2184,2613 2229,2583 2282,2589 2284,2550 2253,2561 2203,2528 2130,2548 2086,2514 2024,2541 1979,2516 1926,2548 1556,2529"/>
                <Baseline points="1560,2558 1595,2559 1631,2560 1667,2561 1703,2562 1739,2564 1775,2564 1810,2565 1846,2567 1882,2568 1918,2569 1954,2571 1990,2571 2026,2573 2061,2574 2097,2576 2133,2577 2169,2577 2205,2579 2241,2580 2277,2580"/>
                <TextEquiv>
                    <Unicode>alhar zogen, da er Galendon Inne</Unicode>
                </TextEquiv>
            </TextLine>
            <TextLine id="r2l33" custom="readingOrder {index:32;} person {offset:0; length:7;}">
                <Coords points="1559,2618 1701,2619 1869,2668 1944,2627 1986,2649 2217,2644 2266,2677 2269,2615 2234,2597 2141,2621 2091,2587 1915,2606 1779,2578 1720,2602 1632,2570 1584,2600 1561,2589"/>
                <Baseline points="1565,2613 1599,2615 1634,2618 1669,2619 1704,2621 1739,2622 1774,2624 1808,2625 1843,2627 1878,2627 1913,2629 1948,2630 1983,2631 2018,2633 2052,2634 2087,2637 2122,2639 2157,2641 2192,2645 2227,2647 2262,2651"/>
                <TextEquiv>
                    <Unicode>müllern alhie Inn der Star vmbh</Unicode>
                </TextEquiv>
            </TextLine>
            <TextLine id="r2l34" custom="readingOrder {index:33;}">
                <Coords points="1562,2691 1644,2715 1713,2689 1810,2720 1870,2701 1911,2723 1977,2690 2143,2744 2267,2719 2269,2679 2207,2678 2158,2644 2022,2672 1921,2643 1879,2670 1828,2644 1767,2665 1703,2621 1662,2656 1606,2624 1564,2639"/>
                <Baseline points="1568,2682 1602,2682 1637,2682 1672,2682 1706,2682 1741,2682 1776,2684 1810,2684 1845,2685 1880,2687 1915,2688 1949,2690 1984,2691 2019,2693 2053,2694 2088,2696 2123,2699 2157,2701 2192,2702 2227,2704 2262,2706"/>
                <TextEquiv>
                    <Unicode>gsthrcktn im sein meyen ze suehen</Unicode>
                </TextEquiv>
            </TextLine>
            <TextLine id="r2l35" custom="readingOrder {index:34;}">
                <Coords points="1551,2748 1681,2755 1713,2735 1780,2781 1828,2750 1921,2767 2033,2747 2066,2771 2294,2781 2295,2742 2259,2721 2142,2744 1978,2695 1909,2729 1785,2701 1604,2720 1553,2685"/>
                <Baseline points="1557,2738 1593,2739 1630,2739 1666,2741 1703,2741 1740,2742 1776,2742 1813,2744 1849,2745 1886,2747 1923,2747 1959,2748 1996,2750 2032,2751 2069,2753 2106,2754 2142,2757 2179,2759 2215,2760 2252,2763 2289,2765"/>
                <TextEquiv>
                    <Unicode>die er doch nit fundt, dem nach</Unicode>
                </TextEquiv>
            </TextLine>
            <TextLine id="r2l36" custom="readingOrder {index:35;} place {offset:21; length:8;}">
                <Coords points="1555,2794 1719,2850 1890,2812 2342,2842 2322,2798 2088,2792 2033,2747 1879,2783 1840,2753 1695,2784 1556,2754"/>
                <Baseline points="1560,2799 1598,2801 1637,2804 1676,2805 1715,2806 1754,2807 1793,2808 1831,2810 1870,2810 1909,2811 1948,2812 1987,2813 2026,2814 2065,2815 2103,2816 2142,2818 2181,2820 2220,2823 2259,2825 2298,2828 2337,2832"/>
                <TextEquiv>
                    <Unicode>vent so gestratk ger murttenn</Unicode>
                </TextEquiv>
            </TextLine>
            <TextLine id="r2l37" custom="readingOrder {index:36;} place {offset:16; length:5;} place {offset:26; length:5;}">
                <Coords points="1554,2892 1733,2894 1818,2862 1896,2886 2008,2874 2138,2920 2190,2879 2252,2873 2321,2911 2323,2842 1556,2831"/>
                <Baseline points="1560,2859 1597,2861 1635,2862 1673,2864 1711,2864 1749,2865 1786,2865 1824,2865 1862,2867 1900,2867 1938,2867 1975,2868 2013,2868 2051,2870 2089,2871 2127,2873 2164,2874 2202,2877 2240,2879 2278,2883 2316,2886"/>
                <TextEquiv>
                    <Unicode>zuzogen und von murex gan loupp₎</Unicode>
                </TextEquiv>
            </TextLine>
            <TextLine id="r2l38" custom="readingOrder {index:37;}">
                <Coords points="1527,2947 1648,2978 1736,2927 1899,2967 2026,2936 2205,2949 2277,2981 2339,2958 2340,2928 2251,2874 2160,2925 2008,2910 1965,2878 1905,2906 1783,2870 1682,2901 1529,2882"/>
                <Baseline points="1533,2928 1573,2927 1613,2926 1653,2925 1693,2925 1733,2925 1773,2925 1813,2926 1853,2927 1893,2928 1933,2929 1973,2931 2013,2932 2053,2934 2093,2936 2133,2939 2173,2940 2213,2942 2253,2944 2293,2946 2333,2949"/>
                <TextEquiv>
                    <Unicode>da sy unnd weg₎ inn einem dorff</Unicode>
                </TextEquiv>
            </TextLine>
            <TextLine id="r2l39" custom="readingOrder {index:38;}">
                <Coords points="1544,3034 1629,3001 1788,3045 1835,3010 1961,2999 2108,3019 2149,3056 2220,3018 2284,3023 2286,2982 2237,2996 2146,2953 2101,2977 2071,2950 1984,2973 1936,2939 1900,2968 1823,2937 1782,2969 1649,2978 1547,2954"/>
                <Baseline points="1551,3000 1587,2999 1623,2997 1660,2997 1696,2997 1733,2996 1769,2997 1805,2997 1842,2997 1878,2999 1915,2999 1951,3001 1987,3003 2024,3005 2060,3007 2097,3009 2133,3011 2169,3014 2206,3016 2242,3020 2279,3023"/>
                <TextEquiv>
                    <Unicode>zworgen gweßen ein er Mas wis</Unicode>
                </TextEquiv>
            </TextLine>
            <TextLine id="r2l40" custom="readingOrder {index:39;}">
                <Coords points="1541,3064 1677,3054 1753,3091 1913,3069 1969,3102 2120,3112 2159,3086 2201,3109 2272,3090 2323,3126 2326,3062 2264,3040 2148,3057 1972,3009 1873,3043 1828,3015 1790,3047 1732,3045 1643,3002 1543,3029"/>
                <Baseline points="1548,3051 1586,3054 1625,3055 1663,3057 1702,3059 1740,3060 1779,3062 1817,3063 1856,3065 1894,3066 1933,3067 1972,3069 2010,3071 2049,3074 2087,3075 2126,3078 2164,3081 2203,3085 2241,3090 2280,3094 2319,3099"/>
                <TextEquiv>
                    <Unicode>und darzu zwortzelhen ein greßten</Unicode>
                </TextEquiv>
            </TextLine>
            <TextLine id="r2l41" custom="readingOrder {index:40;}">
                <Coords points="1550,3132 1622,3161 1653,3140 1704,3154 1747,3121 1843,3158 1911,3142 2029,3180 2112,3168 2165,3204 2236,3167 2333,3194 2336,3129 2279,3100 2237,3125 2194,3104 2083,3118 2044,3093 1958,3114 1894,3078 1679,3093 1615,3067 1552,3089"/>
                <Baseline points="1556,3116 1594,3119 1633,3123 1671,3127 1710,3129 1749,3131 1787,3132 1826,3134 1864,3135 1903,3137 1942,3138 1980,3138 2019,3140 2057,3142 2096,3144 2135,3146 2173,3150 2212,3154 2250,3157 2289,3163 2328,3168"/>
                <TextEquiv>
                    <Unicode>muß ghert, Darnach wie sy bi</Unicode>
                </TextEquiv>
            </TextLine>
            <TextEquiv>
                <Unicode>iste mir dem mitlisten
und keinen stein uffzogen
word, wil sonst ni wich
ekhanlich sin mitze
muß ghandlen ze haben etc.
tag
vff, Zinstag dem 2 tag
Novembris im 1564 Jar. Iun
Begenwürttigkheit Herren
Elbrecht von erlach des ratts
Beundicht Zyssers der burgers
Hanns Schntz Grosweybels und
Der weyblen miner s herren
Jörs müller von thonong
Ist
nn exwesen und underongen
Wilhelm Galandons von Marspe
den er angebe Im helffen ein
mort by Loupten verbring
zn Marzili bfffragen wie sy doch
zusamen. komen ein anderen
glertt bkhenen vnd wie es sich
nit dem gstelten so sy mitt einandern
by Louppe solmnt ermirt haben
zugetragt daruff gesagter muler
Eenzeigt wie das gedachtter galanden
vnd er zu Burgdorff zusamen komen
daselbste sy ein anderen glert bkhenen
da erdotzmaln, 4 taler gchern denn
er Galandon im gholffen vrzerenn
darnach spent sy mit ein anderen
alhar zogen, da er Galendon Inne
müllern alhie Inn der Star vmbh
gsthrcktn im sein meyen ze suehen
die er doch nit fundt, dem nach
vent so gestratk ger murttenn
zuzogen und von murex gan loupp₎
da sy unnd weg₎ inn einem dorff
zworgen gweßen ein er Mas wis
und darzu zwortzelhen ein greßten
muß ghert, Darnach wie sy bi</Unicode>
            </TextEquiv>
        </TextRegion>
    </Page>
</PcGts>
