3024 4032
815 164 1574 477 r che
774 314 1573 524 schnyden sunst habe er eine
773 383 1520 629 der besten hnden ich
736 460 1549 720 fegenen wrnh
754 570 1240 726 ach von guede
708 770 1505 937 und alls sy von arwans komen
700 861 1508 1056 habe man sy beydt parklch
703 952 1544 1154 angnomen und ùbell gmarttertt ✳
709 1066 1478 1240 ist mitt dem eydt in sin heymett
691 1139 1117 1256 wervrspen
898 1246 1428 1405 vf Obbemeltem
1093 1366 1204 1468 tag
660 1406 1521 1619 Ist Hans Faunsis fraww zu
655 1559 1557 1724 der froumen keffen befrofft
696 1649 1516 1805 unnd fra glichs menns fur
686 1738 1437 1890 phalten wie ouch rem man
687 1840 1528 1961 dane es suh mitt dem fremer
681 1941 1510 2074 zutraff, te mitt der img
646 1997 1509 2161 frouwetn, so ir man schwaffer
663 2112 1530 2251 gmahtt ✳ ouf um das sr ettlish
601 2187 1520 2315 Wyber bunitborett ✳ und allso
624 2290 1511 2453 Am Hinristh Läben und wässen
654 2387 978 2532 fürendt
666 2490 1514 2657 Daruff sy disen bschleyden
676 2606 1517 2756 gebend, alls siy uff feschien
640 2690 1500 2840 S marttins tag zu dran hus
646 2789 1494 2929 wortt kommen, sye es den uff
618 2869 1506 3028 gristaß ahrt tag gsin. Da fhan
628 2965 1462 3108 dieselbe iungfrouw ins husz
606 3052 1496 3199 Jarnere groß, svyfte Er man
613 3146 1463 3270 Ins kint were si, mitt an
2566 123 2667 225 75
1730 250 2587 469 zeyg ob sy mit vorlefaren sy
1723 326 2529 513 da ettwas zyrts gethunetberten
1727 440 2603 600 da es mitt pingernd costen dan an.
1730 533 2663 698 derschwo zu gan mochtte, wellches
1737 625 2556 794 sy uß eorechttigen mutt zu
1740 694 2666 890 grmassen, das sy allso by den
1735 772 2607 957 ihrt tage im huß bleib, dan
1737 868 2619 1046 sy das pechan zum cheill das
1749 964 2647 1127 sy aun und weing zu irem
1740 1083 2313 1230 man brachtt habe.
1742 1196 2612 1373 der f frombden kinebottmen
1728 1328 2563 1451 halb, sye es ira leydt
1732 1408 2585 1530 das semlichs bschec, wollede
1729 1481 2558 1649 aber fürhin des abstan̄
1712 1683 2567 1855 des kromens halb wyger sy
1728 1782 2586 1935 an alls sey im flachs gefaren
1703 1871 2532 2029 da sye der selb kromer da
1688 1969 2636 2114 fur zoff uff obernampttem iufrtz
1696 2058 2663 2209 san Born̄ maritt und gshowen
1688 2149 2563 2282 Jannsi Wen witt mich hallen
1707 2232 2605 2382 da siy zu im gsprochen, seie sin
1709 2346 2611 2476 stras ziech were vr im erwas
1716 2432 2562 2572 schulldig were gutt Rehrt, In
1709 2514 2646 2673 dem alls er wider am heinwäs
1712 2614 2561 2722 khame er aber tob vnd wutten
1722 2684 2571 2843 vnd gesprochen er herr Fannsti zu
1700 2763 2545 2903 bern sin lingke gmahtt und
1685 2855 2623 3006 in verkaptt und schwure fast
1694 2947 2521 3092 ubell darin und wie sy
1700 3010 2564 3200 zum fust leß gwuße, schuuge
1700 3101 2610 3299 der der Frauer mitt beosen daß
