3024 4032
734 201 1560 462 ver enen te ihen
723 262 1609 578 dn se
732 382 1542 629 n den ir en ts degen
707 469 1544 724 hre h  eschen
712 567 1533 774 er soltee auch zu Im schmachen.
701 659 1572 876 spreche er er hotte mitt, In den
704 776 1600 1012 Er man die schoßgabten erwest
700 873 1540 1045 vnd ges dem fremer, da
692 958 1552 1151 Neme des Kremers tohterman
680 1038 1539 1224 die gaben ✳ und der kremer
674 1138 1555 1372 habe statts nach frem man pfochen
684 1232 1563 1445 Luffe ir man ins fus zum
674 1330 1553 1539 bielt vnd wurffe das nch im
682 1444 1462 1619 anders sye es mit ergans
645 1534 1528 1706 berett min in um̄ gnade
931 1763 1553 2014 uff Donnstag dem 21
678 1963 1590 2128 tag Brachmonats Im 1565
629 2067 1550 2221 jar in by sin herren Jacob
655 2148 1574 2314 mey ers des rarths un Abra¬
667 2259 1515 2401 Ham von Graffenriedtts
639 2327 1546 2486 Großweyffls vnd der wegb¬
671 2445 1499 2579 len miner 4. Herren
643 2594 1578 2806 Ist Fueratt Brauer alzie
566 2717 1547 2893 nn der Ckoffien befragt
584 2827 1482 2979 und im fürghaltten d
647 2914 1543 3046 wie das er mit seiner jetzigen
604 2999 1503 3161 husfrompen derwassen
622 3078 1496 3261 well sy (noch ire kind wider
2562 178 2663 290 76
1741 244 2646 472 Iro Lybs noch lebens seher
1750 389 2703 525 dann er nachts sein schwerdt
1753 462 2702 647 und das honpferkuf leye
1754 542 2667 714 ouch ii husz umbh louff
1760 664 2659 826 slich als ob er tomb sye zu
1743 742 2710 896 dem wir er sin ansfrou
1758 826 2697 984 tags vor den gesten zeche
1782 928 2691 1076 so by dem har in der stub
1712 1015 2708 1169 und herr wan sy schon solchs
1775 1110 2610 1267 mit verdient dessglichtn
1783 1215 2639 1343 schlache er ouch sur diennst
1775 1294 2699 1437 und haltts sisch geg₎ den gasten
1751 1386 2600 1513 das schier ne tmant by im
1794 1461 2664 1626 licher sye vnnd lassehiennt
1773 1567 2693 1723 groß schwur Louffenne lestere
1799 1647 2657 1812 also gott vnd wan man Inn
1757 1741 2678 1888 Dasrumb straff wil theye er
1778 1844 2654 1986 Der mas das niemant vm
1762 1920 2662 2083 Inn sich dörffe Darzu Jage
1755 2005 2687 2160 er sice stieffkind mit kueblen
1868 2113 2638 2264 dem hus sprechende im
1767 2209 2614 2324 ware Lieger die kinnd
1773 2290 2630 2404 war nit h und so kond er
1788 2363 2665 2523 zu Tod schlachen, zu dem
1779 2447 2639 2613 so zerwarffte er das Huß
1754 2548 2645 2707 gscherr, stecke sie schwerdt
1755 2642 2635 2807 ann die dilli izn der stuben
1760 2727 2581 2883 Kinde den solche vff
1762 2799 2659 2978 Den Enck neme Tanhallen
1774 2874 2620 3090 vff die achfhlen vnd zuhr
1762 2987 2633 3169 Also Im schachen vmb herr
1748 3090 2624 3254 ge das spnde nachure der
1721 3173 2640 3343 meyung so man mit darzu
