2048 1536
822 183 1145 255 henm vonn wagenn daße
852 225 1145 278 by einer Mätzennhe vonn
826 255 1112 306 etlicher blutsthanden
814 289 1111 337 wägenn im halsyßen
852 322 1148 365 stanndem, nächtliche wyl
828 349 1145 400 sy ir im husz gsin syr zeig
834 380 1156 425 er ann sy heige zund beschickt
837 407 1136 455 er söllen Iren ein brieff
828 435 1120 482 ann ir wann schrybenn
817 470 1150 513 vonn wägenn, das er ir beholff
825 494 1147 544 lich sye die kinder zu erzuchn
838 525 1142 571 mnderst habe er nitzit mit
828 552 1147 601 ir iur genomenn ✳ unnd sye gei
825 581 1157 633 vann ir uß dem husz gangen
810 651 1151 706 o denne dar glase
816 690 1153 738 halbenn das er soll gnet habenn
822 715 1138 766 er wete das sy zme ann offen
833 744 1147 790 fuyer Etraß vor allen mein
828 766 1141 818 elichenn zu wilenn wurde
835 796 1136 847 Ist er aller dingenn nützit
828 826 1142 870 bethanndtlich mit antzei
835 855 1132 908 is sye mer dann ein jar
828 878 1140 937 er nie by ir gewäßenn sy
894 973 1152 1023 mir där pfannderin halb
810 1006 1145 1057 zeigt er ann es habe sich
858 1033 1141 1085 zu thragenn alls er uß der
849 1063 1090 1113 Der daßimyristhen
845 1087 1150 1142 Feys zug usfrauwfrych
837 1115 1123 1166 shomenn habe sich etwan
838 1148 1126 1191 mit Er verkuffenn, aber
834 1174 1130 1230 sythär habe er aller ding
835 1204 1142 1254 nützit mit iren zuschaffe
848 1233 1136 1281 herrn wader wunig noch
838 1277 929 1311 dil.
1170 177 1517 245 sottem daß er by siner frau
1171 215 1511 266 wann am both uppige huenn
1187 241 1512 297 Liedli soll gesungenn habenn
1182 275 1502 321 ist er gar mütg anned noch e
1181 301 1510 360 schanntlich Es habe sich abe
1181 332 1517 395 begabenn, alls er etliche moll
1182 358 1504 426 heim Khomeen, heige sin fraun
1181 395 1508 444 allwägenn ein frauwen so b
1185 418 1522 476 im zu hußgewäßenn, sy fram
1187 451 1506 508 seth gehert darhalben er ein
1178 476 1532 544 groß beduren gehert unnd alls
1194 506 1511 562 denn morgenn fru uff
1196 543 1526 603 standen unnd inn afflentsth
1181 571 1510 628 wöllen gann bredigenn habe
1200 603 1529 658 in hußfrauw unnd die ghüßen
1192 637 1485 682 so by im zhuß gsin zeigen
1194 665 1532 719 gfägsiert unnd ime fürghalten
1199 692 1524 747 er sölle aber zu einen dirnen
1199 714 1517 774 gann, zu habe erschinpfflich
1193 744 1513 805 wyßgret er dörfftiß wor
1199 777 1504 832 thun  underst sye us nit er
1213 823 1289 857 sangeen
1204 864 1523 927 so dnme uswas unsach¬
1205 904 1535 954 er vonn eynach komenn ziigt
1202 934 1526 983 er ann, Es habe sich zu thragen
1198 956 1529 1021 daß e juren ein gngs purst
1215 992 1531 1033 im Nüwenn jar by ein ander
1199 1012 1535 1074 im würtshuß zächet, du sy
1208 1049 1546 1102 Ein wäberin mit irem vater
1211 1078 1531 1127 vnnd brudrenn ouch by Inne¬
1217 1097 1536 1162 isin ✳ unnd alls sy ein wil by
1211 1127 1529 1182 ein andrenn verhartt sige die
1209 1166 1535 1218 selltige wäberin mit inem
1212 1186 1565 1251 Vater vnnd Bruder heim gangen
1211 1221 1553 1280 vnnd habenn im sin hutlyver
1207 1259 1539 1311 bongenlich hinwäg dragenn
