2048 1536
534 23 929 118 vnse hatter keiner andere
548 73 920 159 uffhandlung bekandtli
543 102 914 175 i wöllenn, verneme
545 149 913 206 gantzlich, das se zu St. Gallen
549 178 922 249 gewasen und deß hatb innsprüi
556 205 917 281 Bitter vch nun 9. Herre
547 245 915 309 gantz trungenlich umb
555 280 912 344 gnad und verzychung
553 315 779 365 Ist an dem eyd ver
856 328 888 364 f
887 332 928 382 3 f.
703 339 886 391 Iri frin vom
743 374 812 417 Zuri
574 408 910 472 uff Mentag dem 27. tag hor
570 453 929 501 nungs im 15 78 jah ist laten
576 484 928 528 8 vonn Zürich ein dienstman
579 511 926 558 durch herrenn grossweibell
574 540 928 580 anmmann Schleyffenn Grich
587 563 946 616 schryber unnd michell Bindtheiri
570 596 943 649 Im korhuss allhie, exaimmert wor¬
569 633 937 698 unnd erstlich alls irenn für
585 679 943 726 halltenn wordenn, uss was ursen
575 708 944 759 sy Hanns Hübleren dem krit
576 723 936 798 by dem eydienet, denn beschlag
585 755 926 824 gurttell, wie er ab iren blag
584 785 942 843 genomenn, vnnd vernntruwett
595 837 635 867 habe
587 839 910 908 hatt sy anzeigt, alls sy da
583 876 930 929 vorgemelltem Hubleren En
591 900 938 969 zytt lang ze dienenn versprochen
581 927 931 995 hab er irenn, vonn wegenn
579 946 956 1021 iin ein andere innerkfrouw, sper
575 981 944 1048 Aruor geartzet gheett, vmb selbige
574 1010 925 1077 Arzetlann, dienenn wellenn
581 1036 938 1105 urtoubgegebenn unnd hinweg
590 1069 935 1143 schickt, da ey dann vermeintt
593 1097 947 1172 hann, Diewyll er irenn am
590 1122 947 1200 ursach, vor irenn bestunetem zu
592 1156 941 1226 urlaub gebenn, so stöllt er iren
598 1186 926 1251 den vollenn jarlamn bezallen
594 1207 947 1285 welliches er aber nit thun welle
598 1237 953 1312 ssonder irenn mir allei, den
587 1263 936 1344 konn nach Marchzalb des zytte
586 1302 930 1371 ußsgericht, vnnd werdenn laß
592 1328 943 1403 sölliches alles habe ey der fun
603 1340 957 1440 Tochter an der Matten (die sy
963 21 1366 115 Zürich Eekfennen leren) gerlart
967 61 1326 143 die hab by uffgwisenn unnd zu
965 80 1337 174 irenn gesprochenn, diewyll er die
966 109 1334 194 nit vollentlich will bezallenn E
974 135 1327 215 in im was dufeist unnd bezat
983 164 1349 241 sich selber, unnd so er nachwer
982 186 1347 270 etwas daruff machenn wurde, e
986 219 1334 302 agenn wellte, er ir meister
980 242 1361 326 Gübler, ( das doch nit stige) by ire
976 264 1373 361 shärenn were, daruff hab sy in
970 299 1363 381 leider ein besthlagnen wyber purten
982 330 1362 407 genomenn, unnd denselbenn vor
981 357 1352 425 anzegner furstinenn dochter, Zebe¬
983 386 1348 456 haltenn gegebenn, vnnd gebracht
979 415 1350 486 Die hab ira denselbigenn gurtel
992 442 1385 514 lls ey sonst anderer ursachen wegen
977 467 1385 537 hinwer geluffenn, mit samett zweis
993 495 1364 562 hembderen, so sy wra auch behalte
1009 525 1377 590 llein mit sich genomen vnn
1012 553 1369 610 edtragenn, alleo das syjen der
979 575 1385 640 Gürtell, vnnd die fembder verlor¬
989 603 1399 671 habenn mußse, Bitet vmb gnadt
991 662 1382 722 Darnach alls Herr Krcher zu Iren
988 694 1378 747 verordtnet, vnnd Irenn fürgehallten
1004 717 1392 766 wordenn, was ey Irem obgenemptt
988 746 1391 803 Meister Hanns Hullerenn wyther ge¬
996 773 1393 827 nomenn habe, unnd wo die beschlagnen
1002 798 1398 848 Mesber auch die Krallenn, so selbiger
1022 832 1414 877 eister, clage verlorenn haben, hinkon
1028 852 1402 904 nun die grundtliche warheit anzu
1047 880 1399 933 i vnnd wytherer Marter damit
1012 921 1121 964 furkhomen
993 956 1390 1017 hatt ey anzeigtt, unnd beffent, sy
999 996 1399 1043 habe, dheine beschlagne messer genane
996 1018 1387 1070 dannallen ein bstetki klein ffinde
1004 1050 1387 1096 meser, die iren ir frouwistonst ver¬
1002 1057 1420 1125 heisenn ze schanckten die hab eyletstliche
1005 1108 1396 1155 alls iren ir frouw die sonst nit
1011 1137 1390 1182 benn, vernntrüwet, vnd genomenn
999 1167 1367 1214 der carallein halben zeigtt sy am
1005 1198 1360 1240 Ebsigenn gar klein wallenn gst
1012 1223 1363 1272 und dero sowenig, das sy trenn
1003 1252 1401 1307 allein einmall vmb ein finger reiche
1012 1281 1380 1331 ögenn, die hab sy auch genomenn
1000 1310 1398 1362 abler obgedachter fuchtmenn dochte
1002 1338 1408 1391 hab iren das alles oberlütherden se
997 1360 1370 1427 mit etlichen leidere endtragenn
