2048 1536
840 187 1160 272 Allß namlichenn, wie das
849 237 1143 287 Burckart müler ein vn
803 259 1150 332 sye vnnd schuldtrage, daß si
848 297 1157 349 Schweste Latin mile
861 330 1162 385 allhie us der insell ent
855 365 1137 423 ediget unnd usgfang
848 396 1165 453 schafft konen syn, danin
852 431 1162 494 vonn einem arttull zum
847 460 1146 528 anndrenn die gruntlich
837 495 1151 550 warheit annzuzeigenn und
851 529 1145 590 zu bekhennen, wie sich die
829 558 1151 615 pachenn zu thragenn unn
837 596 1133 652 verlüffenn habenn, ec.
816 673 1139 745 Daruff er erstlich zun
847 729 1143 772 hienach volgunder meinn
831 753 1158 808 antzeigt unnd geanntwur
834 782 1147 841 Es habe sich zu thragenn
823 818 1157 875 er vnnd sin hußmann Jaco
864 846 1145 901 chmid der Steinhauw
810 864 1157 932 uff einem zinstag allor
840 909 1142 952 im diestat gangenn und
852 933 1135 985 gmnt in wylenns gsin de
840 960 1143 1007 sällbigenn tags widerum
849 994 1156 1043 heimzuwisenn, dann sy vo
885 1017 1145 1069 ölichpin zachenn gar unn
843 1050 1127 1101 ganntz mitzit gewüst
846 1082 1142 1129 dann sy sunst allhie in der
843 1113 1118 1159 stat zu schaffenn gheptt
829 1122 1119 1186 unnd allß sy allsie in den
834 1168 1122 1214 stat unher gangenn habe
831 1193 1151 1240 Er mülee zu einem gespanen
822 1223 1142 1275 gseit, er möchte noch wol ein
816 1248 1153 1303 mal mit siner schwesr thaten
819 1282 1147 1325 müleein redenn, dann er nit
815 1307 1135 1361 wüße wenn er mer mit in
834 1338 1121 1391 hone redenn unnd zu ir
819 1368 1109 1421 khomenn uff das sygen
1227 215 1566 266 zwenn mit einandrrn inn
1200 244 1511 293 die insell gangenn unnd hale
1206 274 1501 323 nit zuegret unnd alls sy an
1194 298 1519 348 klein by in gsin sige ein frauw
1204 329 1548 382 emen vnnd habe siner Schwester
1189 355 1512 409 ein suhenn bracht, da sigen s
1207 383 1512 432 an der stubenn uncher gangen
1175 413 1530 469 zen habe die frouw sy vermant
1198 442 1540 500 nit siner schwester fupen zu äßen
1200 475 1526 523 unnd alls sy zuhin gangen unnd
1198 501 1511 548 n klein supenn gasenn und
1182 534 1507 585 alls sy hinwag gwöllen syge¬
1184 564 1532 618 shauly Liti siner schwer
1194 598 1523 646 ster mann auch inn die stihen
1193 637 1516 689 komenn unnd sigenn sy hinwag
1188 667 1543 721 gangenn Lüdt sye aber hinder
1182 703 1532 752 innen da blibenn düsigen sy ein
1189 727 1472 779 herr uff den platz ganz
1189 760 1517 811 unnd sige pshauli Lüchig
1188 793 1525 846 zu inn kamen ✳ unnd sy gfragt
1198 820 1523 876 ob sy heim wölenn unnd alls
1187 854 1535 911 sy ja gseit habe e gseit wie
1183 885 1505 939 weitt gan ein mach druncken
1181 917 1520 976 Zu sigen sy uff sin begärn mit
1184 951 1501 1005 im zum raffengangen unn
1185 982 1505 1035 habenn deymas druncker
1179 1019 1494 1075 daß sy all dey wol bezacht
1195 1053 1487 1109 wäßenn, unnd alls us gäge
1184 1088 1481 1140 dem abent gsin, seite gedan
1185 1113 1499 1165 Züey Jacob Tychmid sots
1191 1146 1490 1196 sy im uun derstat blyben
1178 1173 1499 1229 dar halbenn ergeantwurttet
1191 1204 1499 1260 wolle nit by in belibene
1182 1234 1497 1285 Buerkhart müler blybe dan
1181 1264 1523 1321 ouch by im ✳ du syge Lùti von
1182 1298 1517 1356 innen gangen unnd glich angant
1185 1330 1503 1377 derum zu iumen kamen unn
1173 1350 1502 1415 ude eins seil kehaufft und mit
1175 1385 1501 1443 Im darbracht unnd zu iemmen
