2048 1536
471 1378 504 1423 3
676 126 1028 204 sy stäts aun im gsin mit anläsig
687 166 1016 223 wonttennn, vnnd alls er einman
700 195 1008 254 mnd ab dem vollt komenn ✳
690 223 1013 287 ann hin buw ganngenn zum
689 259 1025 327 zoruwenn syentt die zwod
706 295 1025 363 renn zu im komen ann sin bes
696 324 1032 386 senne u sinem schlaff ein
717 361 1026 427 er habe aben sy stäts gepaten
719 392 1026 453 zumme Ruwyge ze laßenn, ds
712 430 1031 493 labe aber ann zunen nit mege
709 460 1037 520 brsthießenn, dann daß sy zue
708 495 1032 550 alls ein Jungenn derhafftig
718 530 1032 589 nönntsthenn, darzu veranlaffen
717 567 1024 615 unnd annlag gabenn ✳ das er
707 597 1016 645 beidter mitt inmen zweyenn
722 629 1021 679 Schwestrenn denn morgen
719 657 1025 703 für dag alle sy zu im ann
729 681 1025 729 in bott kommenn ✳ mit iumom
708 709 1020 756 in zu bamenenn gangen in
714 740 1025 785 wöllicher ir stipff vatter
709 768 1029 819 pitter Blauffer geschlaffenn,
718 799 1023 841 unnd sy allda ann zerem bet
722 826 1022 876 allenen bedenmn beschlaffenn
724 860 1001 903 s aber petter Blauser d
720 884 1010 932 gehörtt soder nit, daß sich z
720 918 1013 963 nit inn weißenn, deshin
719 948 1007 994 tag zwcgenns hafs ✳ habt er
708 973 1011 1028 Hanns Stänsi einem meyste
708 1011 1016 1053 argtzächenn ufundt ein jar M
721 1036 1024 1085 dendienue ittem sächs pfand
721 1064 1021 1109 ächs pfbatzenn unnd fünfft bat
714 1089 1006 1135 ouch szwen batzen für unnd
709 1123 1010 1164 geliehenn, vnndt petter Glau
715 1147 1016 1196 gelichen alls sie frauw gestert
715 1178 1015 1227 zwo bronen ✳ daran er im v
712 1210 1009 1252 ewärtt, ittem gemollten Stan
702 1237 1005 1283 syn ime noch deybar sthu und
702 1262 1014 1308 ein fontag zeinli ze thun unnd
711 1290 1000 1338 schuldig fyr, danan habe
699 1316 1027 1365 sin ein pfundt ✳ und ein zwilr
714 1348 941 1399 barhoffenn gewärtt
1083 111 1389 184 dalls er allda zusfelltigenn
1059 152 1380 230 auff ey einem aufdren meysten
1062 183 1379 254 gdunntt unnd ynnen stäts
1061 212 1379 285 si vgstendne bthult gehonsthenn
1074 243 1360 307 wenn sy im scherroüw wenn
1056 268 1388 346 Er sy nit zeruwenn vnnd zefriden
1067 303 1386 375 laßenn wölle, so wöllen sy in
1067 335 1372 403 splachenn, ✳ daruff er uffeuch
1065 366 1391 442 s in forstht sy zimmen schlachen
1064 402 1363 471 ver In die schuldt Heusthei
1062 432 1382 490 unndt shinwäg in solethnrnn
1074 466 1396 526 stzogenn vnnd allda gedienet
1071 589 1373 646 ff oogemellttem tag ist auer
1061 628 1360 690 Amj Stousinenn inn der
1062 657 1385 716 mannen roffi befragt unnd inne
1063 692 1395 758 fürgehaltenn wordenn, wie das myn
1070 722 1396 778 herrenn unnd obrenn die gruntl
1071 763 1382 814 verheit vonn iren wüshenn
1068 793 1412 836 völlentt wie unnd wöllicher gstallt
1067 824 1391 872 sich guitt Bennicht Esthauge
1068 859 1397 909 by ir Srieff vatter gediennett
1075 897 1233 944 erganngenn habe
1067 960 1369 1018 daruff sy annzeigtt, Es hyrmitt
1068 996 1385 1043 minder dann dazs er syenn vnnd
1067 1027 1384 1072 ir sigwosten wollheitt faͤlig
1073 1057 1375 1104 alls sy by zurem srieff vatter
1077 1088 1373 1137 z hauwnnthafft zu ir bott
1068 1115 1361 1165 wyter beschlaffenn habe unnd
1075 1144 1403 1195 ir ein shindt gewunen wöllihes
1072 1179 1361 1223 sh ium labenn unnd ers einen
1079 1211 1379 1254 nn göbenn, vnnd belaune
1078 1238 1373 1282 chwesten Wollheitt sye aber
1081 1267 1379 1317 har zu Jegistorff gestorbenn
1077 1294 1410 1352 ett ich mins y herrenn umb gnad
1081 1320 1259 1386 vnd vrziehung
