2048 1536
695 136 1003 203 vff obermelltem tag, vnnd
707 171 998 217 auch ingegenwirtigkheit verd
715 193 817 232 serrenn,
854 196 1015 250 Ist auch Miheli
702 213 1011 273 ein müllerknächt purtig uß
696 249 1008 303 Schurgoüw mitt wortenn esai
676 294 977 354 end vff namblich vff anhalltn
744 334 996 376 eim Meggers, warumb
701 360 1007 409 sinem meister Ottmar Spiege
703 388 1004 436 dem müller zu wychenmoss,
705 417 1020 459 eines truwenn diensts s vnn
705 443 1022 493 unangesechenn, das er selbs ein e
709 470 1008 514 wenn habe, die er verlaßbenn,
712 501 1000 540 im eewybendtfürt, da auch
702 525 1007 571 höchstettenn, da sy gfangen wor
708 555 1019 605 fürgebenn, sy erlüchsigenn und
703 584 1004 635 auch wo sy mit einanderen hun
712 614 1014 661 vellenn, denn grundt der wache
703 640 803 685 zebekhenn
705 678 1002 729 Daruff Er anzeigt Es sige nitt an
699 714 998 754 alls er ein zytt by vermelltem
700 738 1014 784 Meister gedienet, vnnd derselbstel
702 766 998 814 anheimbsch belibenn, habe er sich
702 789 980 841 wer doch uff ir antrib eine
712 823 974 863 der zwey mit irem vergan
702 849 1004 893 das er y aber im sin söll shan
711 873 995 918 sy mit im finweg zefurenn.
698 904 991 943 gentzlich nit, hab auch das nie fürg
703 926 993 972 aber es habe sich begebenn, alls er
703 953 1004 997 urlaub Hann unnd wandtl
690 980 998 1031 wollenn, habe sy zu im gesprechen
685 1008 1004 1055 unnd inn gesätenn, er söll mirß
690 1039 998 1084 tagwartenn unnd irenn hellfe
690 1065 999 1110 irecleider tragenn, dann ey au
683 1095 1002 1137 gesumet. Diewyll ir man galls
694 1122 1002 1170 gut verfann, noch södts liederlich s
694 1151 999 1197 auf e einross fieuor gesollen hat
681 1176 993 1222 sölle von ine in ir henmet
682 1204 990 1251 Thienstein zum sollahneuer piet
677 1228 995 1272 zuffnn, damit er iren auch nit zr
679 1253 996 1304 leider, die sy nach vorstendts habe
687 1279 989 1330 doruff er irenn gwillfaret und
1036 141 1378 212 wrenn die fleider hellffenn trag
1063 166 1407 228 in er esmett were, ettwann daselben
1038 191 1409 264 ein meister zesuchenn, sonst sih er keine
1050 220 1407 280 derer gestallt, mit Irenn gezogenn,
1046 241 1404 313 Es aber Eybeide zu höchstetten, für¬
1056 273 1391 336 unn sysigenn erlüch, das hab er
1041 299 1392 366 alls der fryweibell by gefragt, zum
1047 323 1413 394 itenn bekhendt, doruff er Iren nachs
1040 362 1385 423 ellert unnd selbige nacht by irenn
1044 392 1366 454 geschlaffenn, das siy im aber vo
1050 413 1422 469 onenn leidt, begere demutigklich gnodt
1038 446 1400 504 woll sich fürtein Iren vnnd anderer
1038 482 1263 539 lasterenn endtzüchenn.
1029 520 1357 572 einer frauwenn halb zeigt eran
1037 549 1348 597 diesig vonn lonwyll unnd alle
1041 572 1346 624 er zu langenthall dienet, hab e
1041 605 1355 656 bygenomenn, vnnd mit iren In
1041 632 1358 679 im fennat gezogenn, alls er aber
1043 652 1388 702 nit vermögen by iren sadts im fusts
1048 682 1364 734 wonenn, sonder mithin zwienen
1039 712 1361 761 sige sy unwillig worden und von
1032 745 1363 790 fur hinweg grlüffenn, allso das er
1044 771 1384 822 it wüssenn möge, wo sy hinkhomen
1037 806 1111 846 stige etc.
1033 872 1337 925 Vlycher gstallt ist ouch die frouw
1036 909 1331 950 Anna vogler befragt worden
1038 933 1362 977 warumb ey ir geman allso ver¬
1033 961 1334 1005 lassenn, vnnd mit dem Knächt
1042 988 1353 1041 enweg zogenn sige, die warseit
1027 1014 1128 1056 anzezeigen
1027 1050 1337 1116 daruff by anzeigt, gedachter In
1027 1087 1360 1144 bemann mit liederlichem hußshalten
1032 1113 1350 1174 wrall ir gutt verthann habe, jaau
1040 1145 1382 1198 hab er ann einem ort ein roß endtfröne
1035 1166 1371 1227 darumb sy irenn (alls ien aber ein
1041 1200 1358 1255 jeder fünff hinweg) fürgenommen
1027 1223 1364 1287 wellichs irenn auh gut lüch gerhaten
1032 1249 1368 1315 Ileider zenän unnd in ir Hennat
1032 1285 1360 1363 züchenn unnd habe allso den brch
