2048 1536
695 131 1028 194 tpill by inenn gehertt ✳ unnd
708 162 1007 212 Die weibell  die sy ingel
715 192 1007 245 lichs gwüßt, unnd inen d nan
723 223 1022 288 der lenge nach grundt der wache
726 248 862 296 anzuzeigenn,
712 288 1016 346 daruff Er anzeigtt. Allsan
714 327 1025 377 vor einem jar auch allso eine
729 356 1027 404 Inn vermelltem thurnn pfang
720 384 1016 435 glegenn, habe Mellcher pei
723 413 1019 454 der trometter, so by inen war
733 440 1027 489 ie mockenn gesprochenn, er syl
732 471 1024 511 nitt im ganner well imette
715 500 1019 544 zeigenn unnd alls ey hinab
715 522 1022 571 urenkhomenn, habe gesagt
721 556 1018 599 Mellicher ein laden an der thilt
729 585 1027 630 schepft, darnach ein büscheliste
733 614 1028 656 ngezündt unnd das hinabfaren
730 643 1031 686 astenn, daby sy fry sechen mö
723 670 1016 708 wie es dauidenn gwäsen, dess
730 695 1010 739 Nob vonn wegen d er eur
721 723 1028 765 Eysigenn zu nidereft ii thurn
721 758 1025 800 uff dem härdt) sich höchlich vn
766 782 1029 819 ideret etc. Vnnd alls er
732 808 1016 849 nun abermalenn leider dahin
726 835 1010 878 hab er daran gedacht, hinab
720 864 1018 908 gezogen, unnd als angfärdt eit
726 890 1013 933 da gestandenn, hab er auch einb
729 919 1015 960 struw angezündt unnd inmei
720 942 1022 988 wie vor, das nütt böss darus mit
733 973 1009 1015 sollte, dasselb hinab geworfen
721 997 1018 1045 daruss dann diser unfhall de
723 1026 1011 1068 im vonn härtzen leidt) endts
714 1053 1005 1107 unnd sonst khöndt er desbei
708 1080 853 1133 beschuldigenn.
717 1118 1015 1171 ess übrigenn halb wärlich
709 1153 1002 1197 geheett oder fürzüg hin
720 1175 1015 1226 ragenn habe, sige ime eigent
709 1203 1013 1246 nitt zewüstenn, Aber alls zn
709 1239 983 1279 ein theill zum schmidenn.
711 1263 1021 1308 gästenn unnd petter flückiger
703 1287 1015 1339 dahin khomen ze fragenn, wan
702 1320 1006 1370 fertig unnd funff züchenn w
1044 153 1406 225 fabe Linrach Cläri, so aucf by inen
1050 175 1405 249 gwäsenn zu imgesprochenn, Es sie
1056 197 1409 261 ein bursts daobeim bunthuren, die
1059 222 1409 289 söll fr (Diewyller grodt die wacht
1049 250 1404 316 vffruffenn mußte, hinin lasben, s
1050 280 1391 345 well dise baldt nacherbringen, etc.
1062 312 1408 374 Elss sy nin auch fertig waren, sige
1050 335 1407 394 sy mit Cünrach Gläri, der ein liecht
1049 368 1403 426 im der latternen tragen, und ine
1052 393 1409 457 dochkens angezundt, hinnff gezoge
1057 422 1411 476 und alls ey dahin khomen, habindt
1050 448 1406 511 Eyeinbursts, so liechter gehest, vnnd
1050 478 1396 528 mit bartenn gespilt scham dobeim
1077 502 1381 553 indenn, derd er doch nit geacht
1052 530 1363 589 sonderglych den thurn hinab,
1051 562 1399 622 siem unspal gezogen, allso das er
1058 594 1398 643 eigendtlich kheinen, wüsse zenemen
1050 617 1417 668 dann Ludtwig Thierstein den stein
1062 646 1390 694 auwer, Es sih auch ein brätspill
1058 673 1391 723 dobeim glegenn, er möge aber nit
1060 705 1405 751 wüsenn, wär das hinnff getragenn,
1043 729 1429 778 Erwustte auch nitt, wär die cartenspill
1062 763 1405 808 chept, noch auch wer Inen liechter geben
1050 786 1399 836 oder ob die weibell söllichs gewüset
1050 819 1391 865 oder nitt e ey elich under inen
1051 846 1402 891 habindt auch kertzenn geheßt, wär aber
1060 874 1394 917 diestigenn und ob fürzüg dorby
1047 902 1400 951 gwesenn, köndt er eigentlich nit sagen
1050 940 1376 990 der spysshalbenn, sagt er Hann
1039 968 1414 1016 Thidtliger der Jung der hoffengesber
1047 992 1407 1044 hab ein gesodtne hamann gehest, der
1054 1023 1410 1076 sis auf in der bursts sin, so zum schmidn
1059 1050 1398 1103 acht gesenn, die heigennoh ein
1060 1078 1391 1128 eme fläschenn mit wynn mit im
1057 1109 1392 1164 etragen, ob das die weibell gwüstst.
1054 1132 1382 1200 der nitt, Er eigenlich nit sogen
1054 1158 1094 1208 i
1062 1197 1361 1267 Bittett hiemit uon B und
1069 1248 1393 1300 verzychnung und will sich fürt.
1061 1266 1350 1330 hin sollicher sochen müßigen
