3024 4032
162 29 225 148 6
265 55 1164 338 und usegossen wöliches im nu
278 191 1144 449 von genzen leych hab ouch
272 268 1194 564 von stund an den venner schongetzy
272 402 1155 617 zu demptrigen als er ims
276 474 1128 727 für gfallen umb gnad pätten
266 621 1124 857 Bitte ouch nun gnädigen herren
282 723 1164 951 umb gnad unnd verzychung
274 862 1173 1031 dann es im von grunde
295 940 1150 1142 sines härzens leydt
287 1043 1089 1236 Es hab sich ouch wenacher
286 1165 1184 1360 eerlich unnd redlich ghallten
268 1274 1189 1441 inmass das (ob gott will)
285 1387 1177 1503 niemadts nützit böss wüsse
292 1445 1190 1584 von im zuo sorgen sonders
289 1526 1198 1679 alle die denen er bkhanet
272 1605 1095 1746 on zwyffell ime sines
302 1719 1180 1843 wandels und wäsens ein
281 1778 1226 1938 wum gäben wurdent
285 1912 1222 2062 ist ninezt lär uffzogen
306 2023 600 2123 worden
573 2050 1035 2189 mittwuchen 28 aprilis
272 2121 1107 2296 uff frytag abgethanen
260 2224 1229 2371 inne hinuff inns nider syben
279 2312 1162 2455 thaal zeschicken alda harumb
299 2380 1202 2543 ein eneschlach ums zech nudt
262 2466 1177 2625 unnd dannentin mit dem
303 2579 1197 2736 eyde von de gnädigen türsches
306 2666 1152 2789 unnd welsches lands
291 2747 950 2886 verwisen zwerden
2263 30 2337 184 7
1403 196 2347 394 uff zinnstag dem xxv a apprellens
1359 284 2339 462 im xvt unnd lxviiin iar ist vom
1392 362 2349 524 herren Grossweybell Gallus Waldis
1352 417 2367 616 inn der innsell exaniniert worden
1369 550 2364 725 Magredt Meyerin von Burgdorff
1378 654 2394 822 wölche Marti Fuchs der schumacher
1372 772 2344 924 nach siner schidigung ongeuarlich
1385 867 2268 997 vor zwoyen iaren unnerloumpt
1374 950 2386 1102 zu der ee gnommen hatt
1383 1028 2322 1181 wägen inn zu Burgdorff den
1389 1127 2343 1277 kilchgang mitt ira zechund nitt
1387 1200 2378 1369 zugelassen sonnders inen angezeygt
1393 1308 2346 1463 wie das ir zusagung unnd by¬
1401 1380 2320 1539 wonung khein ee sin mög uff
1397 1484 2332 1623 das sy befragt wie obstadten ob
1408 1573 2359 1724 genannter Marti Fuchs ira an¬
1411 1653 2343 1806 gezeygt unnd fürghallten habe
1425 1767 2378 1905 das er umb iren eehandell gan
1400 1840 2351 1988 Bern für min herren die eerichter
1421 1922 2388 2064 keeren wöll unnd ires entscheyds
1427 2009 2308 2150 hierüber zuerwartten oder ob sy
1439 2089 2393 2217 sunst von desswägen alhar ritiert
1436 2176 2312 2299 worden sye oder nitt dann er
1433 2249 2337 2416 Marti ufe fürwennde er habe
1421 2366 2390 2506 irer beyden yetz berürten handell
1430 2445 2372 2607 minen herren des eegrichts für¬
1433 2513 2381 2668 tragen mitt anzeyg diewyl er von
1411 2613 2382 2762 ira abgstannden da habent im
1436 2715 2368 2848 vorgemannte herren vergönnt
1424 2784 2424 2972 sich mitt siner ersten abgescheyd¬
1442 2875 2427 3066 ner zebetragen das er dann gethan
1432 2945 2436 3143 unnd sich mitt derselbigen widerumb
1393 3031 2362 3227 inn eeliche hußhaltung begäben
