3024 4032
3 102 42 154 2
53 85 1111 343 unnd unangsechen das er mit rächtlich
117 233 1094 385 von der Margeredt Meyerin gescheyden
129 296 1136 525 sich widerumb mitt Verena Schmutz siner
137 385 1096 596 ersten abgescheydnen verwagen, unnd
117 532 1097 733 sich huses hablich gfry by dem er ouch
136 672 1082 781 nitt bliben dann das er abermals
131 761 1095 903 die selbig hie lassen sitzen unnd er
79 852 1062 1013 disen verruckten wyntter sich zu der
127 974 1123 1101 vilbemellten Margredt Meyerin gan
137 1050 1118 1191 Bütikhoffen verfuegt zu iren offten
158 1152 1110 1292 malis uss unnd ingangen das aber
149 1232 1143 1387 die so sy behusen unnd ghofen hand
156 1336 1104 1469 kheins wägs gestatten hatten wo
159 1420 1129 1553 sy nitt denselbigen fürgaben beii
171 1526 342 1601 zusin
83 1592 1150 1754 uff semlichs gibt er den bscheyd
190 1718 1107 1862 Es hab sich zugetragen nach dem
215 1811 1138 1929 er vor dryen iaren alhie von siner
216 1874 1216 2026 ersten abgescheyden hab er geennent
213 1973 1113 2120 woln gwollt ze haben sich mitt
195 2054 1210 2206 einer annderen frouwen zeuersorgen
199 2152 1189 2313 desshalb er zu Burgdorff die Mar¬
213 2259 1119 2403 gredt Meyerin ein mal zu der
175 2330 1116 2476 ee gnommen als aber inen
233 2418 1207 2593 der kilchgang verspert unnd man
198 2516 1227 2681 sy abgwisen sige er mitt derselbigen
239 2603 1178 2769 ettliche tag in Solothurner piett
249 2666 1196 2853 gezogen sich erinneret unnd be¬
257 2774 1196 2946 dacht diewylen nach miner gnädigen
247 2856 1233 3058 herren ordnung ir versprächen
275 2934 1200 3108 mit möchte ein er sin wölte
268 3045 1233 3172 er nitt von iratwägen sin vatter¬
283 3102 1209 3302 land myden sonnders sinen fäler
1107 3241 1198 3312 nun
2240 -3 2278 47 3
1270 55 2301 266 minen gnädigen herren des eegrichts
1280 122 2343 347 anzeygen uff das sig er vor einem
1259 204 2343 429 iar für chorgricht alhar khert unnd
1274 300 2323 509 den herren anzeygt er sige von der
1304 349 2358 573 Margredt Meyerin der ee abgstamde
1292 443 2389 669 wäre die herren wie er sich mien wyther
1283 584 2340 780 hällten söllte ob er nun nitt möchte
1306 638 2341 840 sich mitt Verena Schmutz seiner ersten
1295 720 2335 887 frouwen vertagen daruff sigs imme
1325 823 2363 989 der bscheydt worden das mög wol
1330 911 2321 1097 sin unnd imme von den eerichtern
1330 991 2346 1186 alhie zugelassen sya widerumb zunem¬
1338 1095 2331 1288 men wythers unnd annders sig im
1339 1179 2283 1340 nüt zugemutet das er söllte die
1354 1286 2366 1411 Margredt Meyerin vorhin alhar ritier
1352 1351 2370 1505 lassen dannenthin als er mit
1335 1447 2356 1594 ira ettwas zytts alhie hussghalten
1367 1541 2335 1653 unnd aber nitt vermögen die gsell¬
1347 1617 2324 1758 schafft damit er für sich selbs ein
1352 1687 2340 1836 meyster wäre an sich zuokhouffen, sich
1354 1783 2374 1923 er widerumb uff s land der stör nach
1358 1869 2384 1992 zogen, unnd hab inn also der unfagt
1358 1951 2376 2087 abermals zu der Margredten Meye¬
1366 2024 2385 2157 rin gan Bütikhoffen tragen mitt
1357 2090 2348 2225 ira gfällen die ime ein khundt
1379 2179 2345 2312 gäben, aber doch dessemaln khein
1361 2248 2313 2396 zusagung gethan, noch ye der ee
1358 2332 2324 2475 anere gedacht ouch sölliches var
1372 2443 2383 2596 niemanns fürgerrandt das Kindlin
1378 2511 2403 2705 ouch mit für eelich lassen touffen
1356 2633 2408 2816 Die schidigung uff 9. meyen 1565 iar
1399 2755 2364 2889 gan Burgdorff gschriben dem Schultheyssen
1394 2847 2354 2973 wann sy wölle ledig sin möge sy har khon
1403 2898 2418 3046 dann es khein ee sin möge am 26. iuni
1381 2972 2419 3156 im 1566. iar uff 23. herpsts im
1383 3049 2419 3219 1566. er vor chorgrichten anzeygt
1392 3128 2425 3262 wie er von ira abgstanden ime vegin
1406 3193 2281 3332 die erste widerumb zenemmen
