3024 4032
159 22 217 133 8
264 76 1173 320 dergstallt ettwas zytts alhie inn
263 204 1197 416 der statt by derselben verharrett
254 301 1153 518 Das ira Margredten woll sölles
268 406 1206 639 zu wüssen khommen unnd khundt
271 459 1136 681 than worden sin das er sin
288 611 1163 788 vordrige hab widerumb zu im
269 700 1200 896 gnommen derhalben sya nachwers
281 812 1180 979 mit söllis sich mitt im inge¬
256 874 1162 1086 lassen haben noch den lüchen
266 995 1150 1155 offentlich fürgaben das sy
281 1105 1155 1274 erlüch wärindt da wol zu¬
279 1181 1164 1362 vernunen, sy habe wüssenlich
252 1312 1161 1433 imme zum annderen mal die
262 1386 686 1555 ee versprochen
247 1535 1156 1724 uff semlichs ist ir bscheydt
237 1685 1183 1824 ir voriger man zu Burgdorff
261 1774 1147 1919 Kaspar Trächsell sälig sig vor
262 1861 1210 1991 dryen iaren gstorben der ouch ein
273 1941 1192 2104 schumacher gwäsen desshalb dar¬
269 2034 1167 2184 nach genannter Marti offter¬
274 2125 1155 2274 mals zu ira khommen den
266 2220 1125 2360 wärchzüg abzufeylsen biss zu
249 2318 1153 2430 letzt sy durch ettlich lüth be¬
272 2380 1155 2531 redt worden inns Martin zu
272 2489 1194 2602 der ee gnommen dannen¬
271 2582 1151 2677 thin als sy verneint mitt
265 2651 1179 2798 imme den kilchgang zuerstatten
257 2741 1138 2887 möge sy nitt wüssen, was
257 2851 1138 2982 imme von predicannten sich
266 2967 1208 3084 zuo anntwurt worden darumb
277 3045 1213 3150 er sy nitt hab wöllen verkhünnden
265 3119 1146 3277 dirwyl aber sy ein annderen
961 3246 1195 3371 offentlich
2264 120 2306 121 9
1376 108 2329 295 offentlich der ee ingangen
1376 250 2294 409 unnd vast ein halb iar lang by
1364 354 2342 508 ein annderen gwonet hab sya be¬
1364 444 2288 602 dünckt eerenhalb die eeliche
1367 538 2292 742 zusagung nitt uffzegäben er
1378 666 2281 839 Martin hab sy auch allezytt wol
1394 769 2305 943 vertröst wann die zytt umbher
1374 862 2346 1013 khömm wöll er den erloumptnus
1377 954 2326 1140 brieff den kilchgang zeuol züchen
1408 1079 2276 1191 wol erwärben unnd hirnit
1401 1148 2358 1307 wol ussbringen unnd souilen wycher
1360 1275 2354 1409 ira anzeygt min herren habint
1385 1338 2326 1496 im bscheydt gäben diewyl er
1414 1430 2299 1606 so fräffen gsin unnd one er¬
1411 1541 2353 1679 louptnus sich annderfartt mitt
1392 1650 2292 1808 ira vereelichen so musste er noch
1409 1716 2331 1866 ein iar still stan aber annderer
1419 1812 2324 1961 gstallt hab er ira nützit zu¬
1414 1909 2378 2074 wüssen gethan weder das sy sölte
1408 2007 2264 2154 alhie vor minen herren des
1378 2080 2376 2248 eegrichts erschinen noch vil minder
1399 2159 2352 2358 das imme sin vorige abgescheyden
1428 2243 2319 2445 widerumb zenämmen zugelassen
1427 2330 2325 2508 sig hab sich also siner ersten
1410 2421 2387 2591 zusagung zu Burgdorff gethan
1406 2488 2351 2695 geballten unnd vertröstet unnd
1397 2599 2349 2789 ira nie zu wüssen khommen
1414 2720 2379 2908 was er hie zwüschen mitt siner
1406 2789 2406 3040 ersten abgescheydnen frouwen
1406 2893 2331 3063 verhandlet hab dann äben
1408 2963 2394 3182 letstlich spil ira von wytth¬
1413 3057 2345 3234 nus von lüthen entwänen
1395 3164 2380 3336 worden er habe dieselbige wider¬
1387 3229 2384 3469 umb zu ime gnommen als sy
