3024 4032
36 123 63 214 4
181 149 1093 370 uff donstag dem xxiia tag
182 311 1061 451 apprellens in 1568 iar
204 396 1096 561 ist vom herren Grossweybell
175 473 1091 635 Gallus Waldis befragt worden
179 624 1104 791 Ludin Goudin von tonde
326 740 1082 917 diru uß Frybuerg sint
148 825 1097 1034 erstlich ob er mit alhie inn
202 953 1094 1128 der statt einer frouwen uss
153 1050 1145 1211 irer sheydin ein beschlagen syl¬
164 1155 1094 1275 berin messer gezogen demmach
173 1231 1082 1396 einem krämer imme sin täschen
164 1324 1128 1456 griffen willenns imme daruss
185 1431 1129 1570 ettwas gälts ze entfrömbden
130 1537 1153 1714 hieruff ist sin anntwurt dem¬
190 1660 1112 1778 nach er kurtz urewurkter tagen zu
167 1738 1206 1882 Basell unnd im elsas gediene
197 1824 1204 1967 sig er inn willen khommen da dano
193 1923 1162 2045 widerumb inn sin vatterlannd
181 1996 1158 2132 unnd heymer zeryssen unnd
205 2078 1151 2212 in dem alis er alhas khommen
213 2177 1147 2296 sig im siner bkhannten einer
214 2247 1142 2391 alhie uff der gassen begegnett
220 2318 1164 2438 mitt dem er vor einem keller
227 2406 1149 2550 ein abent trunck gethan von
220 2505 1157 2632 wägen aber das er des wyns
245 2574 1184 2724 nitt gwonet unnd selten gnossen
231 2673 1150 2828 derselb inn glych überwunden
225 2763 1102 2903 imanass das er wol bezächt
250 2865 1156 3012 worden desshalb er (leyder)
214 2935 1230 3126 inn söllicher wyn suchte söllichs
244 3023 1168 3209 als abstodt vorhen torhaffter
252 3145 1228 3324 wyss verhandlet dann wo er aber
258 3223 1189 3393 mit also ein wyn übernammen gstin
268 3299 1235 3467 wäre wurd er sölichs nie gethan haben
261 3375 1237 3561 dann er wenacher steich eerlich und red¬
293 3430 1254 3680 licheren pitter ub gnädigen und enbedung
1346 63 2312 308 Eodem phemibus, herrn Johann
1315 191 2352 370 Im Hag des Rhats Hug Müllers
1340 277 2221 434 der Burgern Gallus Waldis
1307 394 1841 543 Grossweybells etc.
1527 453 2185 651 Petter Monfortt der
1656 581 1938 732 Kessler
1262 642 2339 880 ist zu Marsilien Petter Monfortt
1324 747 2310 953 uss Foussenin befragt unnd im
1330 864 2311 1047 fürghallten worden uss was
1348 952 2299 1127 amrib unnd gheysse oder wardurch
1335 1047 2298 1211 er bewegt unnd von wem er
1340 1162 2331 1313 ghönt habe das er nun gnädigen herren
1359 1250 2305 1396 unnd oberen verachtlicher wyss
1348 1338 2319 1479 mitt nachvolgenden wortten unnd
1357 1417 2352 1586 uss gestossner schmachgredt geschmützen
1367 1517 2300 1653 habe als namlich die berner
1368 1603 2355 1752 haben dem herzogen ettliche vogtyen
1374 1693 2272 1841 wider gäben und sy sigind
1383 1781 2297 1950 grad äben lüt wie nussschalen
1403 1872 2363 2024 die sich glich umbkherin, — hiemit
1395 1943 2305 2093 ouch ein nuss inn sin hannd
1406 2028 2323 2151 gnommen, sprächendi, wann nun
1394 2099 2366 2254 das usszytt khumpt unnd khünffti¬
1402 2174 2367 2322 ge fassnachte zucher ruckt werden
1391 2269 2337 2422 die berner sich umbkheren wie die
1401 2328 1715 2462 nuss
1392 2434 2269 2587 gibtt anntwurt khönn nitt
1407 2561 2253 2718 absin dann das er sölliches
1393 2650 2351 2830 gredt doch uss wyn füchte unnd
1393 2707 2357 2916 unbesmere thorhaffter wyss von
1379 2817 2336 3004 im beschächen desshalb von nie¬
1408 2913 2315 3091 mandes uffgerysen sonnders
1397 3001 2316 3182 sölliches wie vorgmellt inn
1402 3129 2344 3320 einem abentrunck unnder
1394 3202 2331 3425 sinen bekhanttenn gredt
