3024 4032
2175 167 2230 220 1
1716 228 1908 326 1568
1387 405 2278 587 uff mittwuchen dem xxi
1294 511 2247 676 tag aprillens im xv. unnd lxviii
1273 583 2275 753 iar in bysin herren Johansen Im Hag
1306 638 2291 810 des rhats Gallus Waldis Gross¬
1326 787 1629 921 weybels etc.
1596 884 2176 1085 Martti Fuchs
1324 1049 2271 1211 ist inn der keffj Marti Fuchs erstig
1324 1129 2283 1245 befragt unnd ermant worden die war¬
1369 1201 2296 1362 heytt heytter unnd eygentlich zu bekhenen
1381 1282 2287 1433 en wölcherley gstallt unnd uff was
1371 1374 2264 1518 eelicher zusagungen er sich mitt
1396 1455 2277 1572 der Margerdt Meyerin von Burg¬
1408 1530 2244 1663 dorff hab verbunden ouch mitt
1379 1603 2275 1734 fürgäben der er offentlich byge¬
1409 1678 2228 1795 wonet dann nach dem er vor
1416 1760 2246 1887 dryen iaren sins fälers halb von
1412 1809 2313 1964 der Verena Schmuz siner ersten frouwen
1413 1905 2241 2034 abgescheyden, hab er darnach zuo
1392 1984 2308 2099 Burgdorff mitt der anndern nam¬
1430 2072 2242 2174 lich obgenannte Margredt den
1406 2131 2293 2262 kilchganng thuon wöllen dann das
1405 2210 2276 2342 imme söllichs nitt zuogelassen die
1417 2288 2297 2413 wyl er als die schuldig person kein
1418 2374 2312 2527 erlouptniss brieff sich zuunerelich
1422 2464 2335 2585 darzuleggen hatte unnd über
1433 2535 2324 2686 das imme anzeygt ward es möcht
1432 2602 2251 2759 khein ee sin bliben sy beyde
1416 2694 2315 2843 der ee ein annderen bbhaumlich
1439 2775 2305 2935 unnd trätten ein zytt ab ime
1426 2857 2306 3047 Solothurner piet darnach hab
1437 2951 2250 3109 er sich widerlumb alhar sini
1436 3051 2320 3235 miner gnädig Herren statt inglassen
