4032 3024
1800 438 2318 564 uff zicstag den 5. tag gi
1814 515 2302 600 movots d 1593 Jans
1801 562 2286 662 Ist Machys Bränzigk
2266 630 2321 673 15
1807 620 2321 715 durch den fromen fürend
1796 678 2308 768 ehrsammen wysen zeren
1803 733 2287 828 Wyeeman dee pharb inn
1789 803 2315 886 Manen keff gantz ehrnste
1798 840 2306 943 befragt, uf ein auhg wnd
1810 896 2302 985 sahen, er fen der stettlen
1794 954 2290 1046 duren fund und abmendt
1799 1005 2299 1092 an einer huedt die widen
1818 1059 2298 1163 erhouwen, vnd die hur
1797 1110 2301 1212 Annzug geworffen, ouch ein
1784 1171 2279 1278 ucken und Legi deelb
1807 1231 2291 1331 uffprochen, hirüber den
1806 1287 2288 1387 der warheit anzezeigen u
1821 1333 1950 1385 mandt
1772 1356 1968 1457 Hierüber
1778 1442 2285 1533 Hieruff er geantworfft, in
1785 1498 2276 1593 das sih ungenarlich vor und
1753 1551 2277 1646 jeren begeben, das er mit k
1779 1590 2279 1698 ab dem dentenberg ein ocher
1774 1652 2276 1754 gag ener mitten vergüschet und
1740 1688 2274 1816 Inn Pistler ppüi Broneen
1779 1753 2280 1873 läben habe. Diewyh abs
1766 1807 2258 1907 syn hus uff der almennt ge¬
1756 1859 2263 1980 standen, syöer eien gih.
1755 1924 2253 2033 nach geworfen und sy geset
1734 1967 2267 2073 fime zeürgünstigen, von des
1753 2030 2266 2130 allmeit sy synem huß ein ze
1748 2070 2262 2183 schlag mahen vlagen, sone
1738 2136 2263 2244 er daraugen syn erguschehen
1741 2186 2248 2302 zu allment urschlochen, uff
1735 2238 2253 2350 welches syn beggren einer
1735 2285 2255 2404 g Herren sampt dem grthc
1721 2345 2256 2443 meiste enrg und auf der
1718 2406 2253 2512 Spithas Schüyber, sin us a
1724 2444 2244 2559 und imme von der allenet
2396 426 3046 523 in zeschlahen abgescheckt und
2403 473 3062 586 dargegen syn marten zu alment
2404 542 3053 644 ußgeschlagen. Demnach synt
2393 590 3086 699 shnr nachppuren von Stettlen zu imme
2401 649 3035 749 rhonnen und anzeigt, iht sye dee
2397 708 3073 796 zuns an statt der matten janze.
2386 768 3057 855 pflafen vergünstigt worden und
2359 820 3041 915 Inmaßsen mit imer gerett, das er mit
2362 866 3035 974 inen iun ein spruch ingangen,
2713 931 2884 983 vgen
2376 932 3022 1029 mit welichen er worden
2372 983 3009 1076 das er und diemen von der ime
2372 1034 3020 1120 abgesterkenn alment widerumb
2376 1087 3015 1182 ußgeschlagen, den hoffnung er
2379 1135 3024 1244 wurde deß gägn synen nahgren
2374 1199 2982 1299 wie sy iume dan verfröstet)
2364 1236 2981 1348 wol zu geniesen haben duer
2374 1298 2978 1400 verrnckee syt aber do syendt
2367 1345 2941 1437 sydt gmeinden zu Stettlen und
2349 1409 2999 1500 Seinring beydt abmenden inn
2369 1455 2982 1561 willen khommen ir allmenden
2351 1506 2977 1617 abzetheillen und derzwüschen
2353 1559 3022 1670 ein feid zun mahn zelosn weches
2329 1616 3026 1725 Inen dann von einen g hr nach.
2342 1666 3032 1786 gelart und verwiliget worden sye,
2337 1706 3025 1845 Als sy aber damalen inn weelhung
2340 1777 2982 1883 sölicher theilung gsin, eabent
2330 1830 3032 1932 sy imme angehalten, er sölle nur
2340 1886 3012 1987 zu sölicher theilung verhelffen, so
2337 1936 3023 2046 weldent sy die dey armen zu stett.
2328 1978 3013 2101 len inn der wydtfartt gang und
2341 2041 2984 2160 hrnit ufgeschlagen. Sinders sy
2333 2098 2989 2215 zlych wn iro einer theilhafftg
2326 2136 3015 2271 und gnoten werd lassen, darns
2329 2179 3018 2310 sy abes  denaemen unwüßens
2325 2235 3027 2363 und hindwrncks das Walckers
2319 2275 2967 2409 was vndersich vfftheilt, Iren
2312 2331 2964 2459 so gakent sy vor etlichen iren
2319 2369 2956 2519 gseyet und nynens Herren
2309 2426 2977 2573 fürgäben, Bych und aem syent
2324 2487 2952 2628 deßen wol gefinden, das aber
