4032 3024
1611 537 1745 666 Kirches
1711 359 2308 488 uff Samstag den 20 tag su
1755 435 2288 522 monats dig o 91 Jans. Jungui
1760 489 2307 592 würfickkent etc. Herren ere
1760 540 2296 652 hemmbts des eharb Eunges
1774 601 2288 706 saff der buegeren vetteru
1760 658 2108 761 Grogmybels .
1759 745 2295 845 statt diser gägen würtwer
1781 819 2300 908 Bunn von Wunnis nachvogt
1772 871 2298 954 durch inne begangne dies
1790 917 2290 1029 zu Morzeli bekhent und s
1731 1098 2291 1196 Erstlich habe er vor etwas t
1768 1154 2296 1249 Bilgian schnyders saligen fm
1768 1213 2274 1295 Inn synen spycher ein laden
1772 1265 2296 1364 der wedbe gebrochen, daselbshin
1780 1315 2278 1417 gestigen und daruh eine
1783 1377 2297 1462 d�bel tock einerg s förg
1697 1392 2273 1529 fodenbert, auch etliche äfsige sich
1778 1481 2250 1584 und etlichs schmär gewoend
1709 1583 2290 1705 Ittem ungeuorlich vor Hoder
1747 1677 2278 1776 jarn habe er Elli Baneschi
1772 1730 2297 1837 Bordin u synsem spycht s
1772 1783 2289 1873 fhäsen und etlichs kider mit
1772 1843 2291 1947 fröndet, die chäsen geset
1768 1905 2286 1988 das läder aber einem schumale
1784 1950 2287 2054 enampt kammer gäbend zet
1774 1999 2128 2103 zu darin zemahlt
1735 2118 2290 2207 Wege habe er vor 9 oder soh
1737 2163 2279 2261 Geman Ghott von Ehrlenbach
1755 2225 2270 2318 mit gunst ze melden) ein
1759 2274 2281 2377 i synem stul gestolen, diesk
1759 2323 2291 2426 zu under sewen umb dry hi
1761 2389 2286 2477 verruschet, nachwergn aber hab
1747 2443 2284 2534 i dmme ghott, zwo gegen, aus
1742 2494 2282 2588 dero so er imme andtfröndet
1759 2548 1961 2641 under gäben.
2982 313 3052 391 48
2363 330 3040 488 Denne habe er un einem tagnlysen
2387 432 3009 533 einfeeteich gemacht, mit welich
2385 471 3051 607 er ihnem vatter syn spycher uff.
2381 551 3042 669 gebrochen ihmme danus taber und
2377 607 2975 733 etlich leyb brott endtragen.
2356 697 2968 817 Wir vatter bekhent er habe
2340 776 3010 897 wihten cammer uf synem hlih zwöy
2345 843 2811 969 Frsysen endtfröndet
2347 948 3039 1082 gycten Marthi Eyenholeen habeer
2363 1043 3050 1149 us synem spyche dann is gebrochen
2363 1090 2958 1205 um khäs und ein linlahen
2361 1163 3000 1264 Endtfrömbdet, und den khäg
2359 1221 2767 1335 widerumb verkhanfft,
2321 1342 3032 1471 Ittem habe er dem seckelmeister
2352 1429 3027 1528 mann ettlich uechffur syn scheien
2342 1489 2977 1593 gelasen, Da sy dann ein gantze
2350 1549 2979 1650 nacht gsi und imme syn höne
2365 1612 2509 1687 egt,
2348 1725 3022 1854 Dennach hatt er ouch bekhent, wie
2348 1810 2991 1914 das er Hans Stucke etliche mach
2363 1871 2991 1976 höüw uff syner schübern antragen,
2356 1925 3016 2038 und vilmalen syne thugemolcken
2358 1987 2443 2069 habe.
2319 2065 3005 2175 Ditter haben syn vich nöftlicher
2353 2130 3010 2237 syl Hans Egblin iun syn schür
2359 2195 3042 2302 gethan und imme syn höüw gragt,
2354 2272 2976 2391 der habe er ieman bott synem
2362 2319 2980 2434 stieffvatter, syn vich inn syn man
2357 2362 3034 2518 gelahen und imme die weidt gearten
