4032 3024
1731 642 1780 727 1
1921 554 2441 664 uff dem h tag wynmonats
1912 621 2434 711 diß hauffrunden 1594 Jar
1915 673 2446 759 Im aegenwürttigkeit der
1885 716 2443 816 froumen, fürnemmen Erse
1889 776 2441 859 Wysen s anthoni Anman
1916 821 2436 917 Des Bhats samuel mid
1914 892 2324 984 der Burgeren eetc.
1888 982 2435 1094 Hat Samuel Körtscher zu
1864 1055 2427 1133 Marzili Bekhent unnd ver
1891 1113 2427 1187 Jächenn, wie wol wa
1892 1165 2427 1253 Das Jacob Wyß meern
1890 1212 2423 1308 by jnme ynkhert unn
1899 1276 2420 1372 er june unnd die jhän
1899 1332 2428 1410 so er alwägen mit i
1906 1373 2421 1478 gefurt offtmalen behi¬
1892 1440 2382 1533 briget, das sy aber
2375 1456 2414 1518 d
1897 1492 2423 1591 ursach, das er junne e
1893 1558 2420 1652 Zinstenn ze thun gsin, das
1880 1620 2422 1696 besorget, wöreer er jun
1889 1668 2407 1768 die herbrich abschluche un
1893 1717 2411 1826 verseytte, hätte er angeuß
1849 1782 2407 1864 von innus voln Eronomen
1883 1836 2408 1931 wellenn bezalt syn den
1877 1899 2392 1988 halbenn er Imme die herben
1878 1949 2394 2043 nit abschlachen dörffen solle
1882 1999 2404 2093 er abes uff ein zyt mit
1895 2057 2396 2151 yner wätzenn dahin ehe
1861 2115 2407 2201 sye er wyß und s
1864 2177 2406 2262 4oder 5 tag allda u
1867 2228 2404 2323 harret, Er lort cher ab
1853 2294 2393 2388 nit gewüßt, das sölsches
1865 2340 2399 2442 matz ware, dann er de
1866 2403 2398 2502 malen nüt byhus se
1852 2460 2393 2560 anderstwo ✳ syn wyssen
1850 2525 2389 2632 geschafften nach gengen sy
3092 522 3198 611 141
2500 536 3141 666 Sonnst habe er Einigenn
2507 608 3153 688 annderen ynzug, dann allein
2502 652 3139 751 das er kim zyttenn arme
2507 707 3168 810 läs, so dem bättel nach
2491 761 3196 869 zuchennd soherbrige pittet
2508 808 3027 906 wyn gl umb gnad
2491 1031 3107 1141 uff vermolnem tag und jar inn
2496 1099 3109 1207 gugenwürtigkeitt derfromen für
2491 1169 3116 1267 memen ehrsamen, wysenn herrenn
2482 1229 3096 1320 Vetter Baldi des rhats sanmell
2485 1278 3103 1378 schmeerln müller der Burgeron
2455 1407 3134 1516 Hatt Joni Schwarn vonn Thunstetten.
2462 1455 3104 1554 zu Marzilli bekhends unnd vor¬
2467 1529 3099 1615 gächenn, wie woll war sye das
2481 1557 3070 1672 uff ein zitt ein schwär wätter
2474 1626 3083 1716 vonn jinell khomen ✳ unnd vill
2494 1677 3076 1782 aden gethann, Da habe sy do
2470 1738 3101 1841 mallenn zu denn thänigen gseit,
2472 1791 3128 1890 sy söllend sy deß werters nit lassenn,
2461 1842 3108 1961 wunder nemen wonenhar d thome
2457 1900 3135 2015 dann diesthänigen habend an im
2474 1955 3128 2086 sculd, das sy aber sölte greh haben.
2456 2007 3135 2146 Es werde noch ville mer der grunsamti
2463 2059 3095 2182 thanen das weide sich nit erfindenn
2450 2137 3114 2240 wonill unnd aber die threüw wode,
2464 2186 3134 2299 anträffen, das sy sölts greth habenn,
2458 2227 3114 2351 sy wolle das ihänig huß anstorbenn
2450 2296 3108 2427 und voönen unnd auch den thänign
2452 2336 3111 2476 habt welle erstächen, das hübe iro
2457 2409 3142 2538 allei inn dromes wyß fürkhanen,
2453 2440 3091 2572 sunst habe sy sölliches namallenn
2430 2483 3018 2670 dn sin gehagt zunoll ingen
