4032 3024
1667 180 2326 343 ff Dennstag dem 20 tag juni
1643 288 2241 406 An 15 75 jar prosinti h
1646 345 2156 443 vonn Tomerstalls hat
1768 489 2226 653 Dclaus friekart
1640 646 2324 765 in bittlingers thurn uff den
1655 715 2317 833 inzug, was die ursach sy diser
1662 798 2318 911 ner jetzigenn pfanngen schafft
1649 837 2308 965 yy anzeigt es habe iue ein
1619 939 2322 1052 eerwerdig corpricht alhie zwe
1635 992 2308 1095 will für das corpricht vietten
1617 1060 2310 1175 lasben, da sye er aber nit erschinen
1619 1125 2315 1240 noch gjorsam gsin unnd das
1603 1194 2319 1316 mal sye es darumb beschregen
1619 1257 2311 1367 er nit am corpricht ersthinen
1613 1301 2303 1442 das wennstfon er unnd sin brud
1619 1378 2304 1521 der komen unnd sich versyret
1634 1453 2294 1592 vollenn ✳ so hab man doch sygk
1613 1528 2310 1639 anngennn e gnomen unnd inn das
1614 1582 2299 1691 loch prlept ✳ des anndernuma
1629 1657 2299 1781 ber als man fmrvoten, syn
1620 1716 2274 1844 abenn vor tabenn sysin jun des
1608 1787 2280 1907 berlannd ze züttenn unnd von
1613 1868 2258 1978 inein ein sinna gelts ✳ so pr
1601 1914 2300 2037 Imesthuldig gsin gefordere
1604 1986 2293 2114 unnd inzunemmen, der halben
1590 2043 2296 2179 diewyl der Corwerbell gsehen
1596 2119 2254 2238 das er nit erstgmen wollen
1590 2182 2288 2310 habe er sin frouw ben brun
1581 2268 2250 2377 grtfenn ✳ unnd ir̄ anzeigt
1583 2311 2274 2457 ysolfe an für das corprich
1576 2387 2286 2535 komen, welcges sy ouch v
1559 2472 1922 2582 vnnd vrstfinen
1587 2583 2263 2718 daruff ist ime fürghaltun
1596 2670 2276 2778 wordenn, wie das einen sh
1573 2714 2284 2851 sinen thalb gloüblich fùrthan
3116 197 3192 271 14
2418 253 3132 360 as er versthiner tagenn vor
2424 325 3112 424 mebstcwarders hus ufoll
2416 394 3128 487 oll geschworenn unnd got gr¬
2401 468 3187 566 lestert habenn, dermassen das
2413 538 3182 630 in stenacher verursachtt inne
2393 600 3121 708 daruon abzemannen unnd mit
2377 682 3198 804 Fürgedarvon zetrebenn ouch das
2394 752 3121 872 s über solichs niem schwach
2376 833 3132 932 inn bart gefallen ✳ im pr
2371 897 3180 1033 flucget ✳ unnd einalten dieben
2388 963 3142 1107 vund steremen gescholten habe,
2361 1052 3139 1165 Soll der halbenn nun uf soliche
2378 1122 3113 1233 fur haltung die war heyt be¬
2368 1180 3119 1283 kennen und anzeygen wie sich
2361 1245 3154 1360 diesachen verluffen unnd ob es
2369 1321 2803 1422 lso erganngen we
2333 1408 3181 1565 Hierüber er dise antwurt pebenn
2341 1485 3170 1638 ob jabe er unnd sin bruder irhns
2348 1572 3130 1708 alher verkoufft der halben sye
2345 1648 3184 1771 erbeirppt worden, umb einannden
2340 1687 3163 1840 dus zelupenn unnd eins an dem
2350 1760 3176 1917 haldenn erfragft, Da abersin frouw
2343 1816 3106 1992 s sin wollen, wo er sich ent
2322 1904 3115 2047 halten wollen, sunder stats
2334 1986 3171 2136 von imegannpen unnd heim zu
2330 2044 3140 2191 irei vatter gluffenn ✳ unnd
2316 2116 3127 2306 wo nun sich obanzogne sach vor
2325 2192 3178 2357 eüffen sye seinlichs frnncknn
2330 2264 3160 2430 vys bysgettenn ✳ dann er dessel
2328 2320 3166 2497 bigenn keinwüsens iier trage
2341 2421 3148 2564 ir im ouch inntruwenn unnd
2343 2494 2796 2603 on jergenn leyd
2364 2590 3031 2776 rittet pann trùngenlich
2391 2714 2984 2844 umb gnad unnd verzychung
