4032 3024
1829 125 2469 322 gustgen, sodeng
1839 225 2492 377 die obemelte frouw, sine
1843 281 2492 446 ausfrouwenn ouch ein 1f
1831 374 2488 508 sech vergabet welches
1823 427 2475 581 Ime h wyßbennouch etliche
1844 510 2466 646 mal absfordert, da er
1819 575 2460 706 aber zu antwurtt gebenn
1832 656 2485 792 er wolle In das gebt darfi
1832 738 2477 860 erlesgenn, welches er aber
1828 805 2468 919 nit nemen noch emphachen wile
1792 874 2465 1017 So habe er zu im gesprichen
1826 943 2451 1061 in ausfrouw wolle inn
1817 1046 2430 1148 etwann ein seth vor denn
1790 1091 2459 1256 Barfussenn darfür khouffe
1795 1174 2435 1296 des er aber ouch nit benug¬
1804 1235 2426 1358 blich ssin noch daryu be¬
1796 1306 2451 1425 willigenn wollen, dermaßsen
1778 1402 2439 1509 das hernach gesagter hwyß
1797 1472 2425 1566 wenn er Inn darumb ange¬
1802 1532 2416 1637 prochenn, zu im gredt
1737 1586 2417 1715 er sye im mit sthuldig
1766 1665 2438 1792 Also das ime jnn gar migtt
1761 1746 2402 1866 darumb wordenn sy
1745 1808 2438 1943 darin so soi er ouch jar m
1767 1879 2431 2010 als er h yß der ehinden
1753 1954 2377 2069 zu Bibrach vogt unnd ver¬
1751 2033 2421 2147 walter gsin, Inn desselbigen
1766 2102 2388 2216 namen tags unnd nachts
1751 2175 2404 2291 da hin glüffenn daruo
1743 2262 2408 2367 er Im ouch nie mit belengt
1733 2333 2389 2450 habe ouch so habe inm
1733 2401 2407 2511 zum theill die armut dahi
1728 2482 2393 2602 tribenn, das ehr zum zyten
1739 2542 2369 2665 men khinden dhein brodt
1696 2628 2388 2743 Schept zu khouffen, uß der
1709 2694 2392 2824 ursach habe er sölliche fäler
2531 224 3293 365 begaungen, dann auch zum zisten
2537 303 3229 428 bgemelter Eunrath von
2569 392 3262 506 eyngarttenn, wenn er gält
2524 455 3276 582 bringen wollenn nit anheimsch
2543 528 3246 669 gsin unnd sin husfrouw all¬
2534 622 3272 750 wagenn das gält nit empfachen
2528 697 3183 815 wöllenn, alldann so habe
2531 784 3228 906 ers brhaltenn das villicht
2555 848 3204 958 auft nit beschechen ware
2516 902 3225 1040 vnnd vermeint diewyl ermelt
2528 999 3247 1113 h wyß sin fründ und verwantt,
2536 1084 3206 1190 vnnd er hargegenn ouch an
2498 1147 3165 1264 inne ansprechig, wurde er
2504 1247 3211 1332 inne desselb nit verlagt
2535 1311 3091 1409 noch tribenn habenn
2514 1372 3178 1482 zu dem so habe inne ermelt
2523 1450 3173 1561 h wyß, als er sie basen
2513 1540 3189 1654 gerlichet verheiseenn und
2517 1600 3182 1721 zugsagt 1 lb ihn zu einer
2491 1668 3209 1794 Erstur zegebenn, vnnd Im
2513 1753 3212 1865 aber morndes sollichs widerumb
2510 1839 3213 1945 abgeshlagenn mit erpiettung
2505 1899 3165 2033 er wölle In sunst tägliche
2496 1995 3197 2106 kilff und handreichung thun
2485 2064 3192 2187 So denne habe inne ermelter
2478 2138 3149 2264 Wyß anfanngs umb ein
2498 2225 3153 2337 Zupottenn der Imsine zins
2494 2298 3207 2412 vnnd scheilden inzuge umbh
2472 2395 3206 2499 osdickt unnd wie er eben
2475 2449 3215 2573 desmals d einen finden khönden
2476 2539 3204 2662 der im gfellig gsin, habe er
2485 2609 3218 2736 zu ingsprochen, so müse er
2471 2697 3228 2810 recht das best thun, dann er
