4032 3024
1919 129 2596 263 unnd mit dem eyd verwisen
1929 203 2588 330 wordenn, sor von ds einer miß
1918 272 2603 414 sanndtungen wagen, sunder
1940 351 2599 469 allein darumb besthechen
1926 412 2599 553 das er karttenspil daselg
1941 499 2605 637 umbter feill tragen fee
1935 566 2479 660 und verkhoufft habe.
1883 736 2583 850 Item als er anzogen worden
1907 813 2567 913 nach demer uff ein zyt
1895 880 2594 988 Inn Caspar Kolis hus khomen
1908 957 2580 1067 da im zwey kind branck
1915 1039 2592 1137 glagenn vnnd zu gesagts bolg
1897 1105 2585 1232 husfrouwen gsprochen, welche
1913 1190 2574 1299 wunder iren kinden fradig
1908 1263 2560 1361 liebsten warend so etlich
1923 1335 2549 1437 sterbensolten unnd wie sy
1898 1424 2580 1517 Eingeantwurttet sy spende
1902 1490 2524 1591 Er alleglych, er zu Jra
1917 1548 2584 1657 gredt die seide tranckenn
1912 1638 2580 1742 wurden nit die ersten sunder
1898 1706 2548 1809 die letstunnsin ✳ unnd nach
1888 1787 2508 1884 dem gesaster Caspar Kol
1893 1865 2594 1962 angeunsth worden und seinlich
1900 1948 2529 2055 von siner husfrouwen ver¬
1915 2020 2564 2098 omen und inn Marmet nach
1898 2095 2556 2173 ogen ouch Inn Bendicht Zellees
1890 2143 2485 2265 hus funden und inn mit
1875 2230 2559 2347 Zorigen wortten angsprochen
1867 2286 2536 2415 er habe sinen khinden die
1850 2371 2563 2507 franckheit angethan unnd
1848 2436 2556 2574 damit fengklich zum schloß
1847 2510 2544 2623 fürenwollen, inmassen er
1843 2605 2553 2705 Den patten er sölle es nit thun
2642 162 3465 313 Es werde bald umb die keindt
2676 237 3432 358 getten sy spend mit züchtenn
2688 296 3379 399 melden) wüstig er sölle
2676 361 3467 460 seyn und saffran nemmen und inen
2674 429 3445 529 daßselbig ingebenn, so werde
2673 493 3458 603 es besser vnnd als er koli widerum
2676 554 3402 677 genn kheert, habend im die
2666 635 3428 721 kand anzeigt wie inn der zyt als
2675 684 3395 793 er hinwas gwäsenn, Inn die
2651 761 3407 864 Eranckheit umb etwas nachglaß
2672 837 3416 934 habe, wiewol inn nacherwerts
2675 899 3359 981 nns erlamet vnd zu letst
2659 963 3424 1075 gstorben sye Soll deßhalbem
2664 1026 3428 1141 vff sollichen artickell anzeigen
2664 1110 3425 1192 ob vnnd warumb er denselbigen
2660 1170 3424 1273 Eiden die Eranckheit auch an haben
2662 1306 3425 1448 hieruf erbstgeid geben wir nit an
2657 1424 3397 1522 dannds er vff ein zyt Innobbemelts
2657 1491 3363 1599 Folis eus spomen und alda zwey
2645 1558 3347 1652 kind franck funden ouch zu der
2636 1606 3381 1722 frouwen gsagt, welche fradie liebsten
2652 1686 3400 1786 warend so sy soltende sterbenn
2657 1739 3404 1852 das er aber nit döser meinung sunds
2651 1823 3352 1925 allein gspots vnd schnmpffs wys
2656 1903 3406 1992 zu dragredt und sy deshalbenn
2663 1950 3332 2063 huns wass daruor versiecht
2658 2023 3433 2142 dann berurtter Föli ir der bhinden
2681 2080 3436 2194 vatter vor Ternnlithenselbs gred
2681 2174 3409 2271 sabind trästenan luns
2675 2243 3416 2326 vnnd läberen doch möge sin
2670 2313 3399 2407 di er Inne seeissen, bemelten
2677 2359 3425 2491 kinden wyn vnd saffran
2670 2444 3111 2547 Anzegebenn.
