4032 3024
1757 84 2416 263 wie das er an emneinert, mar
1760 160 2424 326 aber nit wüßen, wie dasselben
1748 221 2390 374 geneiet werde ein wenig
1748 304 2407 435 aliz gfwonwn ✳ unnd solichs
1738 357 2399 501 zu einen surgen verbrucht
1737 451 1879 516 tabe
1672 605 2412 808 denne unpfarlich vor zwegn
1699 721 2388 856 farenn ghabe er heon weyenn
1688 782 2387 915 der grnnen furr ✳ uff mien
1692 849 2403 1004 gsed ab abest qnittner gersten
1677 932 2377 1067 s zweyenmäsen ab geriben
1695 1018 2377 1149 nnd darub brodt bachenn
1684 1082 2379 1221 wann desmals ein mei in
1697 1130 2176 1235 franckh goltten
1640 1200 2375 1355 Demn habe er us einerstam
1679 1278 2368 1432 ein seckli mit dies zu minse
1667 1339 2341 1509 kyteyen gnnonnn ✳ unnd noch
1645 1434 2334 1550 in sinem sach den pr mit
1640 1503 2348 1661 ie jarbracht ✳ eelassenn ✳
1636 1724 2357 1877 denne usz einer tub grubenn
1639 1822 2343 1963 habe er runben zkhochenn
1672 1885 2068 1977 srofvonbdet
1661 2113 2247 2243 ist mit dem 45 unnd
1663 2199 2215 2299 75 pfündigen steinen
1658 2250 2259 2374 uffzeynn, demnach inn
1639 2338 2241 2454 der 20 lbig stein darzu
1632 2401 2281 2519 gebunden, wnerd mit allen
1614 2468 2289 2578 deyenn zum dirttenmal
1619 2546 2272 2675 anzopen worden, doch mit
1623 2629 2303 2715 ufierb syfgnnsn wollt
1621 2675 2270 2777 mit dem brd verwisenn us mue
1639 2739 2276 2816 hen 2unden vnnd geprottenn
1593 2797 2265 2888 acten 3. Martii Im 15. ts ger
3212 75 3297 156 54
2514 137 3176 277 ff monntag den x4 tax
2507 193 3289 327 wergenn im 1525 jar persenti
2490 268 3282 395 bus in Eheterman von Wattenn
2503 314 3290 464 gels des tats Annttoni Wollen
2494 380 3243 500 der Burpernnn Gpore von kompr
2502 450 3045 561 tal Großweybels haf
2597 563 3145 692 Jchan florpt vonn Foll
2565 658 2990 756 Eud Lamerpsell
2482 758 3152 861 zu Marckzili anzeigt unnd
2463 823 3220 930 bekennt, syn unlangest vorsant
2471 895 3223 999 dartins tag ouch alhir pfanngen
2459 955 3226 1054 gsin umb deswillenn daz er zuͦ hoch¬
2478 1009 3154 1111 ettenn über ein zuwr korb
2458 1103 3233 1202 brochenn unnd sung darusz geno¬
2455 1185 3212 1281 men habe aber die jung waben
2452 1235 3216 1357 ser ien sy ii ggett ✳ habe im
2439 1319 3198 1412 und sinem psellen, dasselbegem
2426 1381 3159 1491 frowr uff einem hoff grbenn
2407 1504 3252 1625 das gros stuck küsz ✳ so by ime fùnden
2439 1584 3192 1701 habe irzu cen von etlichenn
2423 1639 2877 1755 krobenn erkaufft
2424 1769 3137 1904 der sreffs diesepfennigen halb
2439 1845 3127 1966 er dusmals by im prhert
2435 1906 3170 2024 vo der er mit denselbegenn
2424 1972 3213 2101 komen spe pitt er disen bscheid
2406 2025 3202 2161 ss dabe im dieselbigenn sin ver
2417 2126 3202 2232 it myn von jenuff ✳ er dem pr
2412 2178 3193 2316 dienet gebenn vnnd zugestelt
2384 2320 3164 2450 dene jabe er sy steffyberg
2403 2378 3223 2513 einem bachoffenn ꝫ ✳ beyb brodt
2416 2441 3235 2585 nnd ein elickenn difrombd
