4032 3024
1687 143 2391 315 Denne im kestenen Er¬
1706 255 2381 382 habe er ein tägen Restolen
1725 413 2393 569 Klichergstalt zuͦ Subinge
1737 511 2395 642 an einer kilbi einschwärte
1736 586 2384 699 entfrömbdet unnd dem wing
1730 664 2393 777 zu Batterbtingen umb ein
1727 745 2259 862 guldi vertonfft
1686 912 2390 1052 Vnnd als er mit dem tteinen
1729 1019 2374 1145 ouch mit dem 70 pfündigosten
1730 1089 2380 1206 sfen daryn gebunden ufzoge
1722 1162 2337 1265 wordenn, Hatt er an der
1728 1247 2370 1359 martter Erffennt, das er
1698 1314 2380 1440 Leider wider das gesan gotts
1730 1396 2383 1505 mmit einer stutten, ouch einer
1725 1457 2358 1578 In zusthaffen gegegt
1715 1542 2329 1644 unnd wie er widerumb
1715 1633 2366 1740 abger gelasbenn, hatt e
1705 1701 2350 1803 dasselbig vernemet, mit
1701 1775 2384 1885 inzeig das er im selbs damit
1693 1849 2355 1966 vnnrecht gethan, vnnd das
1693 1944 2348 2022 Inn die martter triben,
1689 2004 2362 2123 das er seinlichs bekhent habt
1643 2076 2360 2211 doch hernach uff vilnaltts
1706 2165 2343 2277 vermanung die warheitt
1693 2244 2371 2367 anzuzeigen, Ist er widerumb
1694 2323 2331 2420 an alle martter bkantlich
1702 2399 2344 2506 wordenn unnd verzächen
1666 2477 2370 2599 das er ungfarlich vor dryen
1662 2541 2376 2674 daren zu arouw im wurtshu
1669 2642 2359 2752 zum Wildenman, gedienet
3080 220 3192 297 183
2434 201 3199 348 unnd sand gfürt, do habe erien
2444 314 3179 414 enem schachen leider mit einer
2448 382 3192 524 sgwarzen stetten, so er an ein stuben
2442 464 3089 585 gebenden wider menstlich
2433 547 3155 675 nittus vnchristenlicher wyß
2434 624 2769 760 ghanndlet
2415 816 3141 977 desglychenn ouch by demselbs
2445 931 3148 1027 wirt zu Frouw, inn sinem stell
2439 1001 3133 1116 mit einer Todtenben glicher,
2439 1071 3141 1198 gstalt wie obstadt gehendlet,
2439 1149 3149 1257 vnd mit derselbigen zusthaffen
2456 1222 3150 1333 eypt ✳ doch sumlichs mit iett¬
2435 1296 3160 1383 waderem allein einmal begangen
2411 1462 3159 1598 Denie ungfarlich byzweyen jaren
2451 1552 3114 1673 ur er ouch iin ein semlich bos
2419 1619 3132 1721 fürnemen konnn und mit einer
2416 1688 3111 1795 Rodten khu, so er inn dem sägli
2442 1757 3128 1876 vor der statt allie, da man gan
2433 1824 3159 1952 Ostermundis gad gsettenn sinen
2438 1901 3147 2019 wrgen willen vnd lust verbringen
2429 1974 3174 2072 wollenn, dann das im sollichs von
2438 2031 3127 2156 wigen der luthen, so da stätts
2435 2110 3148 2219 dafür ganngen, nit gelungen
2431 2169 3169 2294 wilches im nin inn truwen und
2447 2253 2964 2374 von Feryen leyd sye
2447 2331 3173 2459 Ist erstlich bär zum anderen mit denkeinen
2467 2391 3192 2509 fein zum dritten ime der 70 pfündigst stein
2451 2462 3141 2556 daran gebunden und ufzogen und zum
2469 2512 3171 2611 vittenmal der 75. tagstein auch deren
2473 2559 3156 2657 chenckt, vnd also mit allen dryen steinen
2471 2601 3166 2706 vzogen worden, vnd seinlichs alles wir er
2459 2645 3165 2756 twos verzüchen, das es alß ergangen und
2471 2690 3166 2825 die warheit sye an der martter erhalten
2419 2774 3120 2892 Sol vff Sonstag nechst kunfftch
2430 2858 2937 2960 fürgestelt werdenn,
