<?xml version="1.0" encoding="UTF-8" standalone="yes"?>
<PcGts xmlns="http://schema.primaresearch.org/PAGE/gts/pagecontent/2013-07-15" xmlns:xsi="http://www.w3.org/2001/XMLSchema-instance" xsi:schemaLocation="http://schema.primaresearch.org/PAGE/gts/pagecontent/2013-07-15 http://schema.primaresearch.org/PAGE/gts/pagecontent/2013-07-15/pagecontent.xsd">
    <Metadata>
        <Creator>prov=University of Rostock/Institute of Mathematics/CITlab|PLANET AI GmbH/Gundram Leifert/gundram.leifert@planet-ai.de:name=German_Kurrent_XVI-XVIII_M1(htr_id=19584)::::v=2.6.7
prov=University of Rostock/Institute of Mathematics/CITlab|PLANET AI GmbH/Tobias Gruening/tobias.gruening@planet-ai.de:name=de.uros.citlab.module.baseline2polygon.B2PSeamMultiOriented:v=2.6.7
prov=University of Rostock/Institute of Mathematics/CITlab|PLANET AI GmbH/Gundram Leifert/gundram.leifert@planet-ai.de:name=German_Kurrent_XVI-XVIII_M1(htr_id=19584)::::v=2.6.6
prov=University of Rostock/Institute of Mathematics/CITlab|PLANET AI GmbH/Tobias Gruening/tobias.gruening@planet-ai.de:name=de.uros.citlab.module.baseline2polygon.B2PSeamMultiOriented:v=2.6.6
prov=University of Rostock/Institute of Mathematics/CITlab|PLANET AI GmbH/Tobias Gruening/tobias.gruening@planet-ai.de:name=/net_tf/LA73_249_0mod360.pb:de.uros.citlab.segmentation.CITlab_LA_ML:v=2.6.6
Transkribus</Creator>
        <Created>2020-10-05T11:38:55.193+02:00</Created>
        <LastChange>2022-09-09T18:06:54.688+02:00</LastChange>
        <TranskribusMetadata docId="1334782" pageId="52355717" pageNr="139" tsid="114637341" status="IN_PROGRESS" userId="9570" imgUrl="https://files.transkribus.eu/Get?id=QJCEZXVUBABFKEHPOUWVGUJG&amp;fileType=view" xmlUrl="https://files.transkribus.eu/Get?id=SNZAIGMJQADUWOZTFZZHBDIE" imageId="16045127"/>
    </Metadata>
    <Page imageFilename="IMG_8625.JPG" imageWidth="4032" imageHeight="3024">
        <ReadingOrder>
            <OrderedGroup id="ro_1687513968387" caption="Regions reading order">
                <RegionRefIndexed index="0" regionRef="r1"/>
                <RegionRefIndexed index="1" regionRef="r2"/>
            </OrderedGroup>
        </ReadingOrder>
        <TextRegion orientation="0.0" id="r1" custom="readingOrder {index:0;}">
            <Coords points="1775,208 1775,2704 2529,2704 2529,208"/>
            <TextLine id="r1l1" custom="readingOrder {index:0;}">
                <Coords points="1821,260 1929,280 2112,253 2196,293 2353,264 2406,292 2440,280 2535,342 2539,246 2513,262 2397,212 2186,194 2021,214 1928,163 1827,157"/>
                <Baseline points="1830,246 1866,246 1903,245 1940,245 1977,244 2013,243 2050,243 2087,242 2124,242 2161,242 2197,243 2234,246 2271,248 2308,252 2345,257 2381,262 2418,270 2455,279 2492,289 2529,302"/>
                <TextEquiv>
                    <Unicode>Vff das er sich verantwurte</Unicode>
                </TextEquiv>
            </TextLine>
            <TextLine id="r1l2" custom="readingOrder {index:1;}">
                <Coords points="1792,351 1845,373 1968,338 2048,386 2152,321 2515,370 2516,322 2436,284 2149,289 2107,248 1974,302 1866,257 1794,273"/>
                <Baseline points="1800,338 1835,338 1870,336 1906,335 1941,334 1976,332 2012,330 2047,329 2082,328 2118,327 2153,326 2188,326 2224,327 2259,328 2294,330 2330,333 2365,337 2400,342 2436,350 2471,356 2507,366"/>
                <TextEquiv>
                    <Unicode>Es möge sie das er sy glert</Unicode>
                </TextEquiv>
            </TextLine>
            <TextLine id="r1l3" custom="readingOrder {index:2;} person {offset:7; length:5;}">
                <Coords points="1827,426 2075,431 2130,404 2270,439 2424,424 2461,453 2509,444 2510,392 2378,389 2287,336 2228,378 2157,358 2040,386 1963,347 1828,369"/>
                <Baseline points="1836,413 1869,413 1902,413 1935,411 1969,410 2002,410 2035,408 2068,407 2102,407 2135,405 2168,405 2201,405 2235,405 2268,406 2301,407 2334,409 2368,412 2401,416 2434,421 2467,426 2501,432"/>
                <TextEquiv>
                    <Unicode>Das Am Maria, das var unser</Unicode>
                </TextEquiv>
            </TextLine>
            <TextLine id="r1l4" custom="readingOrder {index:3;}">
                <Coords points="1831,491 2014,490 2050,511 2144,485 2287,518 2341,488 2433,519 2486,506 2486,460 2393,445 2153,458 2104,433 2006,441 1943,419 1832,453"/>
                <Baseline points="1839,485 1872,485 1906,483 1939,483 1973,482 2007,480 2040,480 2074,479 2108,479 2141,479 2175,479 2208,479 2242,480 2276,482 2309,483 2343,485 2377,488 2410,491 2444,495 2478,500"/>
                <TextEquiv>
                    <Unicode>und den sloubenn patten</Unicode>
                </TextEquiv>
            </TextLine>
            <TextLine id="r1l5" custom="readingOrder {index:4;}">
                <Coords points="1812,590 1915,561 2046,579 2110,562 2157,585 2204,559 2270,598 2330,561 2475,597 2511,583 2512,543 2326,508 2283,531 2229,508 2146,515 2118,494 2075,519 1991,506 1941,526 1813,505"/>
                <Baseline points="1821,567 1855,564 1889,563 1923,560 1957,558 1991,557 2025,555 2059,554 2093,553 2127,552 2161,552 2195,552 2229,554 2263,555 2297,558 2331,560 2365,564 2399,567 2433,571 2467,576 2502,582"/>
                <TextEquiv>
                    <Unicode>iber doch nit greden das syes</Unicode>
                </TextEquiv>
            </TextLine>
            <TextLine id="r1l6" custom="readingOrder {index:5;}">
                <Coords points="1835,682 1902,637 1991,633 2016,659 2062,638 2109,675 2242,634 2462,669 2502,702 2504,610 2375,565 2289,604 2033,565 2000,589 1955,567 1838,590"/>
                <Baseline points="1845,635 1877,635 1910,633 1942,632 1975,630 2007,630 2040,629 2072,627 2105,627 2137,627 2170,627 2202,627 2235,629 2267,630 2300,632 2332,635 2365,637 2397,641 2430,647 2462,652 2495,659"/>
                <TextEquiv>
                    <Unicode>binder sich pätten solle, it</Unicode>
                </TextEquiv>
            </TextLine>
            <TextLine id="r1l7" custom="readingOrder {index:6;}">
                <Coords points="1837,733 1875,720 1953,743 2008,712 2090,754 2246,704 2490,761 2490,679 2372,680 2320,655 2253,680 2166,654 2061,684 1981,632 1895,681 1837,678"/>
                <Baseline points="1845,716 1876,714 1908,713 1940,711 1972,710 2004,709 2035,708 2067,706 2099,705 2131,705 2163,704 2194,704 2226,704 2258,705 2290,706 2322,708 2353,711 2385,714 2417,718 2449,723 2481,728"/>
                <TextEquiv>
                    <Unicode>er ist ouch nit bekantlich</Unicode>
                </TextEquiv>
            </TextLine>
            <TextLine id="r1l8" custom="readingOrder {index:7;}">
                <Coords points="1831,804 1904,789 1955,807 2019,782 2150,814 2193,791 2337,806 2383,785 2492,828 2505,764 2298,730 2260,755 2206,734 2084,755 2006,725 1940,757 1831,751"/>
                <Baseline points="1839,785 1871,785 1904,785 1937,785 1970,785 2003,783 2036,782 2068,782 2101,780 2134,780 2167,779 2200,779 2233,779 2266,779 2298,780 2331,781 2364,783 2397,787 2430,791 2463,796 2496,803"/>
                <TextEquiv>
                    <Unicode>as er den glouben mit</Unicode>
                </TextEquiv>
            </TextLine>
            <TextLine id="r1l9" custom="readingOrder {index:8;}">
                <Coords points="1828,885 1888,906 2011,869 2105,879 2208,857 2273,898 2329,860 2415,883 2495,874 2495,840 2402,834 2320,797 2278,830 2086,811 1966,829 1908,793 1828,806"/>
                <Baseline points="1836,864 1868,864 1901,863 1933,862 1966,861 1998,860 2031,858 2063,857 2096,855 2128,854 2161,853 2194,852 2226,852 2259,852 2291,852 2324,854 2356,854 2389,857 2421,859 2454,863 2487,867"/>
                <TextEquiv>
                    <Unicode>disen wortten augfangen</Unicode>
                </TextEquiv>
            </TextLine>
            <TextLine id="r1l10" custom="readingOrder {index:9;}">
                <Coords points="1821,942 1970,949 2039,993 2125,949 2206,964 2301,930 2464,945 2496,938 2496,918 2357,888 2330,861 2272,900 2039,880 1940,915 1820,903"/>
                <Baseline points="1830,933 1862,935 1895,936 1928,936 1961,936 1994,936 2027,936 2059,934 2092,933 2125,932 2158,930 2191,929 2224,929 2257,927 2289,927 2322,927 2355,927 2388,929 2421,931 2454,935 2487,938"/>
                <TextEquiv>
                    <Unicode>Lamlich ich glouben von</Unicode>
                </TextEquiv>
            </TextLine>
            <TextLine id="r1l11" custom="readingOrder {index:10;} person {offset:0; length:4;}">
                <Coords points="1827,1019 1945,1018 2005,1055 2046,1015 2430,1015 2454,974 2404,954 2358,982 2241,944 2197,970 2101,956 2069,985 1994,986 1826,956"/>
                <Baseline points="1835,1010 1865,1010 1896,1010 1926,1008 1957,1008 1987,1008 2018,1007 2048,1007 2079,1005 2109,1005 2140,1004 2170,1004 2201,1004 2231,1004 2262,1003 2292,1002 2323,1002 2353,1004 2384,1004 2414,1004 2445,1005"/>
                <TextEquiv>
                    <Unicode>Gott, sunders pattet er</Unicode>
                </TextEquiv>
            </TextLine>
            <TextLine id="r1l12" custom="readingOrder {index:11;}">
                <Coords points="1874,1090 2002,1083 2036,1099 2137,1076 2197,1102 2247,1075 2356,1118 2404,1115 2457,1091 2458,1006 2372,1036 2341,1018 2266,1038 2200,1013 2124,1048 2037,1030 1997,1055 1946,1026 1874,1035"/>
                <Baseline points="1883,1077 1911,1076 1939,1075 1967,1074 1996,1074 2024,1073 2052,1073 2080,1071 2109,1071 2137,1071 2165,1071 2193,1071 2222,1073 2250,1073 2278,1074 2306,1075 2335,1076 2363,1078 2391,1080 2419,1083 2448,1086"/>
                <TextEquiv>
                    <Unicode>bube inn gott etc. sy</Unicode>
                </TextEquiv>
            </TextLine>
            <TextLine id="r1l13" custom="readingOrder {index:12;}">
                <Coords points="1843,1160 1918,1180 2048,1158 2161,1179 2221,1158 2262,1179 2341,1158 2474,1174 2474,1126 2315,1126 2272,1093 2178,1121 2132,1093 2021,1126 1930,1095 1843,1122"/>
                <Baseline points="1851,1152 1881,1152 1912,1151 1943,1151 1974,1151 2004,1149 2035,1149 2066,1149 2097,1149 2127,1149 2158,1149 2189,1149 2220,1149 2250,1149 2281,1149 2312,1149 2343,1150 2373,1151 2404,1151 2435,1152 2466,1154"/>
                <TextEquiv>
                    <Unicode>müßse es nit recht ver¬</Unicode>
                </TextEquiv>
            </TextLine>
            <TextLine id="r1l14" custom="readingOrder {index:13;}">
                <Coords points="1851,1232 2060,1238 2110,1277 2164,1239 2192,1251 2277,1221 2366,1275 2402,1267 2401,1175 2275,1192 2218,1170 2135,1188 2099,1166 2029,1198 1975,1168 1921,1194 1851,1169"/>
                <Baseline points="1859,1226 1885,1224 1912,1224 1939,1223 1965,1223 1992,1221 2019,1221 2045,1220 2072,1220 2099,1218 2126,1218 2152,1217 2179,1217 2206,1217 2232,1217 2259,1217 2286,1218 2312,1218 2339,1220 2366,1221 2393,1223"/>
                <TextEquiv>
                    <Unicode>standen habenn</Unicode>
                </TextEquiv>
            </TextLine>
            <TextLine id="r1l15" custom="readingOrder {index:14;}">
                <Coords points="1813,1428 1919,1416 2123,1452 2235,1428 2296,1460 2344,1432 2388,1450 2438,1428 2516,1471 2518,1375 2429,1396 2356,1352 2258,1381 2125,1353 2017,1377 1814,1349"/>
                <Baseline points="1821,1412 1855,1414 1889,1416 1924,1418 1958,1419 1992,1419 2027,1421 2061,1421 2095,1421 2130,1422 2164,1422 2198,1422 2233,1422 2267,1422 2301,1424 2336,1424 2370,1424 2404,1425 2439,1425 2473,1427 2508,1428"/>
                <TextEquiv>
                    <Unicode>so denne ist im fürgworffen</Unicode>
                </TextEquiv>
            </TextLine>
            <TextLine id="r1l16" custom="readingOrder {index:15;} person {offset:17; length:7;}">
                <Coords points="1815,1494 1971,1494 2079,1544 2143,1505 2477,1515 2478,1447 2455,1433 2390,1468 2360,1445 2246,1467 2137,1440 2003,1469 1936,1429 1816,1444"/>
                <Baseline points="1824,1482 1856,1484 1888,1485 1920,1488 1953,1488 1985,1490 2017,1491 2049,1491 2082,1491 2114,1491 2146,1493 2178,1493 2211,1493 2243,1493 2275,1493 2307,1493 2340,1493 2372,1493 2404,1493 2436,1494 2469,1494"/>
                <TextEquiv>
                    <Unicode>worden, nach dem Niclans</Unicode>
                </TextEquiv>
            </TextLine>
            <TextLine id="r1l17" custom="readingOrder {index:16;}">
                <Coords points="1802,1591 1822,1580 1886,1620 1992,1555 2180,1597 2217,1578 2262,1618 2334,1573 2467,1588 2467,1525 2393,1541 2327,1518 2251,1549 2171,1513 2079,1544 1985,1508 1942,1527 1911,1496 1802,1508"/>
                <Baseline points="1811,1565 1843,1566 1875,1566 1908,1567 1940,1568 1973,1568 2005,1568 2037,1568 2070,1569 2102,1569 2135,1569 2167,1568 2199,1568 2232,1568 2264,1568 2297,1568 2329,1567 2361,1566 2394,1566 2426,1566 2459,1565"/>
                <TextEquiv>
                    <Unicode>uhrer vern im souet</Unicode>
                </TextEquiv>
            </TextLine>
            <TextLine id="r1l18" custom="readingOrder {index:17;}">
                <Coords points="1806,1648 2042,1668 2247,1646 2336,1673 2394,1644 2481,1649 2481,1594 2355,1610 2327,1588 2261,1619 2201,1593 2134,1605 2081,1576 2018,1617 1990,1598 1890,1619 1833,1592 1806,1604"/>
                <Baseline points="1815,1625 1847,1630 1880,1634 1913,1637 1946,1640 1979,1641 2012,1643 2044,1643 2077,1643 2110,1643 2143,1641 2176,1641 2209,1640 2242,1638 2274,1637 2307,1636 2340,1635 2373,1635 2406,1634 2439,1635 2472,1635"/>
                <TextEquiv>
                    <Unicode>frannck slagen und er</Unicode>
                </TextEquiv>
            </TextLine>
            <TextLine id="r1l19" custom="readingOrder {index:18;} person {offset:0; length:6;}">
                <Coords points="1849,1720 1885,1712 1935,1742 2087,1717 2121,1746 2148,1723 2191,1742 2215,1717 2324,1715 2357,1740 2398,1712 2483,1703 2483,1669 2288,1681 2226,1654 2175,1690 2119,1658 1992,1685 1849,1661"/>
                <Baseline points="1857,1706 1887,1709 1918,1711 1949,1712 1980,1713 2011,1713 2042,1713 2073,1713 2104,1712 2135,1712 2166,1710 2196,1710 2227,1709 2258,1707 2289,1707 2320,1707 2351,1706 2382,1707 2413,1707 2444,1709 2475,1710"/>
                <TextEquiv>
                    <Unicode>Wermet zu sein hus</Unicode>
                </TextEquiv>
            </TextLine>
            <TextLine id="r1l20" custom="readingOrder {index:19;} person {offset:13; length:6;}">
                <Coords points="1830,1799 1876,1823 1938,1787 1970,1813 1996,1791 2092,1813 2145,1789 2252,1822 2328,1802 2377,1830 2468,1779 2469,1714 2404,1714 2302,1756 2262,1723 2217,1726 2113,1761 2056,1732 1901,1748 1831,1722"/>
                <Baseline points="1839,1775 1870,1776 1901,1778 1932,1779 1963,1781 1994,1781 2025,1782 2056,1782 2087,1782 2118,1782 2149,1782 2180,1782 2211,1782 2242,1782 2273,1782 2304,1782 2335,1782 2366,1782 2397,1782 2428,1782 2460,1782"/>
                <TextEquiv>
                    <Unicode>hon und sine Aspers husse</Unicode>
                </TextEquiv>
            </TextLine>
            <TextLine id="r1l21" custom="readingOrder {index:20;}">
                <Coords points="1814,1886 1847,1908 1948,1861 2060,1912 2134,1867 2254,1888 2281,1867 2370,1878 2490,1853 2490,1812 2429,1786 2377,1830 2299,1814 2227,1835 2184,1807 1989,1825 1938,1787 1876,1826 1815,1788"/>
                <Baseline points="1823,1850 1855,1850 1888,1851 1921,1853 1954,1854 1987,1854 2020,1856 2053,1857 2086,1859 2119,1859 2152,1860 2184,1860 2217,1860 2250,1860 2283,1860 2316,1859 2349,1857 2382,1856 2415,1854 2448,1850 2481,1847"/>
                <TextEquiv>
                    <Unicode>frouw gefragt was im</Unicode>
                </TextEquiv>
            </TextLine>
            <TextLine id="r1l22" custom="readingOrder {index:21;}">
                <Coords points="1817,1940 1889,1958 1920,1933 1966,1965 2046,1937 2161,1934 2284,1971 2332,1940 2477,1927 2477,1892 2426,1887 2293,1910 2269,1888 2181,1881 2060,1912 1918,1880 1817,1888"/>
                <Baseline points="1826,1925 1858,1926 1890,1928 1922,1929 1954,1931 1986,1932 2018,1932 2050,1934 2082,1934 2114,1935 2147,1935 2179,1935 2211,1935 2243,1934 2275,1934 2307,1932 2339,1931 2371,1929 2403,1927 2435,1925 2468,1920"/>
                <TextEquiv>
                    <Unicode>were, er woll sy leeren</Unicode>
                </TextEquiv>
            </TextLine>
            <TextLine id="r1l23" custom="readingOrder {index:22;}">
                <Coords points="1803,2006 1986,2003 2013,2031 2085,2041 2107,2021 2193,2034 2301,2004 2420,2015 2460,2008 2460,1936 2285,1978 2202,1937 2082,1981 1971,1971 1945,1947 1803,1944"/>
                <Baseline points="1812,1989 1845,1993 1879,1997 1912,1999 1946,2001 1980,2003 2013,2005 2047,2006 2081,2007 2114,2007 2148,2007 2181,2007 2215,2006 2249,2006 2282,2003 2316,2003 2350,2000 2383,1998 2417,1995 2451,1992"/>
                <TextEquiv>
                    <Unicode>das im hholffen werd</Unicode>
                </TextEquiv>
            </TextLine>
            <TextLine id="r1l24" custom="readingOrder {index:23;} person {offset:15; length:8;}">
                <Coords points="1811,2085 1924,2099 1955,2081 2051,2116 2114,2089 2383,2102 2468,2077 2467,2049 2337,2041 2291,2008 2197,2047 2084,2042 1986,2004 1956,2027 1923,2012 1865,2052 1811,2048"/>
                <Baseline points="1820,2081 1853,2082 1887,2083 1920,2084 1954,2084 1988,2085 2021,2085 2055,2085 2089,2085 2122,2084 2156,2084 2189,2082 2223,2082 2257,2081 2290,2079 2324,2078 2358,2077 2391,2075 2425,2074 2459,2072"/>
                <TextEquiv>
                    <Unicode>vnnd ob sy das NueMaria</Unicode>
                </TextEquiv>
            </TextLine>
            <TextLine id="r1l25" custom="readingOrder {index:24;}">
                <Coords points="1800,2190 2085,2160 2171,2191 2304,2142 2344,2164 2489,2159 2492,2109 2411,2094 2340,2123 2179,2102 1976,2125 1944,2098 1799,2086"/>
                <Baseline points="1808,2153 1841,2154 1875,2154 1909,2154 1943,2156 1976,2156 2010,2156 2044,2156 2078,2156 2111,2156 2145,2156 2179,2156 2213,2156 2246,2155 2280,2154 2314,2153 2348,2151 2381,2150 2415,2148 2449,2146 2483,2142"/>
                <TextEquiv>
                    <Unicode>sönne sy musse es und das</Unicode>
                </TextEquiv>
            </TextLine>
            <TextLine id="r1l26" custom="readingOrder {index:25;}">
                <Coords points="1802,2240 1905,2254 2002,2232 2061,2271 2151,2252 2213,2279 2296,2233 2329,2253 2479,2233 2479,2182 2433,2198 2402,2176 2337,2203 2258,2182 2137,2211 1947,2206 1909,2179 1802,2194"/>
                <Baseline points="1811,2228 1844,2231 1877,2232 1910,2234 1943,2235 1976,2235 2009,2235 2042,2235 2075,2235 2108,2235 2141,2234 2174,2233 2207,2232 2240,2231 2273,2229 2306,2228 2339,2228 2372,2226 2405,2225 2438,2223 2471,2222"/>
                <TextEquiv>
                    <Unicode>vatter vnser, ouch den glouben</Unicode>
                </TextEquiv>
            </TextLine>
            <TextLine id="r1l27" custom="readingOrder {index:26;}">
                <Coords points="1818,2344 1865,2314 1994,2353 2072,2348 2123,2315 2233,2333 2262,2305 2474,2327 2472,2228 2319,2260 2252,2251 2215,2284 2102,2260 2064,2280 2004,2233 1955,2265 1816,2269"/>
                <Baseline points="1826,2306 1859,2307 1893,2309 1926,2310 1960,2310 1994,2312 2027,2312 2061,2312 2095,2311 2128,2310 2162,2310 2195,2309 2229,2307 2263,2307 2296,2305 2330,2303 2364,2302 2397,2301 2431,2298 2465,2297"/>
                <TextEquiv>
                    <Unicode>hindersich pätten vnd als sy</Unicode>
                </TextEquiv>
            </TextLine>
            <TextLine id="r1l28" custom="readingOrder {index:27;}">
                <Coords points="1792,2409 1867,2395 1925,2420 2014,2386 2066,2408 2250,2387 2408,2422 2505,2373 2504,2333 2470,2325 2359,2319 2294,2358 2248,2338 2004,2364 1937,2341 1860,2356 1791,2314"/>
                <Baseline points="1800,2379 1834,2381 1869,2381 1904,2382 1939,2383 1974,2384 2008,2385 2043,2385 2078,2387 2113,2387 2148,2387 2182,2387 2217,2386 2252,2385 2287,2384 2322,2382 2356,2381 2391,2378 2426,2375 2461,2372 2496,2367"/>
                <TextEquiv>
                    <Unicode>Im grantwurttet sy khonm</Unicode>
                </TextEquiv>
            </TextLine>
            <TextLine id="r1l29" custom="readingOrder {index:28;}">
                <Coords points="1797,2475 1972,2460 2018,2500 2136,2475 2222,2509 2291,2470 2505,2476 2505,2377 2408,2423 2284,2417 2255,2391 2190,2432 2086,2402 1975,2431 1797,2422"/>
                <Baseline points="1805,2456 1839,2456 1874,2456 1908,2457 1943,2458 1977,2459 2012,2460 2046,2460 2081,2461 2115,2462 2150,2462 2185,2462 2219,2462 2254,2462 2288,2462 2323,2460 2357,2458 2392,2457 2426,2454 2461,2451 2496,2448"/>
                <TextEquiv>
                    <Unicode>es nit also dann sy es nit uff</Unicode>
                </TextEquiv>
            </TextLine>
            <TextLine id="r1l30" custom="readingOrder {index:29;}">
                <Coords points="1785,2548 2009,2581 2112,2541 2194,2577 2392,2546 2466,2568 2466,2481 2442,2473 2387,2505 2322,2473 2223,2509 2083,2486 2011,2500 1978,2471 1944,2495 1785,2480"/>
                <Baseline points="1793,2532 1826,2532 1859,2532 1892,2532 1925,2534 1959,2534 1992,2535 2025,2535 2058,2537 2091,2538 2125,2538 2158,2538 2191,2538 2224,2538 2257,2538 2291,2538 2324,2537 2357,2534 2390,2531 2423,2528 2457,2523"/>
                <TextEquiv>
                    <Unicode>die wyßgelert, ergsproh</Unicode>
                </TextEquiv>
            </TextLine>
            <TextLine id="r1l31" custom="readingOrder {index:30;}">
                <Coords points="1767,2631 1919,2621 2059,2656 2143,2618 2337,2643 2480,2592 2479,2563 2362,2581 2339,2559 2302,2579 2084,2558 2042,2583 1964,2560 1859,2580 1812,2548 1766,2553"/>
                <Baseline points="1775,2609 1809,2609 1844,2610 1879,2610 1914,2612 1949,2612 1983,2613 2018,2613 2053,2614 2088,2615 2123,2615 2157,2613 2192,2613 2227,2612 2262,2610 2297,2607 2331,2605 2366,2601 2401,2598 2436,2593 2471,2586"/>
                <TextEquiv>
                    <Unicode>So müstse sy etwan ein ein</Unicode>
                </TextEquiv>
            </TextLine>
            <TextLine id="r1l32" custom="readingOrder {index:31;}">
                <Coords points="1815,2721 1961,2699 2189,2732 2242,2701 2430,2688 2466,2712 2514,2702 2512,2616 2367,2651 2314,2624 2253,2650 2130,2618 2034,2660 1813,2637"/>
                <Baseline points="1823,2682 1857,2684 1891,2685 1925,2686 1959,2687 1993,2687 2027,2687 2061,2687 2095,2687 2129,2685 2163,2685 2197,2684 2231,2682 2265,2681 2299,2680 2333,2678 2367,2676 2401,2675 2435,2673 2469,2672 2504,2669"/>
                <TextEquiv>
                    <Unicode>hustlen mit salz umb gottswill</Unicode>
                </TextEquiv>
            </TextLine>
            <TextEquiv>
                <Unicode>Vff das er sich verantwurte
Es möge sie das er sy glert
Das Am Maria, das var unser
und den sloubenn patten
iber doch nit greden das syes
binder sich pätten solle, it
er ist ouch nit bekantlich
as er den glouben mit
disen wortten augfangen
Lamlich ich glouben von
Gott, sunders pattet er
bube inn gott etc. sy
müßse es nit recht ver¬
standen habenn
so denne ist im fürgworffen
worden, nach dem Niclans
uhrer vern im souet
frannck slagen und er
Wermet zu sein hus
hon und sine Aspers husse
frouw gefragt was im
were, er woll sy leeren
das im hholffen werd
vnnd ob sy das NueMaria
sönne sy musse es und das
vatter vnser, ouch den glouben
hindersich pätten vnd als sy
Im grantwurttet sy khonm
es nit also dann sy es nit uff
die wyßgelert, ergsproh
So müstse sy etwan ein ein
hustlen mit salz umb gottswill</Unicode>
            </TextEquiv>
        </TextRegion>
        <TextRegion orientation="0.0" id="r2" custom="readingOrder {index:1;}">
            <Coords points="2579,163 2579,2666 3399,2666 3399,163"/>
            <TextLine id="r2l1" custom="readingOrder {index:0;}">
                <Coords points="3308,237 3316,238 3334,228 3341,229 3364,211 3370,215 3389,211 3406,217 3410,149 3393,143 3372,162 3348,150 3337,158 3328,151 3312,152"/>
                <Baseline points="3318,197 3345,200 3372,203 3399,200"/>
                <TextEquiv>
                    <Unicode>134</Unicode>
                </TextEquiv>
            </TextLine>
            <TextLine id="r2l2" custom="readingOrder {index:1;}">
                <Coords points="2621,320 2739,273 2809,291 2843,259 2932,240 2989,238 3025,265 3071,234 3243,266 3293,252 3289,197 3176,170 3110,193 3065,159 2979,201 2902,186 2861,211 2819,190 2774,230 2673,218 2616,248"/>
                <Baseline points="2627,293 2659,284 2692,276 2725,267 2758,261 2791,255 2824,251 2856,246 2889,243 2922,240 2955,239 2988,236 3021,236 3054,234 3086,234 3119,234 3152,234 3185,236 3218,237 3251,237 3284,239"/>
                <TextEquiv>
                    <Unicode>ebenn, der es also bätte</Unicode>
                </TextEquiv>
            </TextLine>
            <TextLine id="r2l3" custom="readingOrder {index:2;}">
                <Coords points="2600,408 2731,387 2777,340 2950,316 3053,343 3123,317 3175,340 3357,320 3351,257 3320,251 3242,287 3183,255 2905,296 2722,276 2627,334 2593,313"/>
                <Baseline points="2607,380 2644,369 2681,358 2718,350 2755,342 2792,336 2829,331 2866,326 2903,322 2940,318 2977,315 3014,314 3051,312 3088,311 3125,311 3162,309 3199,309 3236,309 3273,309 3310,309 3347,311"/>
                <TextEquiv>
                    <Unicode>Joch thönm ers ouch wol unnd</Unicode>
                </TextEquiv>
            </TextLine>
            <TextLine id="r2l4" custom="readingOrder {index:3;}">
                <Coords points="2593,447 2919,402 2988,436 3021,397 3104,374 3140,399 3347,395 3358,332 3007,344 2947,317 2910,355 2850,335 2731,387 2589,398"/>
                <Baseline points="2601,440 2638,432 2676,425 2713,419 2751,413 2789,408 2826,403 2864,398 2901,394 2939,391 2977,387 3014,386 3052,383 3089,381 3127,380 3165,380 3202,379 3240,378 3277,379 3315,380 3353,380"/>
                <TextEquiv>
                    <Unicode>wenn sy ims gebe so wöll</Unicode>
                </TextEquiv>
            </TextLine>
            <TextLine id="r2l5" custom="readingOrder {index:4;}">
                <Coords points="2594,530 2718,530 2795,482 2836,508 2989,470 3040,504 3181,449 3354,461 3350,420 3247,396 3086,414 3026,395 2990,434 2890,406 2811,454 2590,478"/>
                <Baseline points="2601,510 2638,503 2675,496 2712,490 2749,485 2786,480 2823,476 2861,472 2898,468 2935,465 2972,462 3009,461 3046,458 3083,456 3121,454 3158,452 3195,451 3232,449 3269,447 3306,446 3344,443"/>
                <TextEquiv>
                    <Unicode>ersthun, daruf sy in ein</Unicode>
                </TextEquiv>
            </TextLine>
            <TextLine id="r2l6" custom="readingOrder {index:5;}">
                <Coords points="2604,617 2633,598 2691,619 2819,556 2998,574 3027,555 3065,576 3133,533 3353,533 3350,483 3243,492 3202,468 3041,502 2997,477 2947,506 2595,530"/>
                <Baseline points="2609,590 2645,583 2682,576 2719,569 2756,564 2792,559 2829,553 2866,548 2903,544 2939,540 2976,537 3013,534 3050,531 3086,528 3123,526 3160,524 3197,522 3233,521 3270,519 3307,518 3344,516"/>
                <TextEquiv>
                    <Unicode>steüslen mit salz unnd ein</Unicode>
                </TextEquiv>
            </TextLine>
            <TextLine id="r2l7" custom="readingOrder {index:6;}">
                <Coords points="2596,666 3101,609 3245,639 3306,602 3377,634 3394,559 3256,549 3198,572 3140,533 3036,583 2760,578 2692,617 2592,615"/>
                <Baseline points="2604,653 2643,647 2682,641 2721,636 2761,631 2800,626 2839,622 2878,617 2918,613 2957,611 2996,607 3035,605 3075,603 3114,601 3153,600 3192,599 3232,599 3271,599 3310,600 3349,601 3389,603"/>
                <TextEquiv>
                    <Unicode>vertteill von einem das gebun,</Unicode>
                </TextEquiv>
            </TextLine>
            <TextLine id="r2l8" custom="readingOrder {index:7;}">
                <Coords points="2572,744 2671,750 2779,707 2855,734 2927,692 3140,712 3273,691 3323,712 3327,653 3012,620 2943,641 2900,618 2821,666 2568,675"/>
                <Baseline points="2580,726 2617,722 2654,718 2691,713 2728,709 2765,705 2802,700 2839,698 2876,694 2913,690 2950,688 2987,686 3024,683 3061,682 3098,681 3135,681 3172,681 3209,681 3246,683 3283,686 3320,689"/>
                <TextEquiv>
                    <Unicode>So sye er vff die dile ganns</Unicode>
                </TextEquiv>
            </TextLine>
            <TextLine id="r2l9" custom="readingOrder {index:8;}">
                <Coords points="2609,811 2674,784 2740,806 2854,782 2972,791 3016,767 3319,772 3335,720 3276,708 3180,736 3125,708 2927,692 2879,739 2787,719 2731,755 2604,731"/>
                <Baseline points="2616,797 2651,792 2687,787 2722,784 2758,779 2794,776 2829,773 2865,770 2901,766 2936,763 2972,761 3008,759 3043,758 3079,756 3115,755 3150,755 3186,755 3222,755 3257,755 3293,756 3329,756"/>
                <TextEquiv>
                    <Unicode>da sy den feüwend mit</Unicode>
                </TextEquiv>
            </TextLine>
            <TextLine id="r2l10" custom="readingOrder {index:9;}">
                <Coords points="2604,862 2661,901 2760,865 2879,889 2966,847 3053,871 3105,846 3183,880 3375,834 3373,796 3343,806 3272,761 3185,765 3137,804 2859,792 2756,823 2666,791 2602,813"/>
                <Baseline points="2613,869 2650,865 2688,860 2725,857 2763,853 2801,850 2838,847 2876,845 2914,842 2951,839 2989,837 3027,836 3064,834 3102,833 3140,833 3177,831 3215,831 3253,833 3290,833 3328,834 3366,836"/>
                <TextEquiv>
                    <Unicode>usamen thanen seuch funden</Unicode>
                </TextEquiv>
            </TextLine>
            <TextLine id="r2l11" custom="readingOrder {index:10;}">
                <Coords points="2578,951 2727,942 2826,968 2872,944 2954,962 2980,933 3015,950 3077,931 3118,956 3198,914 3296,929 3312,880 3189,884 3112,859 3038,884 2969,846 2818,900 2726,879 2658,912 2574,884"/>
                <Baseline points="2586,945 2623,943 2661,941 2699,938 2737,935 2775,933 2813,930 2850,928 2888,925 2926,923 2964,920 3002,918 3040,916 3077,914 3115,912 3153,911 3191,909 3229,909 3267,908 3305,908"/>
                <TextEquiv>
                    <Unicode>Er aber habe sich erzürnit</Unicode>
                </TextEquiv>
            </TextLine>
            <TextLine id="r2l12" custom="readingOrder {index:11;}">
                <Coords points="2620,1051 2668,1014 2726,1041 2810,1013 2967,1036 3100,992 3184,1021 3237,993 3352,1041 3347,926 3320,917 3256,942 3217,920 3106,958 3041,936 2836,971 2616,947"/>
                <Baseline points="2628,1020 2663,1017 2699,1013 2735,1010 2770,1007 2806,1003 2842,1000 2877,999 2913,996 2949,993 2985,992 3020,990 3056,989 3092,989 3127,988 3163,987 3199,987 3234,987 3270,989 3306,989 3342,990"/>
                <TextEquiv>
                    <Unicode>prechende, was sy da zeschaffen</Unicode>
                </TextEquiv>
            </TextLine>
            <TextLine id="r2l13" custom="readingOrder {index:12;}">
                <Coords points="2579,1130 2700,1087 2795,1110 2839,1094 2920,1125 3079,1070 3258,1080 3296,1059 3294,1023 3161,1036 3084,1015 3052,1043 2920,1015 2845,1047 2668,1015 2576,1074"/>
                <Baseline points="2586,1095 2621,1094 2656,1092 2691,1091 2726,1089 2761,1086 2796,1084 2831,1080 2866,1077 2901,1074 2936,1071 2971,1069 3006,1067 3041,1064 3076,1062 3111,1061 3146,1059 3181,1059 3216,1059 3251,1059 3287,1061"/>
                <TextEquiv>
                    <Unicode>habe Also das sy widerumb</Unicode>
                </TextEquiv>
            </TextLine>
            <TextLine id="r2l14" custom="readingOrder {index:13;}">
                <Coords points="2598,1168 2702,1192 2833,1163 2945,1181 3010,1143 3127,1156 3175,1129 3358,1164 3338,1068 3273,1104 3078,1071 3012,1121 2963,1103 2750,1129 2695,1094 2596,1130"/>
                <Baseline points="2607,1161 2644,1160 2681,1158 2718,1157 2755,1155 2792,1153 2829,1151 2866,1148 2903,1145 2940,1142 2977,1140 3014,1137 3051,1135 3088,1133 3125,1131 3162,1130 3199,1128 3236,1128 3273,1128 3310,1130 3348,1131"/>
                <TextEquiv>
                    <Unicode>von den ganngen bald darnach</Unicode>
                </TextEquiv>
            </TextLine>
            <TextLine id="r2l15" custom="readingOrder {index:14;}">
                <Coords points="2606,1259 2645,1274 2685,1238 2769,1235 2921,1255 3069,1209 3227,1222 3329,1202 3327,1167 3232,1182 3136,1159 3088,1184 3017,1149 2949,1184 2899,1156 2822,1208 2600,1172"/>
                <Baseline points="2613,1239 2648,1238 2683,1238 2719,1236 2754,1234 2790,1232 2825,1230 2860,1226 2896,1223 2931,1220 2967,1218 3002,1215 3037,1213 3073,1209 3108,1208 3144,1205 3179,1204 3214,1203 3250,1203 3285,1203 3321,1203"/>
                <TextEquiv>
                    <Unicode>sige erouch khomen und ein</Unicode>
                </TextEquiv>
            </TextLine>
            <TextLine id="r2l16" custom="readingOrder {index:15;} place {offset:9; length:10;}">
                <Coords points="2608,1323 2708,1343 2922,1306 2967,1334 3002,1301 3054,1312 3121,1282 3312,1297 3341,1290 3338,1238 3281,1257 3160,1223 3097,1261 2967,1230 2911,1262 2772,1231 2681,1290 2605,1274"/>
                <Baseline points="2615,1313 2650,1313 2686,1311 2722,1310 2758,1308 2794,1307 2830,1304 2865,1301 2901,1299 2937,1296 2973,1295 3009,1292 3045,1290 3081,1286 3116,1285 3152,1282 3188,1281 3224,1279 3260,1277 3296,1276 3332,1275"/>
                <TextEquiv>
                    <Unicode>auch von täckholter und mit</Unicode>
                </TextEquiv>
            </TextLine>
            <TextLine id="r2l17" custom="readingOrder {index:16;}">
                <Coords points="2593,1393 2725,1397 2748,1378 2883,1396 3099,1367 3221,1385 3264,1350 3293,1356 3291,1306 3259,1318 3218,1291 3114,1338 3036,1321 2803,1347 2754,1327 2718,1351 2652,1315 2589,1322"/>
                <Baseline points="2601,1385 2635,1383 2669,1382 2703,1380 2737,1379 2771,1377 2805,1375 2840,1373 2874,1371 2908,1370 2942,1369 2976,1367 3010,1366 3044,1363 3079,1361 3113,1359 3147,1358 3181,1356 3215,1354 3249,1352 3284,1349"/>
                <TextEquiv>
                    <Unicode>lader von einem alten schu</Unicode>
                </TextEquiv>
            </TextLine>
            <TextLine id="r2l18" custom="readingOrder {index:17;}">
                <Coords points="2579,1471 2723,1462 2747,1484 2793,1453 2927,1474 2981,1455 3156,1486 3355,1443 3353,1395 3275,1369 3184,1400 3058,1375 2904,1422 2821,1378 2651,1425 2577,1397"/>
                <Baseline points="2588,1455 2627,1455 2667,1455 2707,1454 2747,1454 2787,1451 2827,1449 2867,1448 2907,1446 2947,1444 2987,1442 3027,1440 3067,1438 3107,1436 3147,1436 3187,1434 3227,1434 3267,1434 3307,1434 3347,1436"/>
                <TextEquiv>
                    <Unicode>den diestuben gmacht und sy gheissn</Unicode>
                </TextEquiv>
            </TextLine>
            <TextLine id="r2l19" custom="readingOrder {index:18;}">
                <Coords points="2611,1560 2774,1521 2812,1541 2867,1528 2909,1559 3041,1513 3107,1545 3186,1515 3328,1510 3326,1462 3297,1456 3156,1487 2958,1462 2903,1495 2836,1473 2608,1476"/>
                <Baseline points="2618,1535 2653,1531 2688,1527 2723,1524 2758,1521 2793,1520 2828,1517 2863,1516 2898,1515 2933,1514 2969,1513 3004,1512 3039,1512 3074,1511 3109,1511 3144,1509 3179,1509 3214,1508 3249,1506 3284,1505 3320,1502"/>
                <TextEquiv>
                    <Unicode>sy solle es ouch thun, so werde</Unicode>
                </TextEquiv>
            </TextLine>
            <TextLine id="r2l20" custom="readingOrder {index:19;}">
                <Coords points="2576,1630 2609,1605 2859,1596 2897,1617 2934,1593 3126,1605 3169,1579 3293,1583 3290,1521 3172,1559 3086,1540 2907,1560 2865,1538 2840,1561 2656,1575 2573,1553"/>
                <Baseline points="2583,1608 2618,1605 2653,1601 2688,1598 2723,1595 2758,1593 2793,1592 2828,1591 2863,1589 2898,1589 2933,1587 2968,1587 3003,1586 3038,1584 3073,1584 3108,1582 3143,1581 3178,1579 3213,1577 3248,1574 3284,1571"/>
                <TextEquiv>
                    <Unicode>irem man das wer vergan, do</Unicode>
                </TextEquiv>
            </TextLine>
            <TextLine id="r2l21" custom="readingOrder {index:20;}">
                <Coords points="2581,1698 2639,1677 2688,1711 2751,1708 2876,1662 3073,1700 3129,1661 3192,1693 3281,1653 3335,1667 3331,1583 3200,1588 3150,1620 3104,1591 3023,1621 2969,1596 2856,1630 2810,1599 2700,1635 2579,1630"/>
                <Baseline points="2589,1674 2625,1672 2662,1671 2699,1668 2736,1667 2773,1665 2810,1664 2846,1662 2883,1661 2920,1659 2957,1658 2994,1655 3031,1655 3068,1653 3104,1652 3141,1650 3178,1649 3215,1647 3252,1646 3289,1644 3326,1643"/>
                <TextEquiv>
                    <Unicode>habe sy seinlichs ouch bruch wöll</Unicode>
                </TextEquiv>
            </TextLine>
            <TextLine id="r2l22" custom="readingOrder {index:21;}">
                <Coords points="2589,1774 2817,1775 2932,1740 3075,1739 3116,1763 3186,1730 3293,1769 3328,1755 3313,1663 3256,1694 3161,1700 3105,1672 3056,1704 3006,1686 2852,1715 2809,1691 2761,1718 2585,1697"/>
                <Baseline points="2597,1745 2633,1747 2669,1748 2705,1748 2741,1747 2777,1746 2813,1745 2849,1743 2885,1740 2921,1737 2957,1735 2993,1733 3029,1730 3065,1728 3101,1725 3137,1723 3173,1721 3209,1720 3245,1719 3281,1718 3317,1719"/>
                <TextEquiv>
                    <Unicode>Es hab iren aber dhein wuch</Unicode>
                </TextEquiv>
            </TextLine>
            <TextLine id="r2l23" custom="readingOrder {index:22;}">
                <Coords points="2601,1851 2640,1821 2677,1829 2724,1828 2737,1819 2759,1825 2776,1816 2799,1823 2824,1819 2823,1776 2808,1773 2789,1782 2741,1762 2688,1780 2634,1776 2617,1782 2599,1774"/>
                <Baseline points="2609,1820 2634,1818 2660,1818 2686,1816 2712,1815 2738,1815 2764,1814 2790,1815 2816,1817"/>
                <TextEquiv>
                    <Unicode>sebenn</Unicode>
                </TextEquiv>
            </TextLine>
            <TextLine id="r2l24" custom="readingOrder {index:23;}">
                <Coords points="2571,2015 2679,2026 2764,1995 3060,2017 3244,1988 3279,2005 3279,1944 3041,1940 2969,1913 2892,1947 2807,1896 2571,1915"/>
                <Baseline points="2579,1986 2613,1988 2648,1988 2682,1989 2717,1991 2751,1991 2786,1992 2820,1992 2855,1994 2889,1994 2924,1994 2959,1994 2993,1994 3028,1994 3062,1993 3097,1992 3131,1991 3166,1989 3200,1988 3235,1985 3270,1983"/>
                <TextEquiv>
                    <Unicode>Disen Artickell hatt er</Unicode>
                </TextEquiv>
            </TextLine>
            <TextLine id="r2l25" custom="readingOrder {index:24;}">
                <Coords points="2584,2073 2731,2081 2790,2116 2885,2088 2927,2110 2989,2070 3055,2096 3124,2066 3335,2067 3334,2008 3306,1999 3014,2044 2925,2002 2864,2041 2583,2013"/>
                <Baseline points="2592,2060 2628,2062 2665,2063 2702,2066 2738,2066 2775,2067 2812,2067 2848,2067 2885,2067 2922,2067 2959,2066 2995,2064 3032,2064 3069,2063 3105,2061 3142,2059 3179,2058 3215,2057 3252,2054 3289,2052 3326,2051"/>
                <TextEquiv>
                    <Unicode>Also versprochenn Nanlichen</Unicode>
                </TextEquiv>
            </TextLine>
            <TextLine id="r2l26" custom="readingOrder {index:25;} person {offset:29; length:4;}">
                <Coords points="2597,2143 2724,2148 2783,2193 2841,2200 2936,2161 2971,2176 3028,2150 3080,2168 3332,2134 3331,2088 3285,2099 3212,2065 3123,2066 3061,2103 2878,2096 2841,2125 2596,2097"/>
                <Baseline points="2606,2135 2641,2138 2677,2141 2713,2144 2749,2145 2785,2147 2821,2147 2856,2147 2892,2145 2928,2145 2964,2144 3000,2141 3036,2140 3072,2138 3107,2136 3143,2133 3179,2131 3215,2129 3251,2127 3287,2125 3323,2123"/>
                <TextEquiv>
                    <Unicode>wie war see, dazs er gesagts Ases</Unicode>
                </TextEquiv>
            </TextLine>
            <TextLine id="r2l27" custom="readingOrder {index:26;}">
                <Coords points="2574,2246 2600,2258 2640,2222 2755,2243 2895,2224 2928,2254 3025,2217 3073,2245 3132,2211 3220,2236 3364,2197 3364,2173 3187,2149 3148,2178 2964,2189 2932,2163 2858,2201 2723,2198 2626,2149 2572,2166"/>
                <Baseline points="2582,2204 2620,2209 2659,2215 2698,2217 2736,2220 2775,2222 2814,2223 2852,2223 2891,2222 2930,2220 2969,2218 3007,2217 3046,2214 3085,2211 3123,2208 3162,2206 3201,2203 3239,2200 3278,2198 3317,2197 3356,2196"/>
                <TextEquiv>
                    <Unicode>frouwen anzogen, was uman</Unicode>
                </TextEquiv>
            </TextLine>
            <TextLine id="r2l28" custom="readingOrder {index:27;}">
                <Coords points="2605,2340 2732,2288 2843,2305 2916,2344 3110,2283 3270,2281 3299,2268 3298,2225 3256,2242 3187,2225 3146,2253 3096,2237 3049,2264 2996,2238 2895,2271 2849,2250 2801,2274 2717,2231 2602,2246"/>
                <Baseline points="2612,2277 2645,2282 2679,2286 2713,2291 2747,2292 2781,2294 2815,2295 2849,2295 2883,2295 2917,2294 2951,2294 2984,2291 3018,2289 3052,2287 3086,2284 3120,2282 3154,2279 3188,2276 3222,2273 3256,2271 3290,2268"/>
                <TextEquiv>
                    <Unicode>theye unnd sy sheißben das</Unicode>
                </TextEquiv>
            </TextLine>
            <TextLine id="r2l29" custom="readingOrder {index:28;} person {offset:4; length:5;}">
                <Coords points="2586,2367 2769,2365 2940,2400 2981,2377 3165,2371 3212,2411 3302,2370 3301,2307 3231,2293 3100,2336 2990,2316 2914,2343 2688,2341 2645,2308 2585,2329"/>
                <Baseline points="2594,2355 2630,2358 2667,2361 2704,2363 2741,2364 2777,2366 2814,2367 2851,2367 2888,2367 2925,2367 2961,2367 2998,2366 3035,2364 3072,2363 3109,2361 3145,2358 3182,2355 3219,2351 3256,2348 3293,2343"/>
                <TextEquiv>
                    <Unicode>Anr Maria vatter vnnser</Unicode>
                </TextEquiv>
            </TextLine>
            <TextLine id="r2l30" custom="readingOrder {index:29;}">
                <Coords points="2602,2434 2667,2454 2751,2439 2830,2469 3300,2423 3299,2385 3207,2405 3151,2380 3103,2410 3006,2414 2918,2381 2807,2406 2602,2382"/>
                <Baseline points="2610,2421 2644,2426 2678,2430 2712,2433 2746,2435 2780,2436 2814,2438 2848,2439 2882,2439 2916,2439 2950,2439 2984,2438 3018,2436 3052,2435 3086,2433 3120,2431 3154,2430 3188,2427 3222,2424 3256,2421 3291,2420"/>
                <TextEquiv>
                    <Unicode>vnd den slouben pattenn</Unicode>
                </TextEquiv>
            </TextLine>
            <TextLine id="r2l31" custom="readingOrder {index:30;}">
                <Coords points="2601,2500 2749,2515 2849,2555 2898,2525 3035,2552 3109,2510 3348,2495 3348,2457 3300,2467 3255,2430 3199,2469 3142,2441 3119,2463 3009,2441 2960,2471 2828,2481 2600,2452"/>
                <Baseline points="2609,2493 2645,2497 2682,2501 2718,2504 2755,2505 2791,2507 2828,2507 2864,2508 2901,2507 2937,2507 2974,2505 3010,2504 3047,2502 3083,2500 3120,2498 3156,2496 3193,2494 3229,2492 3266,2491 3302,2489 3339,2489"/>
                <TextEquiv>
                    <Unicode>aber nit hindersich, Sundes</Unicode>
                </TextEquiv>
            </TextLine>
            <TextLine id="r2l32" custom="readingOrder {index:31;}">
                <Coords points="2607,2576 2669,2573 2724,2610 2888,2578 2957,2600 2987,2573 3032,2602 3187,2572 3216,2586 3279,2569 3279,2515 3236,2536 3123,2515 3029,2546 2923,2525 2884,2549 2790,2549 2748,2520 2607,2536"/>
                <Baseline points="2615,2565 2647,2568 2680,2572 2713,2574 2746,2576 2778,2577 2811,2577 2844,2577 2877,2577 2909,2577 2942,2576 2975,2576 3008,2574 3040,2573 3073,2571 3106,2570 3139,2568 3171,2567 3204,2564 3237,2562 3270,2561"/>
                <TextEquiv>
                    <Unicode>es also gemnt, sy solle es</Unicode>
                </TextEquiv>
            </TextLine>
            <TextLine id="r2l33" custom="readingOrder {index:32;}">
                <Coords points="2608,2689 2653,2655 2796,2680 2975,2649 3042,2682 3117,2650 3296,2660 3295,2570 3200,2613 3052,2591 3012,2618 2907,2623 2818,2592 2738,2618 2679,2580 2650,2597 2605,2574"/>
                <Baseline points="2615,2634 2648,2639 2682,2642 2715,2645 2749,2647 2783,2648 2816,2649 2850,2649 2883,2649 2917,2648 2951,2646 2984,2645 3018,2643 3051,2641 3085,2640 3119,2637 3152,2636 3186,2634 3219,2633 3253,2632 3287,2631"/>
                <TextEquiv>
                    <Unicode>zum erstenn acht mal</Unicode>
                </TextEquiv>
            </TextLine>
            <TextEquiv>
                <Unicode>134
ebenn, der es also bätte
Joch thönm ers ouch wol unnd
wenn sy ims gebe so wöll
ersthun, daruf sy in ein
steüslen mit salz unnd ein
vertteill von einem das gebun,
So sye er vff die dile ganns
da sy den feüwend mit
usamen thanen seuch funden
Er aber habe sich erzürnit
prechende, was sy da zeschaffen
habe Also das sy widerumb
von den ganngen bald darnach
sige erouch khomen und ein
auch von täckholter und mit
lader von einem alten schu
den diestuben gmacht und sy gheissn
sy solle es ouch thun, so werde
irem man das wer vergan, do
habe sy seinlichs ouch bruch wöll
Es hab iren aber dhein wuch
sebenn
Disen Artickell hatt er
Also versprochenn Nanlichen
wie war see, dazs er gesagts Ases
frouwen anzogen, was uman
theye unnd sy sheißben das
Anr Maria vatter vnnser
vnd den slouben pattenn
aber nit hindersich, Sundes
es also gemnt, sy solle es
zum erstenn acht mal</Unicode>
            </TextEquiv>
        </TextRegion>
    </Page>
</PcGts>
