4032 3024
1545 372 2231 488 Erstlichenn obglych wol er
1546 447 2228 534 vor einem dar dien ettwas
1540 495 2218 594 bheiffungen gehannes, sye er der
1555 545 2223 656 zurselben zytt, 20 jar vol¬
1554 598 2223 685 kommenlich alle gsin, zu den
1554 652 2230 764 sye er ouch durch zwey wyber
1550 704 2228 808 ir verzeihung mit liffen hinde
1542 753 2206 858 ganngen wordenn, in
1549 807 2211 910 Annders aber umb der Ursach
1551 874 2227 948 willenn, Alls sy dasey und
1535 918 2232 1026 ir bystannd than tisset, so sich
1533 960 2225 1079 für die Vetter usgibt, viecher
1538 1014 2205 1103 malen uff irer reyß alhar
1536 1067 2225 1156 unnd widerumb biss heimen
1548 1124 2208 1222 erschampfft offtermalen
1530 1166 2210 1262 inn einem beth by einandern
1530 1204 2263 1331 glägenn, ob glych wol er darub
1541 1258 2229 1374 nit bekhenntlich sin wöllen, das
1588 1316 2231 1421 mit iren zeschaffen ghept
1539 1349 1589 1411 .
1527 1361 2221 1469 sye es aber by dem wol ab¬
1555 1416 2214 1520 enemen, das es beschehenn
1546 1459 2233 1562 Diewyl offenbar vnnd mein
1531 1514 2196 1622 blich wol weyßt, das er
1520 1560 2210 1669 brunstlicher anfechtung un¬
1549 1616 2238 1720 füscher werckenn dermaßen
1529 1664 2237 1768 underworffen, alls sins glychen
1567 1712 2216 1819 in mag, habe sy auch selbs
1544 1779 2214 1863 alls er ain gutem morgen
1545 1825 2210 1914 inn ir kammern kon, darum
1540 1860 2228 1956 noch ettlich andere glägen, die
1550 1907 2228 2016 er fragen wollen, wann sy hin¬
1561 1972 2226 2071 wag wollten, by einanderen
1550 2022 2226 2117 inn ein beth gfunden, unnd
1572 2070 2255 2165 sachenn sere kleider by einandern
1563 2132 2204 2205 uff einem bannck ligenn
1547 2174 2234 2257 da er sich für sy geschampt und
1560 2222 2252 2301 wider uß der kammeren ganngen
1578 2281 2256 2346 und sich irenthalb all so mechtig
1558 2310 2241 2387 verwundert, das sy sich zu einem
1559 2358 2244 2429 der iren verwannt ist gleyt hatt
1560 2396 2215 2484 diewyl sy sich sunst, so wol
1578 2445 2228 2518 für fromb reyn unnd un¬
1587 2497 2232 2587 schuldig darstellen und erzeigen
1577 2545 2268 2648 khonne, sye ouch nit meinen eineff
1595 2586 2202 2674 von wägen viler der gesten und
2285 317 3080 480 dess tranngs im wirtts, by unnd
2292 377 3048 543 glagen, dann alls er im heim¬
2285 423 3050 582 weg zu Reinant ouch inn i
2297 469 3059 625 wirttshus inkehrert, unnd des
2288 504 3048 675 wirtts Jungfrouwen iren an¬
2278 559 3046 735 ghalltten sy solle mit inenn
2271 617 3037 780 nidergan, hab sy genützlich nit
2292 662 3058 813 mit inen wöllenn unnd ge¬
2291 709 3092 887 sprochenn syn wolle iren verti
2287 762 3026 921 nit verlan, unnd wouer
2316 812 3057 979 s, ouch ir vetter nit gloubenn
2300 863 3058 1018 wötten, das sy allso by einanderen
2295 921 2985 1083 glägen, erputte er sich sollichs
2299 975 3078 1109 mit Eherenlüten verzeigenn.
2279 1040 3030 1170 Alls nun haruf diesnaz
2313 1058 3074 1205 ant durch die eerichter allein
2309 1123 3076 1266 befragt worden, ob sy alls by
2305 1179 3076 1320 Item vettern glägen syn, odert
2317 1212 3076 1369 hatt sy anzeigt unnd bekennt
2330 1271 3078 1408 sy syn by im glagen, aber dhein
2305 1313 3066 1460 bösten meynung, noch das sy sich
2316 1385 3021 1513 mit im inn unordennlichem
2315 1399 3075 1556 wärcken verganngen habe, sunds
2319 1474 3054 1605 Diewyl er sy von jugenit
2323 1523 3048 1662 uf erzogen, vnnd iren alls
2318 1581 3056 1702 ein vatter bystanndenn, habe
2321 1628 3080 1766 sy ins uff der reyß ouch stäts
2311 1674 3053 1818 nachgfollgett unnd damit
2440 1734 3033 1841 deser sicherer inn den
2304 1769 3043 1913 wirttshuseren wäre, sond
2322 1818 3064 1956 zu irem vetteren gelaget
2309 1855 3070 2000 dann so sy annderstwo glägen
2333 1911 3096 2053 wäre, hette man sy anzwyfel
2410 1981 3026 2090 meer uffricht dorffenn
2322 2021 2411 2084 vil
2313 2002 3077 2141 dann es sich auch offt zu treyt
2330 2064 3062 2186 das wann man ufferthalb und an
2328 2110 3075 2247 frömbden orthen, das sich die fründ
2344 2174 3049 2267 ettwann zusamen legen, ane
2375 2189 3094 2330 sy darumb böses zu thun gedenck
2704 2255 3056 2347 en alls er auch
2339 2262 2378 2308 de
2495 2300 2680 2389 vnd
2312 2308 2380 2369 und
2332 2295 3077 2449 fürgwennt, wie ir urtt, dem
2337 2345 3079 2474 unordenlichen fürschen läben ergaben.
2418 2399 3086 2524 vnnderworffenn, alls sins
2331 2441 3063 2582 glychen sin möge, hatt derselben
2356 2483 3083 2608 d gutter Johan Tisott an¬
2329 2532 3077 2682 zeigt, er thüye im inn den
