4032 3024
1658 353 2323 475 wird sy wider eheliche pflicht
1652 420 2323 521 unnd die verheisung, so sy ein¬
1652 472 2322 570 annder gethan, inne verlassen,
1656 522 2293 617 unnd von im zogen syn, unden
1643 580 2291 671 gesechen er sich gegen iren ge¬
1648 628 2287 726 halltten und getragen habe
1663 684 2331 775 wir einem biderman vol auffet
1662 740 2322 827 unnd wyn wol er sy offtmalen
1656 780 2295 878 ankennt, das sy widerumb
1656 827 2295 937 zu im kherrn unnd mit im
1665 885 2320 970 vie einer frommen frouwen
1647 928 2307 1039 zustande hushallten, welliches
1661 985 2337 1091 s aber genützlich nit thun, wöllen
1662 1043 2329 1131 stunders sich annderstwo ent¬
1649 1089 2287 1202 hallttenn wöllen, unnd habe
1659 1137 2331 1246 nun allso gegen ime die er¬
1656 1190 2331 1308 pflicht, so sy im schulldig gsin, der
1650 1253 2319 1346 gstallt inn vergäßen gstellt
1662 1300 2344 1419 das sy sich an einandern ghencke
1655 1347 2338 1459 unnd ein unerlich kheind sy ein¬
1657 1386 2344 1516 von Bernard gandus gut von dullit
1652 1438 2295 1563 erzüget, derhalben diewyl
1714 1488 2314 1607 inn alls verlassenn unnd
1672 1561 2295 1663 Ehebrüchtig an in worden
1679 1619 2283 1710 ye, begere er von iren
1661 1660 2322 1756 der erhalb gescheiden zu werden.
1713 1697 2311 1809 dargegenn obgedachte clandt
1680 1754 2325 1836 de la mart sin eefrouw an¬
1674 1806 2267 1897 zeigt, sy hette irs theills
1672 1835 2333 1931 ime gern erliche trüwleisten
1680 1902 2295 1992 wöllenn, unnd by im wonen
1697 1951 2288 2034 wöllen, so habe er iren
1674 1986 2320 2080 by nach, ir gutt hindurch gricht
1669 2036 2322 2112 vnnd inn wirttshusern ver¬
1685 2085 2276 2161 than, unnd alls sy gsechen, das
1680 2121 2306 2210 sy dhein hillff, noch bystand
1691 2175 2277 2249 meer von im ghept, unnd
1688 2226 2303 2297 er dhein husshäblichen sitz meer
2087 2268 2291 2341 von im
1681 2268 2093 2352 ghan, sund syn sy
1724 2315 2312 2386 gl vnnd meistern gedienet
1680 2349 2042 2428 deß fhälers halb
2040 2364 2323 2440 so sy begangen
1697 2384 2278 2476 könne sy nit verlougnenn
1692 2438 2348 2525 dann sy by obgedachtem beward
1697 2467 2339 2576 gande ein unerlich kind erzüget
1697 2521 2294 2612 sye aber iren sollichen fhäler
1703 2560 2297 2658 von hertzen leyd, unnd habe
1705 2587 2283 2690 Gott den herren ouch iren er
1709 2628 2346 2760 man umb verzychung gepätten.
2398 349 3139 494 unnd habe ouch derselb ir eeman
2401 396 3127 534 iren sollichen fhäler stab unnd
2399 431 3146 594 sy beide einanndern verheiffen uff
2397 490 3151 627 wienach verschinen widerumb zu¬
2409 550 3142 688 einandern zekherren unnd huss¬
2408 596 3171 755 gehallttenn, wölliches sy irs theils
2405 640 3139 814 noch jetz gern thun wölle, daruf
2396 700 3124 860 der fleger solliches widersprochen
2403 744 3153 888 unnd anzeigt, er habe iren sol
2391 795 3167 958 lichen fhäler dheins wegs ver¬
2404 853 3166 1005 zigenn unnd von iren vie obstat
2406 890 3135 1048 der erhalb gescheiden zu werden
2418 932 3167 1114 begertt, sind allso die paye
2429 994 3114 1151 vmb eundtliche urtheil alhar
2414 1044 3172 1205 betaget wordenn, Conquitum
2425 1079 3173 1282 ist. Diewyl sy des beganng¬
2433 1158 3157 1316 nen thalers bekhanntlich
2448 1207 3156 1376 unnd derselbig mit einem
2441 1246 3181 1407 unerlichen Khrind offenbar
2468 1316 3132 1458 worden, vnnd er ir den
2447 1343 3166 1504 selbenn nit verzychen wölle.
2416 1400 3163 1558 das sy deshalb aller erlichenn
2429 1477 3130 1611 baunden, vnnd pflicht von ein¬
2435 1509 3182 1655 annderen ledig erkennt, und inen
2427 1560 3138 1705 aber sich ander fhart zeuer erlichen
3048 1613 3114 1683 .
2439 1623 3032 1755 verspotten sein solle, im
2443 1660 3123 1801 dat, iren 1 jar zu straff
2444 1706 3163 1847 des fhälers unnd so sy sich nach
2446 1745 3177 1894 verschinnung irs zills anderfart
2452 1802 3170 1936 wölten vereelichen, sol sy ein schyn
2453 1862 3163 1991 irer beferung bringen unnd
2462 1909 3159 2052 sol indes hiemit sin costen an
2448 1994 2848 2108 im selbs haben
2588 2067 2951 2192 Ober Bipp
2474 2135 3178 2258 uff fürgebracht schrifftlichen schyn
2451 2203 3177 2306 vom vogt zu Bipp, wie das Ben¬
2457 2243 3132 2357 dicht arnen von malefiter
2463 2272 3191 2408 handlung wegen, so er mit faltsch
2470 2320 3189 2448 shundtschafft stag, gegen der frouw
2472 2361 3198 2498 Harderen alhie begangen, und sine
2489 2416 3170 2544 zwen mit gsellen deswegenn
2486 2433 3188 2579 alhie gericht worden, das im an
2480 2508 3164 2622 dann, nach billichem rechten wider
2475 2544 3186 2674 fharen wäre, so er nit entrunne
2482 2598 3168 2701 unnd landflüchtig worden wäre.
2492 2635 3156 2754 das ist sine erfrouwen Ursulen
2487 2676 3159 2788 breiten ein citatz zu 3 wuchen vergönt
2484 2770 2654 2841 worden.
