4032 3024
1500 391 2227 493 der inn hievor inn der schuldigung uff er
1531 443 2226 541 legt werttheit von lanngest ver¬
1531 483 2204 581 thmen, Ime nun meer zeerleut
1529 531 2203 624 sich annderfhart mogen vererlichen,
1527 570 2204 689 Ist ime sollich sin begärenn
1549 609 2205 718 einansechen, das zu lanngest ver¬
1535 652 2217 787 schinen, vergönt unnd zuglassen
1523 705 2242 820 worden, mit gmeinem vorbhalten
1566 803 2204 931 In predicanten zu Huttwyl
1522 867 2229 978 diewyl er nun ein lannge zyt
1522 898 2223 1021 übel mögend unnd dardurch in
1546 941 2218 1081 mein diennst vil versammen, sich
1525 977 2205 1113 ouch mit wyn ouch offt belade
1522 1018 2205 1167 das er daselbig bedrachten, unnd
1537 1067 2200 1211 so er sinem dienst nit möge
1530 1124 2195 1255 gung vnnd statt thun, das er¬
1541 1163 2226 1302 sollichs in h. offne damit
1536 1209 2246 1340 der dienst, mit einem anderen
1537 1294 1909 1385 verseen werde,
1710 1348 2121 1505 Ansollttingenn
1591 1489 2198 1592 Hanns Thubach clagt denn
1578 1506 2246 1641 Ehebrucht ab seiner eefrouwe
1571 1558 2224 1696 Barbli soumgartterin, wie das
1579 1621 2222 1732 sy inn der zitt ires wären,
1585 1667 2243 1778 den Ehestannds trüwlos, und
1567 1733 2243 1832 ehebrüchtig an im worden, der
1555 1771 2229 1866 halbenn der schidigung begert,
1613 1822 2240 1936 alls nun sy irer thaleren
1584 1865 1619 1917 d
1570 1844 2256 1974 die mit khundtschafft ufgricht
1571 1910 2256 2016 worden, nit verlougnen, noch
1560 1950 2244 2064 ab sin kommen, unnd er iren
1561 2001 2223 2116 über ir pätten sy nit wider
1572 2051 2205 2148 begnaden wöllen, sinnd sey
1561 2110 2229 2220 Emog der satzung von ein¬
1573 2157 2228 2252 annderen Eelicher beundenn
1567 2187 2229 2313 halb gelediget worden, mit
1584 2243 2247 2345 gmeinem anhang, vnnd sole
1586 2296 2241 2402 sy im allenn costen abtragenn.
1612 2364 2226 2488 An schultheis zu thun
1804 2447 2210 2535 umb der thaler
1571 2466 1755 2539 das er s
1586 2498 2229 2596 unnd gebruch straffe
2973 342 3051 427 139.
2327 384 3006 527 In Amman zu gestell, das
2296 431 3019 575 er der schenningen wil sein uff
2295 481 2950 626 mittwuchen tag alhar gäbe,
2506 605 2916 721 Trachsellwalld
2323 723 3029 872 Benndicht scharer spricht der ehr
2320 804 3040 918 an Anna Schummerin inn
2306 853 3044 988 denen wortten Alls er vnge¬
2316 889 3021 1016 narlich by einem jar zu dra
2297 925 3046 1078 inn die eykommen unnd der
2305 971 3016 1108 ehehalb mit ira guet do
2310 1013 3074 1156 habe sy im gar guten bescheid geben
2294 1070 3073 1201 aber doch den hanndel nit beschlossen
2304 1114 2990 1245 darnach aber hab er auffr
2309 1137 3084 1275 bruder vnnd an die frundtschafft
2291 1206 3062 1350 gschickt, die im ouch glychsfhals
2287 1254 3060 1395 guten bscheid geben unnd der bruder
2311 1305 3073 1429 im geantwurttet, wann er siner
2314 1352 3053 1471 schwöster gut hinder ime wolle
2293 1390 3060 1504 lassenn stillstan, alldann möge
2310 1456 2967 1564 er es wol bschächenn lassenn
2297 1475 3088 1600 unnd als er hernach vom Burgdorf
2320 1528 3058 1651 märckt heimgwollenn unnd und
2320 1581 3062 1691 wägenn zu ira kommen unnd
2320 1619 3072 1742 by der hannd ergriffen, glychs¬
2325 1673 3077 1803 fhaals sy inne auch unnd under
2321 1715 3060 1820 annderem er sy abermalen der
2316 1757 3066 1893 ehehalb angesprochen, do sy ime
2317 1804 3058 1921 domaln die ohn ufrecht und
2318 1869 3046 1980 redlich verheissenn unnd dien
2317 1896 3055 2024 daruf uss sinem Lumppenn
2329 1951 3060 2066 ettlich gelt uff der gebenn
2337 1967 3093 2119 wellches sy ime auch abgenommen
2347 2037 3068 2153 unnd derhalb vermeint solliche
2961 2082 3053 2138 mun
2334 2103 2956 2199 feuerheissung soll im
2502 2129 3066 2246 sy ghaltt unnd im für
2345 2165 3084 2299 iin eewyb zu bekennt werden,
2338 2214 3065 2337 Dargegen die Anna summernn
2333 2277 3033 2375 darthan, es sie nit minder
2329 2307 3059 2425 er habe meermalen sich erlich
2338 2353 3103 2465 mit ira zeuerpflichten angemutet
2338 2405 3070 2520 aber sy hab ime nie die ehe
2336 2457 3080 2575 verheisen, noch zugesagt, auch so ime
2326 2500 3081 2625 dhein gellt abgenommen, dann
