4032 3024
1608 339 2242 472 Arburg, Kallnach
1628 440 2264 556 Alls Elsber Mäderi die
1604 514 2258 611 unvermögliche nit ehrlicher
1627 565 2287 650 wärckenn ab irem erman
1609 616 2245 702 beundicht köli geklagt
1606 660 2261 757 unnd anzeigt wir sy schon
1624 711 2279 810 vor guter zytt dess vor¬
1607 765 2253 878 harundt unnd inn meyn
1620 815 2237 924 ung gsin, sich von im des¬
1626 863 2250 975 ragen der erhalb scheiden
1604 912 2253 1031 zelassenn, habe sy sich doch
1605 963 2258 1076 durch ire fründ zum anderen
1605 1026 2220 1131 mal bereden laßen, das
1607 1066 2280 1176 sy widerumb zu imkeert
1602 1126 2246 1234 inn hoffnung künfftiger
1599 1189 2245 1274 besserung, Nun sye aber
1588 1228 2223 1332 es seinenthalb nüt besser
1631 1283 2238 1388 ffordern derhalben vermeint
1607 1320 2273 1429 von im gescheiden zu werden
1626 1384 2268 1491 obglych wol nun er disen
1613 1418 2252 1537 sin mangel nüt versprechen
1602 1478 2254 1580 wollen, hatt man sy doch
1604 1527 2267 1621 noch jetz, als für das erstmal
1619 1572 2249 1692 nit scheiden können, sunds
1609 1638 2239 1739 dnen anzeigt worden, mit¬
1612 1687 2205 1783 einander widerumb heim
1675 1740 2215 1840 keeren vnnd wie Er¬
1689 1797 2256 1881 gepurt miteinanderen
1614 1846 2247 1931 leben, vnd ime auch un¬
1630 1890 2235 1975 gebunden, das er der doctoren
1626 1947 2193 2026 rhat pfläge, ob villicht die
1641 1985 2211 2070 Ach durch mittel der artzey
1633 2042 2214 2123 busser werdenn möchte, im
1640 2091 2223 2181 haal aber sinenthalb die
1640 2143 2255 2239 sach nit besser werden, unnd
1668 2199 2237 2300 nit leiniger mit im huß
1657 2242 2255 2350 gehallttenn überredt werden
1638 2297 2260 2403 mochten, söllennd sy beider
1615 2332 2189 2458 söchs nach ist Johanns Tag
1639 2386 2234 2494 nechstkünfftig widerumb
1633 2427 2264 2550 alhie erschynen, werde man
1643 2480 2262 2607 Iren alldann nachgstalltsamen
1666 2533 2215 2645 er sach gehillff bekommen
3053 308 3119 395 55.
2475 367 2731 502 Belle
2348 436 3100 602 Anna Rupp clagt den er¬
2362 511 3115 661 brucht ab Jacob Hugi irem
2945 556 3111 635 erf
2383 579 2942 712 eeman, ouch wie des
2405 621 3122 748 iwen uff ertagen vil verheißen
2371 657 3104 801 unnd nun nüt halltte, ouch
2378 727 3100 862 habe er offennlich uffgerin
2364 768 3061 905 tlassen, erkouffe Inn der
2391 819 3022 959 apothek grüplen mäl
2408 863 3120 1013 s gebe er sinen wybern hätten
2373 911 3084 1076 so stärbinnd sy glych, dem
2384 982 3105 1127 so trauwe er iren der¬
2371 1021 3120 1177 massen mit streychen, das sy in
2386 1089 3087 1219 nit wartten, noch genachen
2388 1128 3077 1260 dörffe darzu so könne er
2385 1191 3139 1301 nit hättenn, derhalben gemeint
2383 1237 3080 1378 zu der schidigung gnugsamme
2391 1291 3110 1418 ursach zu habenn, dargegen er
2388 1341 3113 1488 erstlich des erbruchs halb be¬
2379 1386 3099 1515 kannt, das er einest mit einer
2384 1444 3110 1571 die hachtenen gut zeschaffen ghept
2375 1496 3107 1615 inn derli Krepsen huss uff der
2382 1537 3073 1669 Höuwbin, wann sy sin eheffen
2396 1593 3075 1719 aber by im bliben wär wäre es
2381 1633 3101 1763 ien nit widerfaren des grüp
2383 1682 3100 1804 len mälshalb, habe er woll
2379 1741 3097 1858 ettwas inn schuff gret, das es
2393 1782 3098 1901 aber an im selbs ettwas sye, das
2394 1835 3110 1951 sye nit unnd des tröüwens
2378 1875 3081 2011 halb sy zuschlagen möge wol
2416 1924 3075 2033 water sin, sy erdiene es aber
2403 1967 3069 2091 Es wölle aber iren fürhin das
2397 2023 3143 2154 uff thun, unnd mit ir hushalt etc.
2405 2074 3134 2181 Vongnitum est diewyl er den
2439 2131 3109 2237 vebruchths bekanntlich und man
2412 2174 3129 2301 ouch desselben durch ufgenommen khundt
2392 2224 3130 2349 schafft, so siner bekhantnus glych
2433 2272 3103 2400 testimpt, vnnd erricht worden
2409 2327 3084 2447 stund sy derhalben der erhalb von
2406 2369 3052 2486 einandern erkennt unnd iren
2409 2382 3129 2538 jar sich anderfart zuvereelichen verpotten
2409 2467 3090 2569 worden, im aber zwey jar unnd
2407 2513 3087 2619 darnach ouch, er stelle dann die
2413 2547 3102 2664 so er willens zenemmen alhar und
2391 2577 3124 2719 beschechen mit siner fründen verwiligen
2399 2633 3118 2756 Diewyl er ein armer thor, im ist
2396 2721 2699 2819 drohen ufgleyt
