4032 3024
1497 388 2223 517 lassenn, das er erstlichen den handen
1509 470 2202 550 für die Chorrichter zu Pastora
1497 513 2208 607 kkommen haben, unnd verschafft
1496 564 2211 656 das sie clag unnd ir antworten
1487 610 2165 699 ouch der khundtschafft sang
1489 654 2210 763 ordennlich inn schrifft verfahr
1480 712 2203 824 vnnd demnach der ganntz hand
1476 768 2202 864 durch sy die pfyran alhar
1536 812 2181 937 schicken werden, damitt ir ge
1485 859 1541 915 g
1471 871 2180 988 deß hanndels, vnnd der ver¬
1495 925 2161 1027 bweisung der leinige nach
1498 981 2176 1090 bericht, vnnd darüber wie
1503 1039 2198 1144 recht ist enndtlich geurtheilet
1528 1090 2178 1192 werde derhalbenn er nun
1515 1140 2165 1237 söllichem ir geden wollen, unnd
1515 1177 2180 1291 Rhatschlag statt ze thun sin
1518 1226 2209 1334 tag wider sy thuere wir volget
1539 1275 2176 1380 Namlich so bekenne er das
1522 1337 2197 1417 er Iren mündtlich, vnnd schrifft
1523 1402 2191 1475 lich Eeliche trüw zeleistenn
1514 1435 2189 1535 versprochenn habe, unnd die
1510 1483 2191 1582 iren, wie es gott gepotten
1508 1539 2195 1649 halltten, vnnd leisten wollenn
1575 1589 2184 1689 s. wie es gott gepotten
1503 1615 1564 1669 1
1513 1638 2178 1723 truw an im bliben ware,
1519 1682 2176 1781 zin widerumb so hab sy ime
1502 1718 2192 1834 ouch glychsthalls muntlich durch
1506 1792 2181 1890 pottschafft, ouch durch ettliche
1528 1845 2174 1943 mistinen die ehr ufrecht
1526 1898 2146 1995 vnnd redlich zugseit unn
1507 1935 2186 2049 versprochenn, inn wöllichen
1532 2002 2180 2096 misien die sy dann mit
1514 2050 2180 2145 gtter eignen hannd geschriben
1534 2103 2217 2201 vollgennde artickel begriffen
1517 2164 2189 2249 syennd inn der ersten
1523 2193 2210 2309 Ich wil eweren guten gneigt
1521 2260 2165 2338 willen inn allen erren an¬
1521 2315 2144 2394 nemmen, unnd vis für den
1502 2351 2183 2443 allen trützsten halten, unnd
1508 2401 2199 2489 erkennen, den ich in im hertz
1508 2454 2186 2538 ghept, inn der anderen
1506 2497 2172 2590 glaubend mir das ir der liebe
1507 2551 2194 2637 halb so ir zu mir tragend, nit
1509 2601 2204 2675 sollend betrogen werden, dann
1502 2647 2195 2747 sich lieben unnd schutzen und sonder
2951 383 3034 449 233.
2267 392 2976 522 alls wenn die Monarchy der gantzenn
2257 458 2960 569 wellt uff einer unnd ir allein
2254 509 2997 601 uff der annderen sythen wärind
2260 552 3002 645 unnd die bruder an minem willenn
2265 597 3044 694 fündind, so wölle ich ich zu meinem
2252 644 3000 749 in unnd Ehegmachell erwellen
2245 666 3041 790 ole, das ich ein andern nemmen wellte
2245 739 3010 854 Ich schweren ich auch sovil min pson
2239 794 3004 887 antrifft, das chem annderer dann ir
2238 836 2989 934 num hertz besitzen werde, dann es
2248 863 3037 998 ist, vnnd wihrt üwer sin, diewyl
2244 920 2989 1030 sich das läbenn han, wann ich acht
2255 962 3002 1067 minen selbs meister sin mag
2250 1011 3005 1133 durch die uff welliche ir allen
2248 1070 2978 1180 bevellich habennd, dann nun hertz
2251 1118 2979 1208 wirt und üwer nit läbenn
2264 1154 2984 1268 Ich pittenn ich auch für alle die
2258 1219 2969 1326 guthat so ir mir entpottenn
2266 1259 2972 1374 mich für die aller truwste
2252 1302 3015 1416 inn Ewerem hertzenn zehallten,
2286 1364 2967 1470 inn der dritten vil en
2251 1418 3014 1505 müßte, das meer on wöllen gan
2252 1469 2920 1567 vnnd die wallt zerstörtt
2264 1524 2957 1613 werdenn, ob ich vere liebe
2252 1573 2942 1664 verlassenn wölltte, inn
2264 1626 2975 1708 der künfften, wiewol er
2250 1672 2995 1765 quillius Innansechen der Vatter
2251 1727 3003 1819 nit verwilligen wollt, sya umb
2252 1779 2977 1875 ein fründtlich erloub gepätten
2251 1831 2955 1922 so schryb sy im doch wider
2252 1881 3003 1965 Stuil uter von mir begert
2278 1932 2990 2019 Vrhoub belannget, so schweren
2267 1990 3003 2082 ich vil by inner truw, das
2274 2040 3007 2129 nun hertz, unnser beider von
2269 2085 2988 2182 einandern scheiden nit erlyden
2265 2141 2963 2240 möchtte, wiewol ich von vil
2263 2181 2981 2267 on Ir wüssenn, vnnd willen
2263 2239 2982 2327 nützit nemmen darff so
2275 2276 3004 2369 will ich doch mins theills mi
2260 2328 3005 2420 Hertz von ich nit abwenndenn.
2264 2353 3019 2463 Die liebe die so gros ist, mag
2267 2424 2995 2512 zu dem abscheidenn nit ver¬
2282 2474 2979 2557 willigenn dann ich bin üwer
2274 2524 2988 2608 unnd wil vest üwer sie inn allen
2266 2583 2981 2651 eeren, diewyl ich läben, und das er
2257 2620 2978 2704 glych gstalt unst und sy gegen mir sin
2262 2680 2462 2743 wöllendt,
