4032 3024
1623 591 1699 664 von
2089 391 2157 459 11
1691 349 2314 533 Mittwiegen vnd Jennen
1749 437 2302 592 Pl. Inderen her m h her
1758 542 2116 653 predicant quibo
1731 664 2143 773 burgeren all 4.
1935 834 2253 953 Musteren
1668 913 2304 1009 uff 14 winttermanots
1655 979 2314 1071 letst verschinen, sind vor er¬
1661 1032 2324 1121 gricht Musserenz erschinen
1688 1089 2301 1186 rancois penditas cleger an
1667 1130 2306 1234 einem, So denne Marie de
1663 1188 2304 1282 vertyt mit zustannd Johan de
1675 1226 2333 1338 bochtes dies recht geordnet vogts.
1660 1263 2348 1388 ouch ppolite de peript ires vern
1669 1329 2342 1438 versprechere dem andern theil,
1667 1373 2330 1483 vnnd hatt der cleger fur¬
1663 1424 2327 1529 gwent, wie das es vngewär¬
1653 1484 2298 1587 lich by einem jar do sie er
1655 1513 2340 1646 zu der margen du pertit kon
1653 1573 2321 1679 und nach dem sy dann zuvor
1666 1610 2352 1736 der erhalber ettwas mit einer den
2205 1679 2291 1760 ß
1656 1678 2207 1791 iret, habe er domaln
1638 1739 2308 1842 gfragt, ob sy nit noch sats
1674 1772 2315 1876 villenns wäre inn zur er
1647 1818 2317 1933 jennemmen unnd alls sy dess
1647 1855 2340 1992 guttwillig gsin, hab er sy ouch
1633 1926 2367 2046 gfragt, wie alle sy wäre, welche
1632 1980 2310 2095 im anzeigt, sy wäre by 22
1653 2023 2346 2133 daren allt unnd so ire frund
1643 2079 2286 2180 daryn nit bewilligen wolt
1651 2137 2352 2226 wölle sy inn mit desternunder
1671 2184 2313 2266 nemmen, daruf gäbe er dr
1651 2236 2361 2329 ein dickpfen uff der vnnd iren
1640 2282 2358 2377 ouch hernach vil zuges gekramet
1668 2334 2344 2416 unnd die wyl sy im nun also
1671 2388 2335 2467 verheisen, unnd ouch ire vol¬
1672 2440 2326 2521 kommen jar nach vermög m gn
1689 2474 2353 2575 esatzung erlannget, began
1694 2516 2334 2602 er, das solliche de feuer
1675 2560 2332 2655 heiffung bestätiget werde,
1697 2601 2318 2695 wölle er sich gegen der tochter
1655 2622 2363 2757 ouch irem fründen halten und tragen
3123 320 3185 394 3.
2388 377 3159 493 das wie einem biderman zustadt
2379 426 3159 559 daruf gesagte marge de pertit
2410 473 3151 610 anzeigt unnd bekhent, nach dem
2405 520 3138 662 sy durch ettliche zuvor die der cley
2411 570 3178 706 zuuor zu ir gschickt überredt worden.
2407 626 3165 744 das sy von ime ein dicken pfenng
2412 676 3164 810 uff der empfanngen, doch mit
2405 710 3183 848 dem vorbhallt, das er ir zuuor ver¬
2420 772 3175 910 heißen, er wölle daselbs blyben
2418 817 3147 946 wonen, und sy nit inn da
2419 867 3129 1000 dannen inn das Papstumb
2419 910 3173 1055 fhueren, Alls sy aber hernach
2426 972 3157 1098 betrachtet, vnnd der sach nach¬
2429 1019 3160 1165 gsinnet, wie sy darzu über¬
2416 1062 3169 1202 vedt, vnnd hinderganngen worden
2424 1114 3159 1237 unnd so sy inn han müsser
2428 1170 3140 1303 das er sy alldann hinfüerung
2434 1212 3152 1356 wurde, wo er wölltte, vermeine
2440 1262 3126 1381 nun derhalben diewyl sy darzu
2416 1311 3149 1451 hinderganngen, vnnd die sach
2419 1374 3138 1495 iren fründen, ouch nit lieb
2433 1429 3162 1532 sy solte darzu nit gezwungen
2407 1467 3161 1587 sunders von im ledig erkennt
2442 1518 3137 1623 werden, harut ouch vorgute
2437 1567 3136 1674 idhan de sochet unnd spolite
2442 1602 3094 1707 de pertot je vogt unnd
2442 1650 3123 1758 vetter vermeint diewyl
2455 1705 3118 1807 sölliche verheissung an der
2443 1743 3150 1856 wusten, vnnd willen zugangen
2452 1808 3131 1903 vnnd sy alls ein torächtige
2457 1858 3125 1945 einfältige tochter überredt
2450 1903 3123 1990 vnnd darzu hinderganngenn
2460 1935 3100 2032 worden, vnnd ouch er ein
2455 1987 3133 2082 frömbder unnd sy mit im
2442 2029 3161 2150 inn das papfung hinder die herr
2457 2071 3169 2201 schafft Beyers müsste, solliche
2449 2119 3144 2245 ffenerheißung sollte krafft
2461 2186 3138 2289 los erkennt, vnnd er umb
2443 2228 3143 2368 den costen verfelltt werdenn
2480 2297 3118 2383 Einwiderumb der cleger
2453 2332 3110 2444 darthan, sy sye darzu durch
2452 2385 3124 2477 niemands hinnderganngenn
2446 2413 3170 2536 noch gezwungen worden, sunds
2432 2483 3141 2598 habe guttwillenns von Ime
2435 2526 3118 2643 den dickenpfening uff der
2441 2576 3152 2674 empfanngen, ime ouch verzeigen
2417 2629 3121 2750 sy wöll inn nit verlassenn
