4032 3024
1500 380 2226 479 unnd hab iren daruf 4 krützer zum
1533 450 2219 516 hafftpfennig gebenn. Nun sy
1590 484 2215 552 der sach gruwen, unnd wöll in
1536 526 2217 603 die verscheiffung nit halltten, der
1543 568 2198 654 alben begert sy mit recht darzu
1739 612 2207 694 dargegen sy dar¬
1559 616 1670 711 hallt
1661 644 1733 705 d
1525 658 2202 766 than und hab iin nüt endtlichs
1521 703 2219 813 gheißenn unnd die 4 krützer mit
1522 759 2219 847 vorbhallt von im empfanngen.
1539 801 2224 892 zu dem so sye ein anderen die inn
1519 849 2208 950 der ehe angsprochen habe, und des
1540 893 2200 998 halb vermeint ledig von im er¬
1513 956 2237 1051 kennt ze werdenn. Conquitum et
1606 1013 2219 1108 derwyl sy in der
1549 1052 2202 1157 feuerheiffungg nüt gstendig
1544 1090 2246 1215 unnd er sy mit kundtschafft
1535 1177 2214 1254 nit unnderrichtenn than, noch
1530 1219 2214 1329 mag, das sy deshalben aller ehe
1530 1268 2205 1381 lichenn ansprach von im ledig
1548 1320 2171 1439 erkhennt unnd zu beiden syn
1542 1384 2240 1496 erloupt sin solle, sich anderfhart
1552 1441 2201 1534 jeuer ehelichen, Es sol ouch
1531 1497 2216 1600 ein jedes sie costen an im selbs
1531 1586 1711 1652 habenn
1558 1667 2213 1784 Brrtag 22. maii 79.
1623 1743 2242 1863 Rhat, inder Herrn Rudolff gerber
1644 1812 2261 1939 preditanten herren erdinungen herren Samuel
1618 1940 2042 2028 burgeren alle 4.
1628 2098 2164 2191 ylle. Mollene
1581 2217 2237 2320 uff prina May diß 77 sind vor
1571 2289 2216 2365 eegricht zu Lysse gegen ein
1572 2325 2291 2409 annderen erschinen Collette Achte
1579 2378 2231 2452 an einem, vnnd dhan fermor
1588 2430 2270 2499 dem anderen unnd hatt die Collette
1571 2466 2255 2547 glebey darthan, wie das gesagter
1570 2510 2247 2596 Johan termon iren die ehe ver¬
1568 2556 2282 2636 hassenn, unnd iren ein silbernen
1570 2595 2262 2688 pfennig zum Worttzeychenn daruf
2285 303 3074 500 gerenn unnd fur ouch uff in 133.
2287 377 2988 531 muttung, nach sollicher freuen
2279 390 3097 577 heissung by im glägen dergstallt
2297 471 3092 627 sy eines khinds von im schwannger
2336 523 3060 653 derhalben sy nun, son in
2265 559 3059 734 begäre, das er iren solliche er¬
2282 611 3071 777 zusagung halltte, unnd die mit
2271 662 3047 825 denn nach ordennlichem bruch be¬
2713 715 3037 795 dargegen so
2301 757 2625 857 zötigenn laßen.
2296 753 3072 909 hatt gedachter Johan termon ires
2294 801 3092 968 fürgebenes dheins wegs bekannt,
2293 864 3067 1003 tlich sin wollenn, hab ouch ver¬
2295 908 3058 1058 meslbtte Collette nie bekennt
2304 977 3030 1119 unnd vermeint der Ehe¬
2314 1016 3087 1150 ansprach ledig erkennt ze werden
2723 1060 3102 1160 Diewyl
2314 1107 2712 1221 Resignitum est
2322 1112 3049 1264 er iiren mit bekhanntlich
2289 1157 3061 1304 unnd sy nüt gnugsamlichs der
2308 1207 3076 1351 feuerheissang halb erzeygt,
2349 1264 3077 1389 so deshalb aller ehelichen an¬
2319 1306 3064 1444 Pstach, von einandern ledig er¬
2309 1353 3054 1500 khennt, vnnd sol er ir den
2334 1400 3062 1525 osten abtragenn, für den
2321 1444 3074 1584 blumen sol er de vfrichttenn
2334 1482 3104 1640 30 floren, inn manots frist e
2426 1647 2696 1748 Mülinen
2357 1703 3051 1817 In die eherichter Mülinen
2350 1770 3009 1883 das nun hr. Hanns Isler
2361 1816 3023 1919 unnd Madlen Leingache
2326 1849 3065 1966 alls eelict zusammen lassenn
2344 1894 3014 2012 wöllind, diewyl sin groß
2310 1938 3053 2060 vatter, vnnd ir großmuter
2366 1979 3049 2089 geschwüsterde gsin kind, vnd
2331 2020 3099 2154 Deshalb nach lut der satzung wol
2352 2083 3007 2185 iin mag, hetten aber nun g
2379 2101 3091 2230 vol sachen mögen, das sy sich sunst
2342 2174 2839 2296 feeslichet hattung,
2526 2209 2946 2358 Schwartzenburg
2425 2286 3040 2417 Alls Hanns Wyenbach si
2364 2336 3072 2470 Recht mit citieren wider sie
2376 2383 3088 2507 eefrouw Barbara Spycher
2379 2421 3106 2566 so inne by 3 jaren verlassen
2369 2485 3070 2601 ordenlich verfhuert, und sy nit
2443 2522 3097 2645 hmen, ist er von iren aller
2369 2565 3089 2680 eerlichen hande gelediget worden
