4032 3024
1462 413 1517 501 187
1519 422 2158 558 frytag 24. julii
1597 501 2203 639 th. judex 8. mey h. schütz
1489 601 1520 656 .
1607 593 2220 715 predicanten vom ordnung, schneiten
1480 678 1569 739 vom
1596 696 2012 828 burgeren all vor
1525 814 2205 994 Frantis Morgel
1509 958 2217 1077 uff 5 Junn letst verschinen sind
1529 1012 2214 1114 vor ehegricht zu Berchis gegen
1523 1062 2217 1165 einanderen erschinen Hannd
1509 1105 2199 1232 Faymond cleger in einem
1485 1155 2199 1270 un vund Johan Ennod verant,
1517 1196 2219 1303 wurtter dem anndern theil
1501 1248 2189 1363 Allso hatt die clegerin für
1501 1282 2198 1424 gwennt wie das es sich sidt
1511 1325 2192 1457 verschinen sant marttins tag
1522 1376 2214 1519 habe zugetragen vnnd begebenn
1532 1418 2221 1565 habe, das vermelter Johan unnd
1532 1475 2222 1594 gan Berchitz kommen, by dem
1540 1528 2233 1648 Herren daselbs der inn dann
1536 1566 2239 1683 siner gschefftenn halb beschickt
1538 1620 2194 1746 ein zyttlanng verharrett
1563 1672 2151 1777 vnnd nach dem er nun i
1573 1720 2222 1831 sselbiger zytt ein liebe, unnd
1558 1769 2213 1882 guttenn willenn zu Iren
1553 1826 2208 1931 gewinnen, hab er sy ange¬
1574 1863 2235 1967 sprochenn, vnnd zu ir gret
1535 1915 2232 2030 Ier begere sy für sin ehefe
1542 1960 2176 2055 unnd iren ein selbernenn
1559 2002 2263 2108 pfening presentiert, sy gepätten
1575 2060 2252 2154 s wölle denselbigenn von ime
1553 2105 2253 2210 uff der empfachenn, da
1553 2153 2264 2263 so aber denselbigenn nit angentz
1559 2195 2249 2294 von ime empfachenn wöllenn
1591 2251 2276 2340 sunders ihme erstlich vermant
1571 2291 2264 2389 iren nit ze spottenn, noch solliche
1573 2348 2269 2437 für ein schimpff zehaltten
1619 2408 2274 2486 alls mit aber er dren haruf
1573 2447 2252 2526 versprochenn, er wölle sy für
1590 2494 2262 2570 sin eefrouw nemmen, unnd
1588 2540 2270 2627 sy zkillichenn füeren unnd iren
1571 2589 2280 2673 den pfen nochmalen angepotten
2968 323 3035 390 183.
2263 358 3002 520 hab sy daruf denselbigen inne
2266 400 3043 552 uff die schn abgenommen, nach
2268 448 3055 596 dem nun sy allso den pf von im
2275 480 3069 639 empfanngenn, hab er ihren angehalten
2273 535 3052 699 by ime zeligenn unnd zu zur
2329 586 3045 733 prochenn es sye inn disern
2258 630 3060 807 kannden der bruch, das so balld
2274 682 3061 849 ein butgam siner brut ver¬
2284 738 3054 907 geist, so mag er by ir liggen.
2300 759 3078 932 vnnd wiewol sy sich dasselbige
2299 844 3052 998 zethun gewidriget, er iren
2310 895 3005 1034 aber furan angehallttenn
2285 952 3068 1110 hab sy im eundtlich gewillfaret
2263 1011 3062 1136 sich inn sie willen ergan¬
2289 1041 3052 1174 unnd by im glägenn und
2301 1103 3037 1225 alls er darnach ein zyttlanng
2304 1135 3078 1278 hinwäg gsin unnd wider zu ir
2289 1196 3034 1334 kon vnnd ir nochmaln die
2281 1250 3041 1382 verheiffung gethan sy für sin
2306 1298 3073 1445 Ehefrouw ze habenn, unnd dem
2296 1357 3038 1483 annderemen, hab sy im do¬
2299 1407 3026 1544 malen zutriuncken pottenn
2294 1457 3017 1592 unnd zu jagsprochen er solle
2309 1511 3069 1639 mit iren uff der truncken,
2297 1574 3064 1713 hab er wol nit trincken wöllen
2308 1626 3026 1749 aber zu ir gesprochenn sy solle
2306 1679 3047 1796 truncken uff der Alls
2315 1730 3056 1849 nun aber er angfanngen die sach
2310 1786 3087 1911 ufzüchen hab sy inn fürbemelt
2327 1841 3098 1968 ehegricht uff ein benampt
2319 1899 3083 2013 tag citieren laßenn, uff welich
2331 1949 3004 2067 ein tag sy nit vor eegricht
2325 1990 3062 2124 erschineten, sonders habe sich
2328 2048 3081 2156 zu irem vatter unnd ettlichen
2321 2101 3066 2204 dren frunden so domalen ouch
2331 2147 2998 2266 gan berecht kon, verfügt
2320 2187 3048 2300 vnnd mit denselbigen etwas
2335 2230 3055 2340 patts gmacht, alls das er sich ge¬
2328 2280 3094 2378 diem vatter vmb 80 florin ver¬
2350 2328 3036 2446 schryben lassenn, alls ob er
2323 2371 3090 2478 ihm dieselben 80 fl bar entleut
2329 2404 3063 2543 hätte, das sy inn unangesprochen
2321 2451 3062 2583 lassind, wellchen part unnd
2326 2491 3076 2632 ge desswegen gemachten schulldten
