4032 3024
1589 336 2234 450 desglychen hernach wann sy
1555 389 2241 491 im das khund zu eignet
1583 461 2225 543 das er da das abnemme und es
1557 495 2229 612 alls sin vatter erzüchen sollen.
1708 592 2216 696 vogt zu Nydouw, das
1643 632 1708 684 1
1718 656 2204 745 umb ir hury, nach
1567 670 1719 751 12 s
1573 710 2209 808 zerin verdienen straffe,
1689 854 2240 973 eren von Zürich ein schyn
1582 941 2221 1040 das sy der verluffnen er¬
1589 999 2068 1093 man alhie gesucht.
1752 1087 2090 1209 Wanngen.
1856 1203 2240 1290 Ist ein citation
1575 1257 2219 1362 zu 14 tagen wider iren
1577 1307 2231 1409 vor 8 jaren hingeluffnen
1589 1372 2061 1470 eeman vergonnt
1596 1536 2216 1686 . Mentag 167 Martii
1682 1626 2246 1768 d. inder hr. mey zu koch
1694 1720 2254 1836 preditanten etc. Mühlen er anderung
1587 1732 1653 1840 von
1675 1805 2267 1926 burgeren von Erlach, zum
1685 1881 2159 1979 merman, feller,
1845 2078 1937 2193 Ich
1627 2156 2256 2286 uff vnd dis manots und dars
1617 2243 2252 2328 hatt schande perred verthod
1638 2285 2260 2384 zu Magdelerne unnod, Johan
1632 2346 2261 2421 moricis verlasnen wittwen
1639 2370 2234 2475 vor einem ersammen er
1620 2424 2218 2533 gricht zu Esch, die vergicht
1632 2466 2256 2591 than, namlich ob sy gloubenn
1640 2519 2271 2633 wöll das sy inn clande morites
1621 2560 2265 2665 husken, da er dann domaln
1682 2609 2279 2736 it sinem schnyder handtwerden,
2300 288 3064 501 gearbeytet kon unnd bricht
2320 350 3082 534 brot mit der bracht, unnd das
2323 409 3082 585 selb der gsellschafft ustheillt
2334 466 3061 620 unnd zu im gsprochen habe
2356 527 3022 682 y wöll inn nit unnd achten
2328 581 3064 745 dann die annderen unnd im do
2325 617 3048 786 ouch geben, unnd das do daruf
2325 675 3033 851 ettliche zu ir gseit diewyl
2320 725 3075 900 die man gstorben, so wirst die
2313 775 3062 960 dich nun annderfharst vereilichen
2349 840 3083 980 unnd sy do gantwurttet die
2324 879 3085 1051 koufflüt könnind nit unnd
2318 932 3029 1097 alls do wider monier iren
2316 978 3095 1151 geantwurttet, er woll sy nit
2304 1033 3101 1190 von wegen sy Johan mordt sin
2308 1077 3081 1245 uetten zuvor ghept habe, do
2322 1130 3084 1297 hab sy sich zu in clandt berthod
2320 1190 3065 1348 kirt zu im und gseßen, die
2328 1237 3093 1402 hannd uff sin achtslen gschlagen
2315 1289 3111 1441 unnd zu inn gsprochen, und die
2345 1359 3111 1493 wille du mich, vnnd das er de
2341 1413 3089 1545 do gantwurttet ja ich wol
2349 1462 3085 1586 unnd sy dogesprochen, er solle
2338 1519 3083 1656 das stück brot öffen alls er
2346 1572 3082 1694 aber mit siner arbeyt stäts
2340 1628 3084 1759 fürgfaren, habe marite
2362 1673 3093 1801 mondt zu im gseit er solle
2348 1727 3082 1868 doch zum weingesten, das brot
2356 1774 3089 1899 mit der magdeldtend uff der
2350 1833 3086 1969 assen, unnd das sy do gant
2346 1875 3075 2009 wurttet, vnnd ouch gesprochen
2351 1931 3121 2055 da, unnd darumb ja, so der nem
2351 1989 3083 2102 von iren begärt, haruf
2353 2031 3078 2167 die vmelt magdeleynd
2978 2090 3050 2159 s
2354 2096 2982 2214 anzeigt unnd bekennt
2365 2125 3087 2254 syn wol dahin ganngen, und
2359 2180 3110 2296 das brot wie er anzeigt uftheilt
2368 2246 3089 2359 das sy im aber die ehe
2372 2271 3133 2415 verheissen, das sye nit uff solliche
2360 2338 3101 2451 de vernemmenn er eleger per¬
2376 2390 3086 2485 meint sin ansprach mitt
2376 2425 3116 2557 kundtschafft zuerzeigenn etc.
2381 2490 3091 2614 Conquitum est diewyl sy
2390 2536 3094 2650 an keiner Eeliche verheis
2392 2569 3081 2718 ung bekhanntlich unnd ers
