4032 3024
1633 363 2269 498 unnd ob er glych wol inn der
1633 412 2317 566 graffschafft Gryers purttig he
1629 474 2286 576 sye er doch schon 15 jar hind
1661 533 2286 630 iner gn herren lannden sich ein
1625 587 2285 683 thallen, unnd ouch gsinnet sich
1649 637 2284 738 nit widerumb inn das Papstum
1634 694 2267 793 zuuerfügen, sunders kin
1652 744 2324 835 euangelium zu blyben, meine
1638 801 2269 888 halben wie vor sy sölle gehalten,
1644 854 2283 939 werden ime die verheittung zu
1786 904 2284 994 Sind alles hauff die
1617 911 1718 993 leis
1628 941 2266 1038 pten durch die berichter
1618 998 2268 1075 dainnen, umb entlichen mit
1670 1045 2322 1133 eid alhar betaget worden etc.
1653 1068 1686 1150 h
1645 1089 2289 1186 Longnitum est diewylen
1638 1133 2308 1230 die antwortteri bekhanntlich
1630 1179 2307 1277 das sy dem clegeren erliche
1633 1240 2342 1323 trunken unnd pflicht zehalten zugseit
1631 1278 2304 1381 unnd daruf ein dickenpf von
1637 1330 2296 1431 ime empfanngen, unnd sy
1645 1377 2305 1480 ouch die 20 jar erlanget,
1632 1423 2295 1532 da sy sich dann mag der
1640 1466 2309 1583 satung nach irem willen
1647 1527 2319 1633 unnd gfallen vereelichen mögen.
1649 1543 2328 1699 das sy im desshalb für sie er¬
1631 1612 2309 1747 frouw zu bekennt unnd sy
1640 1659 2328 1790 haruf den kilchgang für¬
1667 1706 2318 1822 werlich mit einanderen volzüchen
1661 1767 2336 1876 ollind, Im ist ouch ynge¬
1644 1803 2335 1915 bunden worden, das er sich nit
1649 1847 2334 1959 mit iren inn das Papstumb
1802 1906 2312 2000 sunders (wie er iren
1658 1952 1779 2019 etze,
1638 1938 2334 2065 dann verheisen, by m gn herren er
1664 1987 2352 2121 wärde, das er zu einem under¬
1653 2062 2274 2177 thanen angnommen werde,
1827 2141 2134 2242 Mülenberg
1740 2213 2273 2317 Alls Barbli Hauffenwer
1673 2264 2323 2357 wider peter diesse irem vor
1728 2292 2361 2403 darin hingeluffnen eeman
1674 2334 1735 2386 v.
1662 2344 2355 2445 d Recht mit citieren orden¬
1687 2391 2325 2488 lich verfhuert, unnd er sich
1671 2434 2366 2529 zuuerantwurtten, unghorsamm
1677 2499 1912 2566 ußblibenn
1905 2493 2292 2571 Ist sy aller
1705 2506 2365 2611 erlichen ansprach, banden, und
1700 2571 2354 2654 pflicht von den ledig gsprochen
1698 2622 2347 2693 mit gmeinem vorbhalt der
1703 2665 2350 2732 wider seelichung halb unnd
1687 2704 2388 2794 ist er inn pern der satzung gsetzt
2491 372 2924 555 Ich gegend
2411 447 3111 642 uff penultima novembris
2399 528 3096 682 dess verschinen 16 jars sinnd
2386 560 3111 745 füren eegricht zu Gingins
2403 597 3150 769 beschickt, Johan Rosset von Esch
2404 669 3120 825 diener im Closter boulmont
2405 716 3135 860 unnd Alexandra des Edlen
2419 753 3143 908 Francois de gingen by läben
2415 794 3150 967 hin daselbs erliche tochter und
2411 854 3160 1000 von wagen der red so dien¬
2410 903 3130 1053 thalben uffganngen, wie das sy
2425 964 3154 1099 einandern die er verheißen
2427 1015 3148 1143 sollind haben, befragt worden
2393 1062 3141 1205 daruf gedachter Hanns Posset
2414 1109 3150 1248 den bscheid geben, wie das es sich
2422 1163 3165 1300 by vi wuchen vngeuarlich zuge¬
2419 1208 3128 1351 tragten habe, das er unnd die
2426 1248 3145 1410 Alexandren zu Boment, inn
2423 1303 3127 1449 der Kuchi nach dem nachtmal
2426 1345 3132 1497 zustanden kommen sind unnd
2434 1400 3169 1540 nach dem sy ein wyl mit einander
2421 1458 3154 1602 gesprachet, habe er vnd andern
2453 1515 3140 1629 vortten zu ir gsprochen, ob sy
2434 1554 3153 1672 nit sin frouw woll sie daruf
2441 1608 3180 1725 sy im glych angentz geantwurtet
2444 1657 3139 1773 ja, unnd sprächen zu iren we
2442 1699 3150 1800 wurde üwere muter sagenn
2444 1740 3149 1836 wann wir beide einanderenn
2436 1791 3165 1908 zur ehe nämen, wurde sy nit
2449 1837 3168 1945 übel zefriden sin spräche sy nein
2461 1893 3150 1993 sy wurd mit der widersagen
2444 1936 3130 2041 daruf er gsprochen, wann ich
2441 1971 3109 2077 dann wüste, das sy nit hön
2601 2023 3127 2117 so wölle sich und hern
2449 2061 2594 2140 wurd
2448 2069 3114 2181 ein pf uff der gebenn
2429 2115 3105 2234 vnnd alls sy im wider ge¬
2452 2143 3167 2276 antwurttet sy wurden, so nüt
2453 2211 3125 2351 übelsfriden sin, habe er do
2455 2258 3108 2412 ein golld kronen herfürzog
2452 2290 3158 2438 vnnd iren dieselb uff der
2456 2359 3192 2513 gebenn, wiewol sollichs niemant
2501 2418 3153 2537 sachen dann sy beide, wiewol
2451 2471 3156 2587 ettliche inn der kuchi waren.
2502 2507 3141 2616 worendes sye er zu iren inn
2487 2559 3154 2675 klüwi kon und sy gfragt, ob
2455 2603 3066 2743 sy der sach nit gruwen sy
3101 292 3167 365 5.
