4032 3024
1474 391 2221 489 werden, da anders theils Hanns
1501 429 2223 517 löffel auch inn recht than, wie das ge
1495 471 2231 563 sagter Peter knecht ime sin tochter
1502 516 2220 616 elsbet gedachtem sinem sin pr
1497 555 2187 660 höffel inn die ehezengaben verhalten
1501 604 2217 712 habe, derselb desselb sin sind vermeint
1495 660 2211 768 femelter Knecht solle im die ver¬
1506 710 2235 827 heissung so er sinem vatter gethan
1516 751 2179 884 leystenn, unnd die tochter im
1507 796 2208 925 zugsprochen werden etc. Haruf ge¬
1501 856 2223 972 dachter preter knecht sich erstlich
1513 900 2220 1028 gegen Peter schwabenn, von wägen
1534 950 2216 1064 ines stieffstens allso versprochenn
1509 994 2211 1128 ime syte umb solliche verheissung
1522 1046 2210 1171 nützit yngedrunckt, das er solliche zu¬
1533 1086 2206 1210 tag ime peter schwaben gethan
1521 1141 2253 1255 dann er domaln ein guten trunck ghept
1531 1203 2244 1307 wegen obgedachtem Hanns Coffell
1536 1252 2243 1371 hatt er glycher gstalt fürgwent
1537 1300 2261 1409 er mochte villicht dem einem trunck
1508 1347 2243 1475 grethan, er hätte vil töchtern und
1519 1407 2238 1509 wölltte demselben sichene sun eine geben
1524 1441 2267 1559 ja, so es der dochter auch gfallen worden
1538 1502 2221 1590 anders könne er sich nit erzinneren
1539 1545 2240 1644 ime verheissen haben, hieneben so
1544 1592 2243 1688 hatt obbemelte Elssbet knechtin
1549 1640 2252 1731 gment diewyl sy weder peter schwe
1542 1680 2245 1791 noch Peter löfflen dem erliche ver¬
1542 1728 2261 1838 zeichtung gethan, so solle sy von inen
1536 1785 2271 1891 beiden ledig erkent werdenn
1552 1840 2261 1944 Couguitum est Diewyl gutte Elss
1536 1898 2267 1988 bith knechten gedachtem peter schwaben
1538 1937 2259 2029 ouff Peter löffel seiner er zusag
1541 1996 2258 2084 beckh anntlich unnd ir vatter allein
1538 2034 2266 2128 inn einer wynfhüchte und trunck
1544 2091 2266 2176 ner wyß, iren beiden vättern ertz
1556 2146 2259 2229 diser siner dochter halb denselben ihren
1572 2181 2258 2285 seinen zur ehe zugäben schriffen, solliche
1563 2248 2264 2329 ein verzeihung aber der tochter nit lieb
1617 2299 2266 2385 sc desshalb aller kilchen ansprachen
1551 2341 2213 2428 von inen beiden per schwaben, uff
1565 2386 2277 2471 prter löfflen, ledig erkent, und ine
1569 2436 2288 2512 allersyts sich sunst zeuererlichen erloupt
1585 2472 2274 2573 in söllen, unnd diewyl die schrichten
1570 2521 2289 2620 so peter knecht bousten getan, gnugsam
1560 2567 2282 2653 gricht, sol er knecht inen den cost
1561 2616 2276 2705 abtragen, die andern aber iren an inen
1589 2656 2304 2775 elbs haben, und knecht 4 tag inn gfench
1572 2694 1891 2786 nuß gleit werden,
2959 323 3065 419 179.
2349 398 2790 534 Domanostier
2348 491 3051 639 D 10. julii dis monats unnd
2297 557 3027 691 jars, sind für ergricht zu Roma¬
2295 617 3032 718 mostice citiert wordenn, estimme
2293 670 3011 784 e wird. et Jaquimaz soultide sin
2287 719 3039 841 erfrouw, von wägenn sy sich von
2295 773 3018 868 einanndern gesunderet, vnnd ein
2286 830 2995 929 zytt lanng kein eliche bewerung
2309 862 3035 982 wie aber erlichen gepürtt, ein
2283 892 3046 1017 midt gleistet, Nach furhalt¬
2278 953 3035 1068 tung desselben hatt gesagte Ja¬
2281 992 3021 1111 gnen sich abgedachtem irem
2266 1033 3066 1158 Eeman erclagt, unnd derselben
2276 1075 3055 1220 dier zertrönung vollgennde vr¬
2294 1131 3071 1255 sachenn angezeigt, erstlich alls
2311 1174 3061 1310 sy dann vor einem jahr unge¬
2292 1222 3052 1347 juarlich uß zwungennschafft drei
2295 1261 3057 1392 unter denselben Essimile
2285 1305 3049 1443 dirt zur ehe genommen, habe er
2307 1349 3048 1492 glych nach irem gehallttenenn
2297 1403 3033 1546 hochzytt sy angfanngenn
2801 1436 3048 1519 halten sy offt
2298 1479 2910 1597 schuld unnd unwertt
2301 1497 3045 1613 mallen übell gschlagenn und
2318 1537 3086 1678 gstossenn der gstallt ein eegricht
2315 1578 3079 1714 mit inen offt malen zuschaffenn
2305 1624 3054 1755 ghept, unnd ob er glych wol ett
2997 1693 3053 1727 e
2310 1689 3001 1815 liche mal darumb gestrafft
2298 1723 3063 1840 ud gewarnet wordenn, hab es
2307 1770 3069 1894 doch an ime allwegenn nit souil
2322 1830 3017 1941 erschossenn, dann das er inse
2341 1877 3064 1993 tutem bösen willen allwegenn
2329 1917 3044 2049 gegen iren fürgfaren, sy und
2319 1972 3054 2090 ouch ir muster übell geschlagen
2351 1998 3077 2141 über das alles, so sye er von siner
2325 2057 3084 2180 beganngnen lasteren, vnnd miß¬
2322 2101 3092 2218 hanndlungen wegenn zu Romanieten
2334 2153 3043 2263 venncklich ynzogen unnd durch
2322 2206 3073 2308 ein ersamen gricht daselbs zum
2320 2239 3054 2361 thod verurtheilet, aber von in
2339 2262 3097 2394 gen herren ime uss gnaden sin verwürckt
2335 2321 3078 2429 lëben geschennckt unnd durch den
2339 2377 3085 2484 nach nichter mit ruten ufgschwungen
2330 2413 3098 2528 syet wordenn, da er sich nach sol¬
2325 2465 3052 2571 slicher erlittnen Straff ouch nit
2335 2513 3071 2629 souch gebesseret, dann das er iren
