4032 3024
1515 389 2220 517 Müntschier, Walperswyl
1515 489 2195 614 immer Maropff spricht der er
1495 552 2216 652 an Barbli Mathybt, inn denen
1520 599 2204 707 wortten, wie das sy beide ein
1504 643 2198 734 anderen dieselb ufrecht, unnd
1512 686 2209 795 redlich versprochen unnd habe
1510 734 2204 842 dren zu einem worttgethenn
1565 790 2212 888 dickpfen unnd ein gmachel ung
1490 820 2214 946 uff die ehegäben diewyl nun
1506 871 2201 968 aber ir vatter Christ mathys
1495 920 2198 1027 ime dieselb sin tochter zu lassen
1529 959 2205 1066 sich widrige, vnd inen harnun
1519 1010 2231 1119 yntrag zu thun vermeine derhalben
1520 1055 2177 1162 begert ime bemelte Barbli
1529 1066 2207 1214 für sie eewyb zuzusprächen
1526 1144 2242 1264 Dargegen Christen Mathys die
1508 1196 2224 1328 vatter darthan, das obglych wol
1543 1239 2208 1366 n tochter dem er der feuer,
1529 1295 2191 1422 heihung bekhantlich, sollichs aber
1554 1341 2205 1443 wider sie gunst wusten, vnd
1565 1391 2207 1503 villen beschehen, vnnd er vor
1548 1439 2215 1537 etwas jaren dise sin tochter uff
1533 1485 2240 1603 d gfallen sinem stieff sun Hein
1518 1538 2207 1646 beyben, ettlicher gestalt zur er
1546 1587 2236 1702 verheißenn derselbig aber intz uff
1549 1637 2223 1749 sein handtwerch wandle, derhalb
1554 1685 2230 1789 er umb sollicher ursach willen unns
1552 1737 2263 1826 den hanndel darüber abzusprechen heim
1544 1772 2268 1893 gsetzt wölle haben, congnitum et
1535 1836 2252 1938 Diewyl bemelte Bartli mathis
1543 1882 2263 1982 dem er erlichen verheiffung bekantlic
1549 1944 2261 2033 ime auch erliche pflicht ze leisten begert,
1544 1993 2270 2077 unnd gedachter er vatter (dem dann
1554 2046 2246 2134 sin recht des zugs irer jugenthalb
1543 2085 2277 2181 hut der satzung vorbhalten worden, sy nit
1546 2157 2241 2223 dannen züchen und ir erscheiffung
1573 2188 2241 2273 nit krafftlos gemachen understan
1566 2229 2266 2325 wöllen, das sy deßhalb imme für sie
1552 2280 2243 2373 behen zu bekhent sin sölle etc. und
1547 2337 2250 2425 hiemit ouch die verheistung, so er vatt
1590 2381 2258 2467 mnem stieffsan Heini Pryben
1574 2423 2278 2506 gethan möcht haben, für nichtig und
1570 2467 2280 2550 kafftlos erkennt sin solle, denn
1580 2508 2279 2594 hl Christ mathes Heini Fryben
1584 2560 2285 2635 frunden den rosten, so sy hiemit erbeten
1580 2603 2052 2693 behalten unnd abersagen,
2266 713 2314 777 0
2986 285 3052 381 7.
2622 383 2654 444 a
2361 360 2879 529 eg ein sei
2315 446 2932 620 H. Bendige her Mei
2335 528 3082 726 verdiranten von fordnung ihr sammel
2322 641 3033 829 burgeren Rüsch Stürler
2322 774 2542 893 Seclob
2494 876 2896 995 allpperswyl
2294 985 3002 1145 Demnach Anna Schulerin
2290 1057 2970 1200 Ir erlannget rechts mitt
2305 1103 3039 1243 citieren wider ir eheman
2301 1154 3037 1294 sammel kanntiger ordenlich
2305 1222 3033 1355 verfhüert, unnd er unghor
2309 1269 3062 1398 samen uffliben. Ist sy aller
2313 1320 3026 1445 ehelichenn baunden, unnd
2320 1364 3064 1512 pflicht von im ledig erkennt
2320 1420 3067 1548 unnd gscheiden unnd iren er¬
2319 1469 3059 1592 loupt sich annderfhart zuuer¬
2312 1523 3035 1647 ebelichen mit gmeinem vor¬
2309 1560 3063 1690 bhallt, unnd mag ires er¬
2325 1601 3055 1739 litenen costenus an sinem
2320 1651 3057 1805 gutt zu khommen, unnd ist
2321 1698 3066 1840 er inn gern, vnnd straff
2318 1772 2846 1898 der satzung gsetzt.
2636 1883 2835 1974 Epsach
2393 1892 2531 1994 Vil
2322 1987 3015 2092 Sinnd gegen einanderen ersten
2346 2026 3074 2149 Peter schwab, mit Jacob Bonsten
2485 2070 3057 2182 stieff vatter an einem
2352 2119 2413 2179 sin
2336 2109 3060 2207 Peter löffel mit Hans Löffel
2413 2129 3073 2252 mein Vatter dem andern, vnd
2345 2189 3073 2315 Elssbet knechtenn mit vnter
2348 2233 3091 2355 knecht dem vatter dem Stritten
2349 2290 3076 2379 teil, und hat Jacob Bauss darthan
2330 2329 3084 2439 wie das vermelter peter knecht, ime
2353 2359 3110 2477 inn einen ürtti gute sin tochter
2357 2404 3098 2533 Elssbet seinem stieffsten abget
2343 2458 3076 2572 inn stand der er zu gäben ufrechten und
2350 2495 3095 2611 redlich zugsagt, und schriff habe, wie
2338 2540 3111 2645 er dann sollichs mit kundtschafft bybracht
2393 2592 3084 2692 haben gemeine etc. Derhalb sie stieff
2344 2636 3070 2746 sum vermeindt, so soll im für sin fern zugekent,
