4032 3024
1623 298 2259 443 sollichs mit gnugsammer
1616 380 2246 500 khundtschafft bybracht zu
1608 436 2264 553 habe vermeine, zu dem so
1585 487 2262 587 habe er dhein gutten villen
1603 554 2271 646 noch erliche liebe zu ir gwünnen
1596 607 2268 695 vnnd mit ir wir sich gepurt
1582 656 2279 748 hushallen wöllenn, dann alle
1648 712 2267 804 inn nun 3 darlanng zur
1570 767 2241 859 ehn ghan, sye er inn e
1591 835 2238 920 lichen werchenn ir man nie
1600 886 2283 968 wordenn etc. Derhalben begerten
1604 928 2260 1027 s Eelicher baunden von im
1572 980 2270 1082 hledig zu erkennen, dargegen
1588 1026 2263 1130 abe er des fhälers, und er¬
1585 1084 2250 1182 bruchchs mit bekanntlich sein
1598 1136 2235 1225 wollenn, vnnd darby an¬
1594 1181 2230 1281 zeigt, so sie wol an im
1578 1219 2261 1328 zubrichtig worden, dann
1597 1270 2252 1378 ich einer der gerumpt habe.
1626 1319 2243 1424 wie er sollichs mit kundt
1616 1390 2229 1481 hafft ufgericht zu habenn
1587 1428 2271 1515 vermeine, darzu auch habe
1593 1485 2262 1579 sy ime dein erliche trüw
1579 1545 2237 1631 noch liebe erzeigt, sonders
1595 1578 2241 1676 wann er heimkommen, sye
1602 1640 2240 1728 us dem huss ganngen und
1603 1679 2252 1769 sinen mit gewarttet der¬
1604 1731 2238 1808 halben sy an imme, unnd er
1598 1778 2244 1864 an iren nit, die erbrochen
1571 1830 2264 1912 att und recht zur schidigung habe.
1628 1871 2256 1964 ongnitum est. Diewyl sich
1585 1928 2262 2013 inn der durch so gelegtten
1597 1976 2225 2060 khundtschafft gnugsammlich
1579 2026 2250 2104 befunden, das er im frouwen,
1589 2076 2249 2158 huß zu Lutern einer mätzen
1616 2121 2212 2201 byglägen, vnnd die unor¬
1579 2171 2256 2257 denlichen werch mit ir verbracht
1593 2221 2245 2315 unnd dargegen er dhein fhäler
1598 2271 2243 2350 uff sie gewysen mögenn.
1608 2310 2142 2397 unnd sy im nit verzychen
2157 2342 2219 2378 ein
1601 2358 2244 2442 wöllenn, das sy disshalb, auch
1598 2410 2174 2486 inn ansechenn er ir me
2164 2409 2233 2489 B
1587 2449 2229 2532 gwonet, vnnd dem gutte
1591 2488 2246 2586 Er zwuchen inen meinermer
1593 2527 2233 2617 gen wurde, aller erlichenn
1595 2571 2213 2660 baunden, unnd pflicht von im
2316 287 3095 469 ledig er bewerten unnd bescheiden be
2308 357 3055 518 dern aber hiemit de lang, inn
2317 406 3069 564 aber ander thalb dar zu straff sins
2314 462 3080 628 thälers sich anderfart zeuereelichenn
2317 533 3056 695 spotten sin solle, unnd wann
2329 568 3052 734 er sich hernach wider verlichenn
2332 616 3084 786 wolltte, sol er denntzmal die
2399 687 3084 829 erzennemmen willenns alhar
2334 720 3082 902 fur eegricht stellenn, denne
2355 780 3069 929 ol er ihren ouch allen kostenn
2351 831 3084 987 inn zimlichkeit abtragen, unnd
2328 946 2568 1051 bezalenn
2390 962 3064 1092 Hn Lanndvogt zu Innder
2335 1002 3066 1157 lappenn, das er inne, ouch die
2362 1069 3036 1193 Rhenungen, so mit ime im
2319 1115 3028 1234 Burenhus zu Lintern gsin
2330 1146 3051 1302 mit gfencknuß straffe
2462 1312 2969 1455 Bipp Wiettlich bach
2395 1416 3064 1569 Alls dann Appelena Kentzig
2346 1484 3078 1630 hieuor uf fürgebrachten schyn von
2333 1533 3072 1672 den er berichtern zu Wittlis
2333 1582 3087 1713 bach ein citation wider wolffgang
2322 1628 3047 1765 vigten iren erman so mit un¬
2336 1661 3096 1810 nützen mötzen hin und wider den burgen
2334 1707 3112 1851 ouch im land umbzogen vergönt worden
2338 1758 3063 1886 unnd derselbigen wolffgang vogt
2326 1806 3090 1924 vor dem letsten auff uff hatt
2345 1846 3082 1984 erschinen, vnnd dieselb sie er¬
2349 1900 3068 2018 frouw umb die fhaler, deren
2352 1945 3077 2067 er nit absen können umb ver¬
2754 1985 3085 2087 Vnnd aber
2349 2036 2746 2136 zychung gepatten
2377 2031 3073 2172 v ime nit verzychen unnd
2339 2064 3095 2225 sich nit begüttigen wöllen laßen,
2354 2132 3066 2267 sind sy nach gmeinem bruch
2362 2193 3082 2318 der erhalb von einanderen
2357 2232 3074 2371 bekennt, unnd sol er ir den
2368 2325 2722 2431 costen abtragen
2389 2347 3051 2467 Gund ist er angentz buß
2381 2407 3077 2549 ze thun yngleit wordenn
