4032 3024
1620 344 2292 484 heißenn, alls er inn Hanns
1634 427 2299 532 trüns huß zu iren kommen
1601 485 2279 584 sye, unnd iren eins uff
1618 539 2287 639 der bracht, habe sy aus gseg
1627 592 2295 674 net, und alls er ouch zu er
1628 643 2252 731 gesprochenn sy wär sin, hab
1646 700 2225 778 y im geantwurffet, da
1610 742 2285 838 uff welliches hin, er iro ein
1610 796 2291 887 diekhumpfen uff die ergebenn,
1640 848 2317 940 unnd habe sy inn mit iro heim
1645 884 2319 987 füert unnd synd allso die nacht
1614 938 2304 1038 alls eelüt by einanderen glägen
1628 990 2282 1085 hhalben vermeint, sy sölle im
1625 1050 2283 1134 nun die verheissung halten
1635 1095 2323 1193 hingegen aber sy fürgwert
1632 1144 2284 1243 alls er inn streins huß zu
1624 1201 2262 1295 ir kommen, vnnd zu er
1678 1247 2251 1346 prochen ir vetter Heinrich
1625 1287 2318 1394 gebelet habe inn zu ir gschickt
1618 1344 2294 1454 sy solle inn zur ernemmen
1672 1392 2295 1489 so habe sy gesprochen sy wölt
1629 1434 2299 1533 on der fründen that nit mannen
1671 1491 2298 1589 sie wol schon iren vil sy zum
1634 1543 2278 1637 heren begert, und alls sy mit
1643 1580 2289 1693 einander gegen und truncken, habe
1639 1643 2309 1742 er ir ein dickpfen wöllen uff
1633 1694 2285 1801 die er geben, das sy aber nüt
1631 1751 2276 1856 gwöllen, hernach syn derselbige
1657 1808 2281 1890 umb wyn geben worden, und
1646 1845 2319 1946 nach dem sye er mit trohenn
1638 1902 2331 1994 gangen, und sich da wider wurden
1646 1943 2293 2040 uff ir bet gleyt, alls er aber
1654 1996 2282 2091 entschlafen, sye sy inn den
1647 2045 2310 2130 bleyderen auch uff das bet glägen,
1657 2092 2294 2183 er aber heig die gantze nacht
1670 2138 2304 2223 gschlafen unnd iro dheiner dingen
1657 2188 2297 2270 mit gedacht, und diewyl sy
1649 2235 2285 2315 der erhalb gar nit verheissen
1655 2283 2275 2357 hat sy begert von im ledig ze
1667 2314 2289 2405 werden, longnito diewyl
1658 2358 2255 2449 sy im der benerheittung nit
1663 2398 2284 2478 bekhantlich sin wollen unnd
1663 2438 1730 2499 er
1739 2439 2324 2536 nüt gnugsame kundtschafft
1667 2479 2318 2584 ghept, unnd er ouch ufglassen
1711 2523 2311 2643 sgelt im glych, man spräch
1686 2555 2270 2655 im sy zu oder nit und der
1683 2594 2333 2699 unwillen zu beiden sythen da gsin
1687 2629 2302 2746 sind sy gscheiden, unnd iren den
1705 2673 2209 2778 oßl ufgleit wordenn,
2364 635 2448 714 vom
3074 297 3169 372 21.
2419 340 3084 531 Mentag 26. Januarii
2452 437 2946 603 d. handern zu be
2485 472 3182 661 viederanten herrn Mühli, Herrn Ordnung
2478 572 3180 742 burgeren von Erlach, Gfeller,
2456 697 2758 818 Mannel
2490 803 2846 926 Oberburg
2482 864 3148 1024 dehzeit Rutschin spricht
2420 953 3143 1100 der ehe an Niclaus burge
2428 986 3144 1153 mit fürwendung wie das
2432 1030 3156 1187 er ihren dieselb ufrechtt, und
2426 1075 3161 1251 redlich versprochenn, vnnd ouch
2420 1134 3164 1301 überwarnungen by ir glägen
2438 1201 3179 1355 vnnd sy geschweingerett, der¬
2435 1262 3172 1427 halbenn sy vermeine er soll
2440 1303 3202 1474 irenn die verzeihung hallten
2442 1361 3166 1501 unnd für ir eeman zu¬
2444 1422 3183 1560 bkhennt werdenn, dargegen
2447 1490 3149 1608 aber er ir dens wegs
2450 1540 3158 1671 der erlichen verheinung
2458 1581 3172 1737 bekhanntlich sein wöllen, dann
2464 1651 3186 1766 er iren derohalb mit ver¬
2470 1697 3131 1827 heisse, wann sy im aber
2456 1739 3138 1877 das kind bin eyd zu stelle, so
2459 1783 3196 1914 wölle er ir daselbige abnemme
2440 1852 3168 1967 unnd begern deshalb von de
2462 1898 3172 2029 ledig zu werden, Conquitum
2453 1953 3177 2073 Diewyl er ir nüt bkhannt.
2451 2004 3162 2131 lich unnd sy nüt erzeigen mögen
2455 2064 3183 2172 das er deshalb ouch innansech
2471 2107 3184 2222 sy einem Steffan wöllten gut
2463 2153 3182 2265 die er zuuor verheiten sol
2481 2203 3180 2321 haben, von iren aller erlichen
2473 2263 3172 2362 ansprach ledig erkhennt und
2468 2296 3178 2419 Inn hiemit sich annderfhart
2482 2349 3183 2481 zeuer eelichenn erloupt sin
2495 2400 3153 2518 unnd jedes sin costen an ihm
2512 2444 3142 2578 selbs haben solle unnd so
2547 2478 3201 2627 den hernach das kind wie bruch,
2484 2532 3177 2675 tlich zu stellt, das er ir daselb aber
2469 2584 3205 2701 nem, vnnd es alls sin vatter erzüchten
2482 2648 3157 2766 unnd irem die kindbett abtragen
