3024 4032
483 499 1546 792 vor endtlich nach zeehen keit dieben
628 628 1539 853 hynen Comnissack darin eretli
603 736 1535 968 stuck von shete vnd Sammet gehen
616 857 1529 1031 ampt dem Sytenwehr vnd des
575 964 1536 1146 Bassporten, s sy ihme gwalt that
598 1085 1545 1253 waß abgememen, ohme vil Cheis
576 1195 1546 1341 das mitste aber nicht erstattet
592 1296 1534 1469 sonder Inne ver andere vnredlich
578 1417 1535 1575 köst buben vnd rorber wollh
595 1524 1543 1665 petiert, tranck vnd Schwich s
591 1643 1528 1782 gelassen habent. Welches auch der
588 1746 1529 1894 gefangee key nit widersor
600 1837 1537 2007 ehönnen, allein zeigtern das s
609 1939 1523 2069 siefing alhie i  darvon ensh
583 2037 1521 2169 Er Eittet aber in g. Oberkhe
532 2129 1531 2279 Wordertheiig ist vmb grad vend
587 2235 1522 2404 zyehung, das iegen nicht nach
578 2330 1540 2493 denen mit gegen Ihme protedi
560 2416 1534 2583 sonder yner ehfromeen auchde
569 2536 1503 2723 jungel und unerzognen khund
573 2678 1464 2835 gredeg beschonen wolle etc.
566 2814 1520 2999 Als dise synn Lonantz Freyenn gethane bekene
601 2910 1516 3074 meinen gnedigen Herrenn vnd Oberen, Ienk
598 2963 1510 3159 seßnem rath vorgelesenn worden, haben daß
593 3018 1497 3206 an dieselbe nit kommen wollenn, Sonders be
576 3071 1510 3280 das derselbe noch weiters, mit zimlicher marten
598 3140 1508 3336 befragt und eranriniert werden, das ist nun voc
583 3202 1479 3419 Den 8. diß inn bysyne hirvor und welte
582 3315 1371 3471 Herrenn oxaminatorin, beschechenn,
560 3367 1445 3575 Und als im nun insonderheit fürghaltenn
585 3387 1519 3633 3g der jenige Stürler und laggey, so imme v
568 3444 1518 3710 gspanen von h hauptman Stürler desen trst
556 3517 1484 3768 Inn bern gefürt, das u das so dur in lemgy
568 3559 1500 3835 ve de
582 3643 1451 3889 nit ouch habent außgezogene, wie den vorge
569 3739 1497 4065 n
1622 346 2651 621 useher von lei zuhn tee nit zugegaben
1628 407 2646 707 seders haben denselbenn, mit noch einem teüzehen
1615 452 2626 751 etn rne
1604 504 2647 808 nd
1612 559 2642 858 und entlichen uff einem beldt unher von einem
1601 591 2631 906 e e
1601 626 2676 948 enen en a
1603 698 2705 1013 bihnon ze thun gehabt, den Taggeyen belangent, sye den
1605 763 2631 1046 stilstgad an seiner zeerung außkommen, das er lorentz
1587 837 2671 1116 dnsy inne auß seinem gelt vier gantze tag lang seren
1606 867 2667 1135 nistenn, wie sy nun nach langers kommen syen, habe sich
1601 950 2659 1191 inselb dorten underhalten laßen und sye daselbst verbliben, es an-
1599 1114 1891 1251 e itrüt
1597 1110 2633 1343 genstenn sagt er auch seyenn seine gspanen gwesen, so
1590 1199 2616 1406 imm im kastenn und zu Hastli einbrechen helffenen
1601 1236 2682 1428 einer so sich meinrath und der ander werrli außwal-
1609 1312 2656 1491 geamset, ire zunammen wüste er nit, darumb sye er
1597 1378 2628 1556 der ungfert vor 3 jaren zu Ahrwangen gfengetlich
1602 1429 2693 1620 vegnammen lär aufgezogen und entlich ohne erwysung deß
1597 1502 2686 1656 lens ledig gelaßene worden, seithero hab er sich mehrtheils
1597 1562 2707 1716 ankriegswesen aufgehalten, Im landt aber hab er spetzeren
1625 1631 2659 1754 entmeyn und läbkuch, umbher feil getragen und userth
1615 1700 2678 1811 ihm nichts bäses fürgenommen. Deßwen er nachmalen
1635 1747 2650 1875 n und ein fromme gnedige oberkeit umb verzeichung
1620 1873 1684 1941 gette
1615 1909 2717 2030 Wirkentnuß neyner gnedigen herrenn der rähtenn,
1618 1995 2659 2092 diser Lorentz Frey samstags den 9. septembr
1595 2051 2662 2154 von jr g statt und landt mit dem eydt gerwisenen
1599 2124 1673 2209 fro
1612 2272 2696 2431 Barbara Nah von Talwyl auß dem
1864 2390 2132 2492 Zürichh gebiet
1599 2470 2717 2583 ach den dieselbe dauid Bäler von Blumenstein ange
1590 2530 2641 2637 gsclagt, als solte er sy geschwängeret haben und umb
1602 2599 2722 2697 selches kindt, sy zu Feyburg kommen sye. Ist derselbe
1597 2640 2712 2744 alhar für chorgricht kitiert und deßwegenen mit
1594 2693 2154 2805 alem ernst befragt worden.
2153 2721 2709 2821 Weil er aber deßen
1598 2744 2722 2870 sum wenigestenn nit gestendig syn wollen, ungeacht er
1596 2811 2713 2942 stliche tag inn deß chorhuses beiden gefangen schafften
1605 2867 2737 3008 dm gmeinen und Pfaffensach enthalten worden, haben
1607 2916 2722 3046 syne herren deß chorgrichts alhie, solliches mynem
1608 2988 2723 3115 s und oberenn inn geseßnem rath fürtragen laßen
1603 3024 2757 3199 ind derselbenn weiterenn bemelchs, weßenn sy sich gegen
1602 3101 2736 3243 disen beiden persaren zuuerhalten habint, ze erwartenn
1608 3162 1724 3227 begert
1732 3189 2763 3292 Worauff dann hochgedacht ir g geraht
1599 3209 2776 3354 Weil her verdacht, das bemelter Bäler sich mit diser
1597 3276 2761 3410 wiebspersohn in fleischlicher unbeüschheit, solte ergestene
1598 3316 2750 3481 habenn, dermaßenn große sy aber beneben auch znn
1593 3394 2772 3533 die höchste leichtfertigkeit gerahten, Inn dem das sy von einer
1608 3438 2765 3594 hönschoder bätelfrauw ein kidt entleüt, sölliches dem
1599 3509 2752 3662 gesagt Bäler für das sönige zugeschickt, so er doch nit
1605 3556 2743 3731 empfachenn wollenn, daß sy deßwegen zu Marzili
1598 3636 2771 3787 mit zimmlich marter und ob sy sich nit auch mit anderen
1618 3691 2765 3833 personen inn ir gr landen. Inn der gleichen unkönscheiten
1608 3722 2757 3891 getrabt habe, nochwendiger wys sölle examiniert und
