3024 4032
366 355 1405 534 er ira auch domalenn anganntet, sy sölle ze
373 431 1414 600 etwas nemmenn und imme zu brügene orin
381 484 1407 648 sy irem vatter, zwas ouch uß antrib bat d
399 550 1399 706 his frauwenn von Buren zu underschidenliche
385 615 1400 753 malenn. 3 gantz leibenn, vnd etliche stuck broth¬
622 673 1421 826 ein fleisch mül käst anekene und zu lesen
384 720 1399 845 mäs dinckel-antfrombdet und gedachter frauw
618 789 1407 911 .Die hab zan all etwas gelts so
391 848 974 934 umb das korn 20 bz gebenn.
1121 857 1408 982 und weil solliche
379 910 526 987 elter
589 909 1423 1041 bentschafftet, habnit ey iren trag auf
673 973 1412 1096 das gelt darauß genommen, sy auch mah
365 1036 898 1114 darrüber bescholtenn
1004 1028 1400 1148 Vorrüber seye sin
359 1078 1411 1200 kirchweich zu Meinisperg, abermalen zu gedacht
365 1149 1403 1263 müllenknecht kommen, dar habe irn die ehros
380 1222 1408 1328 und gesagt, es wolle sy hinwegg an ein anderech
386 1282 1409 1373 und daselbstenn die ehe mit dem kilchgang les
370 1337 1403 1432 woruff sy sich mit imme fleischlich vergangen
377 1401 1408 1502 alles iren elteren kunt gethan worden, die hebu
364 1460 1419 1567 ira sölliches mit allem ernst gewehrt, darabs
391 1527 1403 1619 nutzich thun wollenn, sonders habe vs vnb
380 1593 1395 1679 ire kleider zusamen gebunden, zumar aber
380 1639 1419 1743 vatter uß dem trag, darzu sy den schlüstel i
397 1704 1408 1798 3 l 23 bz In plaxharten genommen und zuen
396 1751 1414 1856 so ohnner von ires vatters hust neben de
396 1819 1402 1930 tande, da ira der müller gewartet, zubeh
375 1882 1408 1990 gebenn, sy aber sye mit dem müller alhar
365 1938 1407 2050 Gern gangenn und habe alhie zu s. danch
373 2010 1409 2116 maawer dunzet, Anzwüschen habint zu
385 2077 1410 2186 von die Kleider an dem oeth widerumbhun
374 2135 1406 2258 genommen, Als sy nun von hinnen hinander na
387 2189 1398 2311 den gangenen ire kleider abzeholene, dieselbe
378 2239 1413 2368 an dem orth nit mahr furden. Hab sy zwar sollen
377 2298 1401 2433 von irer mutter genordenet. Wyl sy i
366 2371 1406 2500 die abgeschlagenn, hab sy ira angezeigt, we
378 2425 1391 2574 etwas hieraus ervolgene werde, so werd sye
378 2473 1386 2636 müstenn habenn und das uß disem anlaß das
362 2529 1406 2737 grett, es wolle eintwederem von iren lüten sol
374 2606 1403 2806 hinderen woltenn ein letzi geben, Es syvn
380 2669 1398 2855 als sy mit irer mutter deßwegenn gesen
355 2745 1363 2916 darbey gewesen Hanß Stotzers hußfrauw
357 2787 1383 3001 Klentschi genampt, item Hans Farschort
381 2851 1397 3060 frauw zu Oberbüren, die werdint darnm
646 2892 1397 3086 Und weil ire domalenn Ire K¬
374 2955 1398 3178 nit werden mögene, sye sy ohne dieselben
351 3035 517 3143 könden.
365 3037 1386 3285 gangenn und iren dienst by hr. dingnanw
369 3078 1385 3354 getrettenen. nn einem sontag darnnh
360 3153 1399 3392 melter müller widrumb zu Ira kommen v
358 3204 1399 3493 gantze nacht by iIre eblibenn, sy auch zrem
361 3277 1395 3531 etwas zenemen und ime zuzebringen, angea
339 3323 1378 3601 Vorrüber hab sy achtung uff Ires hr hussh
1313 3465 1375 3539 6
361 3417 1359 3707 alhie zun der statt an dermatten, vnd etlich
364 3529 1387 3752 schlüstal so an der wandt gehangen sh
1257 3594 1372 3677 Huber.
342 3561 1325 3815 dieselbigen zu jra genommen, als sy ni
363 3650 1386 3872 morgen von irer frauwen mit einem
365 3676 1302 3933 auß der mante alhar zu die statt gesitzn
340 3682 1397 4018 enee
1559 317 2670 571 tagerbsteck meßen zwey wyber hambdt zwen
1506 337 2693 621 fägenn und zwey synlachen darauß genomen, welches
1574 408 2664 652 an ein andere hindere kammeren gstecken wellenn
1505 451 2644 713 k zu aber seye ein alte fruuw kommen, die hab das ein
1523 497 2659 762 und ander zu zragenommen, also sye sy die magt in
2549 617 2639 686 ge
1508 556 2621 828 disem schreckenn widerumb hinauß inn ires 4r
1502 635 2434 875 mattenn gangenn, ein fleschen mit wyn die
1508 666 2673 923 tragenn und hernach die abgedachten schlüsten
1497 743 2618 1004 wag gelagt und sye sy hiemit von dannen hie
1506 802 2622 1047 gegenn worb, da underwegenn der meiller
1484 838 2673 1112 Ien dem Höltzli bey dem Sali gewartet, mit
1504 926 2678 1165 ain sy volgents bey den 17. tagen lang,
1499 1106 1798 1228 vnd gezogenn.
1496 1112 2667 1322 Als dum zr als zugleich dest müllers gel
1500 1182 2666 1374 don der müller angezeigt, sy solle hinmm
1510 1240 2666 1431 vatter gahnen und ein gwüßt trögli, dari
1504 1315 2648 1503 angedütet und darrinnen ir vatter
1511 1367 2679 1557 stuck silbergschir habenn sölle, hinweg
1508 1450 2680 1611 zubringen, es wolle das silbergschir zer
1498 1529 2663 1668 ketthenn, seye sy zwar uff söllich und
1520 1581 2675 1735 angen, Ir vatter aber habe das trägli
1524 1644 2676 1804 shalt inmastenn, das sy nützit schaffen
1519 1730 2673 1862 dan das sy irem schwager, welcher e
1526 1814 2649 1938 abiemn hochzöth kommen, gelt auß ein
1524 1872 2658 1985 nommen widerumb hinwegg gangen.
1518 1947 2647 2066 uff dem trag vergesenn hatte, bey
1519 2010 2680 2130 grodem gelt entzuekt, mit wellichem
1509 2074 2675 2174 widerumb zugewolt, wellicher don
1518 2141 2683 2249 stach dienete, daß erstenn tags sy
1511 2207 2662 2319 men und daselbsten übernacht glegen in
1507 2276 2674 2361 seye sy gan Luggenstein gangen ald
1524 2334 2667 2434 silbernen vergülten becher erwüts
1526 2395 2669 2506 gehaltenn, man sye ire aber ange
1495 2468 2679 2563 Ire den becher widerumb abgeno
1500 2518 2672 2627 gefürt. Sünstenn habe sy wyters in
1513 2584 2679 2673 hiemit gott und ein hoche oberkeith umbg
1519 2649 2677 2757 erzeichung, allein stande sy inn sorgen, so so
1500 2703 2677 2819 umbledig werdenn, vnd zu bemeltem M
1512 2761 2652 2874 licher ein junzer starcker viergschräter man
1500 2819 2670 2941 dem eben ein schwartz bärtli anhabe zewächste
1506 2891 2695 3008 und der weist wüllin hosenn, ein eschen
1505 2953 2674 3071 wammest mit rohtenn schaürenn, darunnder en
1503 3004 2668 3134 Wüllin hambd und ein hochenn hut in
1500 3065 2682 3219 kinden trage kommen sölte, er wurde ir ein
1515 3109 2381 3256 wie er ira dann schen getröüwt habe
1482 3170 2678 3362 Den 3. septembr ist dise von meinen gl s den
1515 3269 2636 3411 uff gnad hin inn das schellenwercke
