2448 3264
495 536 1178 676 banden zum theil ledig gemacht und habe
493 608 837 709 ussryssen wellen?
472 686 1183 824 Den ersten ihme fürgehaltnen puncten
492 771 1186 881 nun betreffent ist er gestendig, das
491 828 1186 952 er zwar under einen solothornischen
480 889 1188 1018 houptman gedinget, aber khein louffgelt
498 954 1175 1046 empfangen und im minsten nicht gedachten
504 999 1176 1106 Durss Brügger noch andere uffge¬
453 1060 1195 1158 wiglet habe, sonder es sye einer genant
495 1118 1182 1225 Hüener Ruodi (so ouch fortzogen) ihme
492 1171 1187 1278 morgens zum vortag zum huss khomen,
474 1239 1196 1339 ihne gerüefft und das er dingen sölle
489 1308 1183 1401 nicht weniger dan ouch mehr anzognen
457 1352 1010 1463 Brügger verursachet.
467 1440 1178 1558 Den anderen puncten betreffent ist er
481 1509 1157 1618 kheines wegs gestendig, das er zuo
466 1579 1180 1662 Koppingen, als er dissmal gefengcklich
483 1632 1198 1724 angenomen worden, einiche thröüwort
465 1683 1177 1782 im wenigisten habe ussgestossen noch
477 1743 782 1848 louffen lassen.
437 1814 1183 1933 Betreffent dan den dritten puncten
443 1883 1165 1979 worumb und uss was ursachen er
448 1941 1190 2053 der jharen alhie gefangen gsin und das
470 1989 1196 2095 er underwegen ussgrissen sye, hatt
479 2061 1177 2183 er anfencklich der ursachen syner
461 2114 1204 2243 gefengcklichen annemung, das ihme die¬
455 2172 1179 2304 selb nicht bekhant sye gelougnet glych
471 2235 1214 2359 aber daruff bekhent, das er inn verdacht
455 2290 1202 2428 gefallen, als ob er inn den spycher zuo
459 2343 1213 2500 Coppingen unden uff geboret und etwas
442 2415 1201 2572 gethreydts daruss entfrömbdet haben
451 2481 1194 2605 sölle, weliches sich aber nicht befunden
430 2546 1198 2687 inmassen er ohne tortur oder einiche
440 2594 1212 2738 straff ussert ussgestandner gfangen¬
466 2678 1139 2821 schafft ledig erkhendt worden sye.
1246 458 2047 677 das er aber underwegen den weiblen u ussge¬
1255 537 1980 751 rissen, habe er der meinung gethan, sich
1275 587 2032 782 selbs vor mynen gn. herren zestellen und
1261 635 2040 852 hierdurch die gfangenschafft und den resten
1227 799 1509 936 zuuermyden.
1219 767 2052 1015 Den vierten und letsten puncten aber belangent
1247 833 2077 1055 das er der jharen zu Thorberg als er daselbst
1280 904 2072 1091 ann kettenen und banden gefengcklich enthalten
1264 952 2051 1148 worden, sich deren zum theil ledig gemacht
1270 1013 1994 1215 und uss zuryssen ihme vorgsetzt habe?
1264 1077 2040 1258 hatt er im wenigisten nicht gestendig sein
1260 1136 2064 1317 wellen, mit fürgeben, das er sich der arm
1285 1205 2012 1384 noch fussysen niemalen ledig gemaht
1293 1357 1371 1422 habe?
1286 1327 2086 1490 Bittet also miner gdn. herren und oberren
1283 1411 2105 1557 umb gnad und verzychung und das man
1290 1458 2107 1611 ihme mit anwendung der tortur gnedig
1288 1545 2096 1669 versonen, mit hocher versprechung, das
1290 1596 2114 1750 er sich fürthin ehrlicher handtarbeit und
1284 1680 2114 1805 begangenschafft beflyssen, sich und die
1272 1758 2070 1877 synen (mit der hilff und gnad Gottes)
1277 1813 2103 1937 ehrlich damit fürzuobringen understahn
1285 1916 1419 1983 welle.
1293 2002 2043 2116 Obgemelter Peter zum Bach ist durch
1302 2087 2081 2178 mein gd. herren sechswochenlang in das
1298 2145 2022 2265 schallenwerck erkhendt worden.
2017 404 2042 461 8
