3024 4032
386 379 1447 649 Eober vorghende durch Ime laster bes
401 560 1437 738 debstäl hat er hintegsmorgens nach
415 658 1440 894 ende angeben buch an der Martee
421 738 909 906 und bestühtiget.
330 890 1443 1081 Namlich sy er mit hilff einsi keidli gen
400 974 1448 1176 Ans dem Zurichpret, se gantz Schaldete
353 1057 1441 1251 bekleidt mit einem Zerstochnen Wanst
412 1179 1443 1338 durch anstellung einer lesteren dem h¬
390 1273 1438 1436 redinandten zu Kallnach in ein gede
404 1380 1439 1557 estige, Easo atlichen sy ein cantzele
418 1500 1434 1636 ein grauen guthahenen ein Schall
416 1584 1435 1724 Oberlenfehlen, ein Kiolbennen wye
407 1670 1442 1805 rock, ein Cammesinen Kappen und ein s
394 1765 1448 1933 huth, achtzehen ellen Schwartze Srs
396 1877 1432 2030 gestolen, er Cassar habe syen theyl de
372 1979 1435 2147 Barbli Krattinger zu Gemppener
399 2075 1429 2228 den einen rock umb 17 bi den anderen
403 2169 1439 2296 ein kromen, vnd von dem tluchgielle
381 2248 1438 2406 Jede vmb nun keutz verbhause
377 2379 1432 2589 Item zu Elllmutz habe er mithift
385 2513 1441 2681 Jacob Gassers einem buren ein ans
377 2608 1432 2761 Dinckell und 4 lieben brodtmte
334 2712 1429 2928 So sye er auch verschinen feüeling
344 2840 1423 3026 Ebyß einig Christten Pnners, herren
383 2932 1423 3187 Christonuns Botlen zum sein kellerbe
361 3052 1424 3267 Eaß welchem sy siben khästen, und
368 3089 1442 3356 kübell mit nacken, sohngnerdt
385 3218 1431 3468 und ghalten, genomen, Innei schif
287 3303 1440 3581 vnd darmit fortwellen, er she aber
394 3368 1452 3704 ech i e
379 3507 1421 3840 geer ai den herse
2602 249 2662 321 93
1513 330 2655 666 e a  ndenih
1509 464 2641 749 worden, er aber habe solchen eydt hernach
1481 616 2134 877 ersnd gelhen.
1469 692 2618 983 Zu Sigeiswyl mit zuthun kenners ß
1530 837 2584 1056 einem soycher 1s ell hufthach, wo allen
1525 934 2689 1161 ünstigs ein guthuchenen rock ein parermel
1470 1006 2682 1264 Sndem gat strumpff, 4. Eynbachl. Sechs
1511 1127 2633 1341 pfund kas und 4 breschach entwent
1512 1231 2593 1429 daer shum theyl der huthmacheren zu
1511 1312 2691 1537 Echen vnb Sibenstch albe kromen Eekhaufft
1516 1421 2659 1660 Cunthalb Burgdorff vß einem bathafen
1522 1623 1980 1754 gleiben brodt
1512 1695 2681 1894 Wald er zu Wandißwylgedienet, sent
1538 1809 2667 1947 er vnd sonst noch ein anderer dienstknecht
1513 1898 2670 2094 dasebst veter Kunj genant einem buren
1532 2021 2668 2190 imin Keller brochen und opffel darus
1531 2124 2707 2298 genomen. Wythers hat er nicht bekhannen
1492 2250 1705 2377 wellen.
1507 2337 2631 2534 Ist mit dem kleyneren sein ufzogl
1524 2461 1767 2592 worden.
