2448 3264
1519 511 2017 651 Niclauss Höüwberger
1476 614 1888 724 vonn Küttigkoffen hinder
1550 692 1822 781 Sollothurnn.
1356 774 2029 911 Nach dem derselbig hieuor nechstuerwichnen
1293 820 2059 959 mertzens diss jahrs wegen uff dem gefassten
1296 883 1990 1024 argwons begangner diebställen unndt
1288 948 1966 1058 anderer unnthaten und sonderlich wägen er
1310 999 1985 1110 einen rock so zuo Ambsoldingen uss einem
1290 1028 1960 1165 spycher genommen worden unnd er zuo
1285 1074 2005 1212 Wattenwyl versetzt, allhie inn g'fenckliche
1299 1137 1976 1279 verhafftung gebracht unndt volgents
1293 1197 2031 1308 uss beuelch mynner gd. herren durch dero diener
1291 1245 1978 1363 grossweybell unnd grichtschryber wort
1316 1286 2012 1398 ernnstlich examiniert unnd volgents mit
1319 1345 2003 1461 abtrag costens widerumb uff freyen fuss
1320 1436 1533 1528 gestelt worden.
1313 1477 2026 1588 Ist selbiger verschinner tagen mit unnd neben
1326 1549 2029 1645 synnen gespannen Hanns Joggli Gasser vonn
1310 1602 2072 1695 Kammersrohr inn Sollothurnner gepiet, wegen
1347 1653 2020 1743 sy zuo Cappellen inn worten unnd werkenn
1341 1714 2032 1801 sich gantz argwönnig erzeigt unnd sonnderlich
1318 1774 2045 1865 durch den alhie vor wenig zyths gefangnem
1320 1829 2045 1918 gewässnem Anndres Schmid, allss ob er inne
1331 1879 2070 1972 mit hilff synnes g'sellen zuo diebställen verfuert
1315 1924 2076 2035 unnd angewissen hete, verzeigt behendiget,
1301 1976 2069 2069 allhar inn ir. gd. gfangenschafft überlifferet
1314 2029 2035 2135 unndt uss hochermelt ir. gd. beuelch den 12.
1318 2093 2038 2200 augusti diss jahrs durch die erenuesten,
1311 2156 2092 2267 frommen fürnämen fürsichtigen unnd wyssen
1353 2193 2079 2329 herren hr. Johanns Ruodolff Steiger dess
1319 2252 2089 2388 raths hr. Niclauss Tschiffeli der burgeren
1298 2313 2065 2445 unnd hr. grossweybel Frisching peinlich
1346 2378 2094 2495 examiniert worden, hat derselbig mit unnd
1333 2423 2165 2589 ohne marter bekhennt veriechen wie volgent.
1311 2522 2147 2695 Desserstenn habe er mit hilff obangeregts
1355 2623 2117 2756 Hannss Joggli Gassers synnes gespannen
1329 2664 2130 2818 unuehr von Höchstetten etliche klunglin
1358 2718 2154 2880 faden genomen, welche sy umb vier pfundt
1345 2771 2148 2924 verkoufft unnd dass gelt getheilt habindt
