3024 4032
520 388 1422 627 Caluar Gildtebrandt
677 529 1523 802 vden a dehshedg
881 647 1281 815 frtigen
457 719 1500 981 Ist Fulychenmasen und vorgliehe
1252 926 1312 982 E
471 877 1510 1068 ursachen war sein vun der anderen
469 972 1518 1175 sythen desers blats Ermelter behar
446 1068 1515 1261 Hanß Fischer, biß voff gnad vnd
471 1200 1520 1363 Scheinbare beßerung fin dem thale
475 1290 1396 1438 werek obergeben worden.
473 1385 1437 1579 Actum 5 Juny Anno 163
495 1697 1505 2043 LeMarde ca I
583 2002 1510 2165 Aax von Rugnens der Landt
581 2114 1103 2240 Vogteÿ Aoßanna.
460 2340 1485 2506 Nach dem selbige us bevelch meyner gneden
398 2452 1487 2590 herren unnd oberen den 24. junii 163 da
441 2534 1481 2683 meyne Joheherende Herren hrr Jacob Hoch
417 2617 1473 2775 deß h gattß hrr Welffgang von Mulenen
417 2694 1478 2858 Der Burgeren unnd grn Großweybell Frische
429 2788 1484 2951 mit betroüwung der marter erstlich li
434 2852 1491 3051 mert unnd befragt worden, Welcher deß
413 2952 1493 3147 Ihreß hgindt  Naturlicher Vatters
431 3003 1472 3208 selcheß solle sy fry unnd unerschroken bekhennen i
427 3069 1478 3272 unnd die warheit nit verschwygen. Hatt sy mit
430 3167 1484 3371 großer bstandhafftigkeit hoch bethüret unndt
424 3253 1462 3469 angezeigt, daß sy keinen anderen alß dem
645 3397 827 3468 Clandia
404 3330 1475 3591 jenigen facques vernanul, so ihra diß verneie
435 3425 1419 3640 erkhennen könne. Er seye auch offtermahlen
718 3561 807 3623 don
399 3468 1438 3737 die zahl sy auch nit wüße) zu ihre in ihres
407 3534 1468 3795 Vatterß selign huß, vngeachte sy Ihne ernstch
418 3626 1454 3916 abgemancht, kommen unnd sy mit lieblichen worten
2565 306 2713 414 103
1576 408 2688 743 e oen
1604 516 2655 796 eeligen unnd sechen waß er mache, dan sy von
1583 592 2597 897 ee ehee e e
1571 678 2671 946 Vi geandtwortet, so welte er daß eß (gott behuet
1582 805 2575 1037 zudermenglichen darvor) der teüffell hee.
1569 874 2738 1122 Hibe sich aber sidt dem ersten egind, so sy gehabt, niemahlen
1583 965 2596 1198 nit menschliche fleischlicher vermishung vertiefft.
1581 1209 2636 1389 Ist ihrenthalben an die herren ehorricht er ein
1570 1301 2189 1491 aestel abgracht wrder.
1671 1585 2540 1763 Hans Aug purtzir
1747 1712 2221 1866 Von Dinringen
1600 1912 2709 2071 Dennach derselbige sich auß antrib deß bosen
1582 2003 2780 2141 gist unnd fleischlicher ansechtung, dahin verleiten
1581 2105 2775 2249 aßen, daß er Elßbeth Buchseri auch daselbsten
1555 2174 2715 2335 die zersprecht unnd redlich versprochen uff solich
1569 2270 2684 2408 fidthin sy underscheidenlich beschlaffen, ihren aber
1571 2357 2704 2503 hernach gelaugnet unnd durch sondere arglistigen
1561 2434 2790 2587 geschwindigkzeit mit seynem rachen bluts verwandten
1571 2530 2807 2677 Anßen Laderach (alß der seiner mutter geschwüstert
1575 2623 2817 2775 kind ist Jehrlich verkupplen helffen, vnnd hiemit
1567 2701 2775 2847 zuoffner blutschand ursach geben, weßenthalben
1584 2795 2818 2942 nen g herren und oberen wol befünegt gsin werendt
1591 2872 2782 3014 ihr vermogh der rechten der scherpffe nach an lyb und
1578 2938 2763 3092 Im abzustraffen. So habendt jedoch meyn g
1557 3007 2760 3171 deren uß sonderer anwohnender oberkheitlicher
1563 3078 2779 3263 sltigkheit erkhnndt, daß er tlugspürgt zu einer
1570 3148 2688 3341 gredigen bedol wol verdient en straff anderen zur
1570 3282 2799 3438 wahrnung und wempell drey tund alhe offentlich
1584 3331 2779 3489 im halß usenstohn unnd dan da darinen
1574 3418 2734 3596 In daßchallenwerks biß vff scheibahre
1568 3522 2739 3680 bißerug vnndt Ihr Gnaden belieben hin)
1547 3562 2167 3759 efeßet werden solle.
1554 3710 2765 3921 dißere untheil ist den 15. julii e63 an ihne er
1572 3811 1922 3942 stattet worden.
