3024 4032
413 465 1377 694 Eerena Gor Cm irenas
633 587 1371 768 Eih dem anpet Luntzburg,
573 768 823 843 A
1173 768 1366 802 Eih dem anpet Luntzburg,
296 768 1394 961 vft den 6. auln Anno 1636 weg begangen
364 872 1396 1058 Deitten fhulers vm gewey vnnd Erbeig
379 1031 476 1128 ger
517 982 1407 1167 Eydt ann meiner g. Herren Statt
463 1095 1397 1241 vnnd Landt, biß Wff ihren d
484 1193 1116 1371 hin veewisen worden.
265 1663 1283 1901 Ondicssa lissaler
542 1839 1279 1997 Idem Schwartzenburg
337 2074 1404 2242 Demnach derselbig kurzuerwihner tan
380 2207 1403 2358 zu erichtorff ob einem diebstal ergrite
335 2292 1390 2461 nd gfencklich allarbracht worde
361 2379 1393 2561 derseb er gestreigen tags den s
386 2462 1408 2679 1636. Eotb er Gnaden beuelich, du
371 2585 1390 2808 meinen Hochah rend heeren Johans di
335 2679 1408 2890 Steng deß raths, imn beuwesen be
356 2778 1407 2985 Jacob Gerbers der Burgeren vnd
340 2899 1397 3109 Großwerbell Erischings, zu Matt
358 2990 1408 3202 Durch dem Schwepffe mit nothwendig
368 3103 1392 3310 marter exuminiert worden wolen.
348 3158 1403 3459 fan den enhuolgende diebstulbeth
306 3380 960 3571 En dangeben hatt.
336 3414 1405 3750 dsich ed keter erter
369 3584 1363 3850 ober thalb münfungen und ihme z
354 3636 1411 3965 geten des
2451 248 2566 344 63.
1451 332 2606 623 by ihme zu krichtorff loffenthalten vnd mit
1429 486 2327 741 e en ethe
1446 607 2639 857 Deme, alser befragt worden, worumb er hanß
1479 721 2605 958 naffli zu Tochdorff by halen tag sen
1479 818 2635 1063 in hußgangen und ein erbg vffbrochen darob
1487 882 2632 1133 eterntscht worden sye, hat er geantworn
1467 1025 2591 1241 Ist, wie das er ohnlangest inn beywesen
1482 1119 2545 1337 zn Mafflins frauwen drey kronen
1444 1211 2565 1465 eringelts verloren, deren er thrunet
1440 1321 2573 1526 das sy Ihme selbiges entendt veeswegen
1485 1419 2596 1617 denteig vffbrochen habe, deß kehoffens
1475 1539 2623 1740 dad er stin gelt daselbst finden werde, und
1493 1666 2584 1851 bergetdarin, funder, hette er solches
1504 1771 2325 1940 anstatdeß zueunemen wolle.
1482 1874 2574 2075 Diefinftzechen kronen aber betreffene, die
1501 2015 2571 2177 rbin kand zu Gertzensee zeigt habe
1495 2126 2554 2284 Ihme ein Scheid, dessen eamen Ihme nichs
1499 2213 2666 2394 beuust im Schuldt vnzezachn vbergeben
1509 2325 2667 2500 vnder Ihme ein andere dargegen yngetrschet
1462 2429 2603 2611 drerzu k�nringen bezihen söllen dan
1493 2540 2612 2693 eriner gwessen eibspersen anna
1468 2621 2645 2776 Kernen von Könrung, albereists ver¬
1476 2718 2625 2903 thinen hiersts die Beversprochen aber
1456 2816 2600 3049 dis kilchenrecht noch nicht volnzogen
1478 2925 2621 3138 habe, von deren Ihme die hingeruschete
1470 3014 2572 3235 schuld, alls er erbgut zugefallen sye.
1443 3162 2630 3340 Vn Eggenwyl habe er einem buren 2
1469 3252 2565 3489 frägen und ein parhosen uß yner
1473 3351 2686 3572 leben genomen, In welchen er ein Gerz¬
1480 3480 2095 3642 e fendet henge.
