<?xml version="1.0" encoding="UTF-8" standalone="yes"?>
<PcGts xmlns="http://schema.primaresearch.org/PAGE/gts/pagecontent/2013-07-15" xmlns:xsi="http://www.w3.org/2001/XMLSchema-instance" xsi:schemaLocation="http://schema.primaresearch.org/PAGE/gts/pagecontent/2013-07-15 http://schema.primaresearch.org/PAGE/gts/pagecontent/2013-07-15/pagecontent.xsd">
    <Metadata>
        <Creator>prov=University of Rostock/Institute of Mathematics/CITlab|PLANET AI GmbH/Gundram Leifert/gundram.leifert@planet-ai.de:name=German_Kurrent_XVI-XVIII_M1(htr_id=19584)::::v=2.6.7
prov=University of Rostock/Institute of Mathematics/CITlab|PLANET AI GmbH/Tobias Gruening/tobias.gruening@planet-ai.de:name=de.uros.citlab.module.baseline2polygon.B2PSeamMultiOriented:v=2.6.7
prov=University of Rostock/Institute of Mathematics/CITlab|PLANET AI GmbH/Gundram Leifert/gundram.leifert@planet-ai.de:name=German_Kurrent_XIX_comb-Huber_M2(htr_id=23847)::::v=2.6.6
prov=University of Rostock/Institute of Mathematics/CITlab|PLANET AI GmbH/Tobias Gruening/tobias.gruening@planet-ai.de:name=de.uros.citlab.module.baseline2polygon.B2PSeamMultiOriented:v=2.6.6
prov=University of Rostock/Institute of Mathematics/CITlab|PLANET AI GmbH/Tobias Gruening/tobias.gruening@planet-ai.de:name=/net_tf/LA73_249_0mod360.pb:de.uros.citlab.segmentation.CITlab_LA_ML:v=2.6.6
Transkribus</Creator>
        <Created>2020-10-05T12:34:27.069+02:00</Created>
        <LastChange>2023-01-24T10:35:54.868+01:00</LastChange>
        <TranskribusMetadata docId="1334819" pageId="52359739" pageNr="11" tsid="114641492" status="IN_PROGRESS" userId="141590" imgUrl="https://files.transkribus.eu/Get?id=LGWXAABEUOSWVDLISTYMQVCP&amp;fileType=view" xmlUrl="https://files.transkribus.eu/Get?id=JBCSIBURNSZJUIDFUCEVIJWQ" imageId="16049352"/>
    </Metadata>
    <Page imageFilename="IMG_3181.jpg" imageWidth="2448" imageHeight="3264">
        <ReadingOrder>
            <OrderedGroup id="ro_1687513773331" caption="Regions reading order">
                <RegionRefIndexed index="0" regionRef="r1"/>
                <RegionRefIndexed index="1" regionRef="region_1674552866629_521"/>
                <RegionRefIndexed index="2" regionRef="r3"/>
            </OrderedGroup>
        </ReadingOrder>
        <TextRegion orientation="0.0" type="paragraph" id="r1" custom="readingOrder {index:0;} structure {type:paragraph;}">
            <Coords points="459,597 459,2052 1211,2052 1211,597"/>
            <TextLine id="r1l1" custom="readingOrder {index:0;} unclear {offset:33; length:5;}">
                <Coords points="467,662 547,631 657,629 688,658 757,629 884,634 944,670 1064,642 1180,679 1181,641 1052,573 925,605 833,559 731,610 551,594 472,555"/>
                <Baseline points="474,621 509,623 544,624 579,624 614,624 649,626 684,626 719,627 754,627 789,629 824,629 859,630 894,632 929,635 964,636 999,640 1034,643 1069,646 1104,651 1139,656 1175,662"/>
                <TextEquiv>
                    <Unicode>ihnn welchem brodt, wachs, kolen unndt</Unicode>
                </TextEquiv>
            </TextLine>
            <TextLine id="r1l2" custom="readingOrder {index:1;} DIWO {offset:5; length:4;} unclear {offset:32; length:4;}">
                <Coords points="499,685 591,681 663,724 750,684 816,722 849,696 984,726 1028,697 1174,735 1177,684 1064,679 1023,643 945,674 885,634 698,663 659,629 605,654 502,620"/>
                <Baseline points="504,680 537,680 570,680 603,680 637,680 670,680 703,681 737,681 770,682 803,683 837,684 870,687 903,689 936,690 970,694 1003,696 1036,700 1070,704 1103,708 1136,713 1170,717"/>
                <TextEquiv>
                    <Unicode>klee gsin, auch guot für houwen unnd</Unicode>
                </TextEquiv>
            </TextLine>
            <TextLine id="r1l3" custom="readingOrder {index:2;}">
                <Coords points="511,736 553,766 655,771 679,769 710,746 820,756 848,742 849,709 836,705 815,721 753,686 666,723 612,700 594,712 566,699 512,714"/>
                <Baseline points="516,728 541,729 566,731 591,732 616,732 641,734 666,734 692,734 717,735 742,735 767,737 792,738 817,739 843,740"/>
                <TextEquiv>
                    <Unicode>stächen synn sölle.</Unicode>
                </TextEquiv>
            </TextLine>
            <TextLine id="r1l4" custom="readingOrder {index:3;} unclear {offset:36; length:7;}">
                <Coords points="478,796 613,838 724,816 752,836 981,832 1017,863 1065,840 1184,868 1187,813 1123,818 1038,766 898,762 844,784 727,747 586,778 520,736 482,741"/>
                <Baseline points="483,801 517,804 552,808 587,812 622,813 657,816 691,818 726,819 761,820 796,822 831,823 865,825 900,827 935,830 970,832 1005,835 1039,839 1074,843 1109,848 1144,854 1179,863"/>
                <TextEquiv>
                    <Unicode>Enntlich die thräüwort betreffendt, welchen</Unicode>
                </TextEquiv>
            </TextLine>
            <TextLine id="r1l5" custom="readingOrder {index:4;} place {offset:22; length:9;}">
                <Coords points="499,866 687,869 780,901 844,869 1022,883 1105,895 1147,935 1183,921 1186,868 1017,863 982,833 888,858 856,832 817,848 740,825 655,851 501,829"/>
                <Baseline points="504,860 537,861 571,863 605,864 639,865 672,866 706,867 740,869 774,870 807,870 841,872 875,873 909,875 942,878 976,880 1010,882 1044,886 1077,891 1111,895 1145,901 1179,906"/>
                <TextEquiv>
                    <Unicode>er allss man ihme von Cappellen nachen</Unicode>
                </TextEquiv>
            </TextLine>
            <TextLine id="r1l6" custom="readingOrder {index:5;} place {offset:0; length:5;} DIWO {offset:6; length:10;} DIWO {offset:17; length:7;} unclear {offset:35; length:7;}">
                <Coords points="489,918 670,947 781,929 833,955 885,924 963,962 1069,938 1174,961 1176,916 1154,903 1128,916 1039,885 855,876 783,901 492,867"/>
                <Baseline points="495,911 528,911 562,912 596,912 630,914 663,914 697,915 731,917 765,918 798,920 832,921 866,923 900,926 933,927 967,930 1001,932 1035,936 1068,939 1102,942 1136,946 1170,950"/>
                <TextEquiv>
                    <Unicode>Bernn gfäncklich gfuehrt hat, unnd erwägen</Unicode>
                </TextEquiv>
            </TextLine>
            <TextLine id="r1l7" custom="readingOrder {index:6;} unclear {offset:36; length:6;}">
                <Coords points="524,995 563,1006 631,971 668,999 767,980 809,997 849,973 897,996 993,985 1035,1015 1108,990 1183,1010 1185,975 1125,945 962,961 883,923 834,956 804,937 527,927"/>
                <Baseline points="531,966 563,966 595,966 628,966 660,966 693,967 725,968 757,969 790,969 822,971 855,972 887,975 919,975 952,978 984,980 1017,983 1049,986 1081,989 1114,992 1146,995 1179,998"/>
                <TextEquiv>
                    <Unicode>ussgossen hatt allss dass ers ihnen dennen</Unicode>
                </TextEquiv>
            </TextLine>
            <TextLine id="r1l8" custom="readingOrder {index:7;} place {offset:4; length:9;}">
                <Coords points="459,1031 598,1031 630,1055 668,1024 732,1025 839,1063 931,1025 1013,1054 1157,1042 1099,994 1033,1016 993,986 908,1000 849,974 712,1006 629,971 558,1011 460,982"/>
                <Baseline points="464,1022 498,1022 532,1022 567,1023 601,1023 636,1023 670,1023 704,1025 739,1025 773,1025 808,1025 842,1026 876,1028 911,1028 945,1029 980,1032 1014,1033 1048,1035 1083,1037 1117,1041 1152,1044"/>
                <TextEquiv>
                    <Unicode>von Cappellen (so er ledig werde)</Unicode>
                </TextEquiv>
            </TextLine>
            <TextLine id="r1l9" custom="readingOrder {index:8;}">
                <Coords points="489,1105 537,1078 572,1098 797,1081 882,1117 1067,1101 1192,1123 1193,1069 1129,1046 1039,1069 875,1042 840,1063 770,1039 701,1053 667,1024 612,1058 491,1031"/>
                <Baseline points="495,1070 529,1071 564,1074 598,1076 633,1077 668,1077 702,1079 737,1079 772,1079 806,1080 841,1080 876,1080 910,1080 945,1081 980,1082 1014,1083 1049,1085 1084,1086 1118,1088 1153,1091 1188,1095"/>
                <TextEquiv>
                    <Unicode>yntrencken welle, hatt zum bscheid geben</Unicode>
                </TextEquiv>
            </TextLine>
            <TextLine id="r1l10" custom="readingOrder {index:9;} unclear {offset:38; length:2;}">
                <Coords points="499,1130 694,1181 805,1141 845,1181 936,1131 1059,1141 1105,1182 1198,1172 1199,1124 1116,1131 1067,1101 965,1124 857,1093 813,1114 587,1117 536,1079 500,1108"/>
                <Baseline points="504,1127 538,1130 573,1133 607,1134 642,1136 676,1136 711,1137 745,1137 780,1137 814,1136 849,1136 883,1136 918,1136 952,1136 987,1137 1021,1139 1056,1140 1090,1142 1125,1145 1159,1149 1194,1154"/>
                <TextEquiv>
                    <Unicode>es möge geschechen synn oder nit, sye ge</Unicode>
                </TextEquiv>
            </TextLine>
            <TextLine id="r1l11" custom="readingOrder {index:10;} DIWO {offset:9; length:4;} DIWO {offset:31; length:6;} unclear {offset:38; length:2;}">
                <Coords points="481,1225 625,1209 695,1240 756,1197 930,1237 1190,1225 1190,1178 1096,1180 1062,1145 980,1180 947,1161 844,1180 811,1151 694,1181 482,1134"/>
                <Baseline points="486,1187 522,1190 559,1193 596,1194 633,1194 669,1194 706,1194 743,1194 780,1194 817,1193 853,1193 890,1191 927,1191 964,1191 1001,1193 1037,1193 1074,1195 1111,1199 1148,1202 1185,1206"/>
                <TextEquiv>
                    <Unicode>truncken gsin unnd wüsse gantz nützit da¬</Unicode>
                </TextEquiv>
            </TextLine>
            <TextLine id="r1l12" custom="readingOrder {index:11;}">
                <Coords points="488,1252 509,1250 512,1253 527,1248 540,1262 559,1256 573,1270 577,1267 588,1269 592,1223 579,1221 569,1226 563,1221 535,1219 517,1228 490,1226"/>
                <Baseline points="494,1245 524,1245 554,1249 584,1251"/>
                <TextEquiv>
                    <Unicode>uonn.</Unicode>
                </TextEquiv>
            </TextLine>
            <TextLine id="r1l13" custom="readingOrder {index:12;} unclear {offset:30; length:13;} place {offset:30; length:13;}">
                <Coords points="483,1357 572,1319 625,1358 753,1322 907,1351 963,1329 1000,1356 1047,1330 1144,1379 1187,1346 1188,1287 1157,1275 926,1300 882,1262 848,1277 786,1255 734,1286 607,1269 545,1296 485,1274"/>
                <Baseline points="489,1320 523,1322 558,1322 592,1323 627,1323 662,1323 696,1322 731,1322 766,1322 800,1322 835,1322 870,1322 904,1322 939,1322 974,1323 1008,1325 1043,1326 1078,1329 1112,1332 1147,1335 1182,1340"/>
                <TextEquiv>
                    <Unicode>Sonst gipt er für, dass er im Sollothurnner</Unicode>
                </TextEquiv>
            </TextLine>
            <TextLine id="r1l14" custom="readingOrder {index:13;} DIWO {offset:9; length:6;} place {offset:9; length:6;} unclear {offset:38; length:2;}">
                <Coords points="472,1405 564,1391 642,1422 671,1396 772,1414 814,1387 862,1415 890,1388 945,1407 983,1380 1121,1433 1193,1405 1194,1347 1145,1378 1025,1337 951,1368 878,1342 838,1365 770,1325 731,1357 675,1332 629,1358 566,1335 472,1357"/>
                <Baseline points="477,1380 512,1381 548,1382 583,1382 619,1382 654,1382 690,1382 725,1382 761,1382 796,1382 832,1382 868,1382 903,1382 939,1382 974,1383 1010,1383 1045,1385 1081,1388 1116,1389 1152,1392 1188,1397"/>
                <TextEquiv>
                    <Unicode>piet zuo Zuchel synn ehewyb unnd zwey kl</Unicode>
                </TextEquiv>
            </TextLine>
            <TextLine id="r1l15" custom="readingOrder {index:14;} unclear {offset:28; length:15;}">
                <Coords points="454,1444 589,1442 632,1470 697,1437 1193,1451 1193,1416 1091,1429 1014,1390 954,1423 897,1392 828,1422 719,1392 660,1422 576,1398 525,1426 500,1402 454,1416"/>
                <Baseline points="459,1436 495,1437 531,1439 568,1439 604,1439 641,1439 677,1439 714,1439 750,1437 787,1437 823,1437 859,1436 896,1436 932,1436 969,1436 1005,1437 1042,1439 1078,1440 1115,1443 1151,1446 1188,1449"/>
                <TextEquiv>
                    <Unicode>unnerzogne kinder habe, mit unndertänigster</Unicode>
                </TextEquiv>
            </TextLine>
            <TextLine id="r1l16" custom="readingOrder {index:15;} unclear {offset:31; length:12;}">
                <Coords points="484,1497 603,1525 668,1498 725,1521 760,1502 850,1530 975,1494 1085,1533 1193,1501 1179,1472 1140,1483 1004,1439 943,1477 851,1439 683,1474 599,1452 484,1470"/>
                <Baseline points="489,1493 525,1493 562,1493 599,1493 636,1493 672,1493 709,1493 746,1493 783,1493 820,1493 856,1493 893,1493 930,1493 967,1493 1004,1493 1040,1494 1077,1494 1114,1494 1151,1496 1188,1496"/>
                <TextEquiv>
                    <Unicode>pitt dass mynn gd. herren dero verschonnenn</Unicode>
                </TextEquiv>
            </TextLine>
            <TextLine id="r1l17" custom="readingOrder {index:16;}">
                <Coords points="490,1581 672,1550 731,1581 835,1558 976,1557 1049,1583 1083,1561 1196,1561 1196,1509 1061,1539 957,1505 881,1538 821,1512 699,1537 625,1507 551,1538 490,1508"/>
                <Baseline points="495,1550 529,1550 564,1550 599,1550 634,1551 669,1551 703,1551 738,1551 773,1551 808,1551 843,1551 877,1553 912,1553 947,1553 982,1553 1017,1554 1051,1554 1086,1554 1121,1554 1156,1556 1191,1556"/>
                <TextEquiv>
                    <Unicode>inne nit nach verdiennen straffen unndt</Unicode>
                </TextEquiv>
            </TextLine>
            <TextLine id="r1l18" custom="readingOrder {index:17;}">
                <Coords points="480,1609 559,1639 616,1621 702,1640 800,1602 1034,1618 1064,1640 1112,1608 1172,1636 1195,1634 1196,1568 1085,1563 949,1596 878,1561 805,1588 672,1550 480,1580"/>
                <Baseline points="485,1605 520,1605 555,1605 590,1604 626,1604 661,1605 696,1605 732,1605 767,1605 802,1606 838,1607 873,1607 908,1608 943,1608 979,1610 1014,1610 1049,1611 1085,1611 1120,1613 1155,1614 1191,1614"/>
                <TextEquiv>
                    <Unicode>verspricht, so er widerumb uff freyen</Unicode>
                </TextEquiv>
            </TextLine>
            <TextLine id="r1l19" custom="readingOrder {index:18;}">
                <Coords points="474,1667 543,1666 570,1693 616,1660 664,1687 762,1662 791,1687 863,1652 1165,1674 1202,1666 1203,1625 1163,1642 1108,1608 1051,1642 839,1611 566,1641 475,1607"/>
                <Baseline points="479,1653 514,1653 550,1653 586,1653 622,1653 658,1655 694,1655 730,1655 766,1656 802,1656 838,1658 873,1658 909,1658 945,1659 981,1659 1017,1659 1053,1661 1089,1661 1125,1661 1161,1660 1197,1659"/>
                <TextEquiv>
                    <Unicode>fuoss gelangen möchte, er sich aller der laster</Unicode>
                </TextEquiv>
            </TextLine>
            <TextLine id="r1l20" custom="readingOrder {index:19;}">
                <Coords points="489,1735 557,1748 619,1707 658,1729 857,1708 927,1750 991,1713 1132,1714 1202,1743 1201,1666 858,1663 787,1686 725,1665 664,1687 634,1662 595,1694 543,1666 488,1695"/>
                <Baseline points="494,1712 529,1711 564,1710 599,1710 634,1709 669,1709 704,1709 740,1709 775,1709 810,1709 845,1709 880,1709 915,1709 950,1709 986,1709 1021,1709 1056,1709 1091,1709 1126,1709 1161,1707 1197,1707"/>
                <TextEquiv>
                    <Unicode>abthuon sich erlich unnd frombklich zuo</Unicode>
                </TextEquiv>
            </TextLine>
            <TextLine id="r1l21" custom="readingOrder {index:20;}">
                <Coords points="481,1771 689,1776 715,1801 771,1764 889,1766 947,1801 1202,1769 1202,1743 1136,1719 1091,1743 1013,1720 927,1750 834,1717 481,1739"/>
                <Baseline points="486,1764 521,1764 557,1764 592,1763 628,1763 663,1763 699,1763 734,1763 770,1763 805,1761 841,1761 877,1761 912,1761 948,1761 983,1761 1019,1760 1054,1760 1090,1760 1125,1760 1161,1759 1197,1758"/>
                <TextEquiv>
                    <Unicode>mencklichs guotem benuegen verhaltenn</Unicode>
                </TextEquiv>
            </TextLine>
            <TextLine id="r1l22" custom="readingOrder {index:21;}">
                <Coords points="466,1814 503,1811 515,1819 522,1814 571,1827 582,1822 597,1825 611,1817 641,1821 641,1778 620,1784 603,1773 586,1781 517,1785 499,1780 484,1788 466,1787"/>
                <Baseline points="471,1811 498,1811 526,1811 553,1809 581,1809 608,1809 636,1811"/>
                <TextEquiv>
                    <Unicode>welle.</Unicode>
                </TextEquiv>
            </TextLine>
            <TextLine id="r1l23" custom="readingOrder {index:22;} DIWO {offset:22; length:6;} unclear {offset:33; length:3;}">
                <Coords points="465,1870 1210,1865 1209,1820 1162,1807 791,1800 740,1831 612,1846 464,1814"/>
                <Baseline points="470,1859 506,1859 543,1859 580,1859 617,1859 653,1859 690,1859 727,1857 764,1857 800,1857 837,1857 874,1856 911,1856 947,1856 984,1856 1021,1856 1058,1854 1094,1854 1131,1854 1168,1854 1205,1854"/>
                <TextEquiv>
                    <Unicode>Ist ein mal lär, auch einest mit dem</Unicode>
                </TextEquiv>
            </TextLine>
            <TextLine id="r1l24" custom="readingOrder {index:23;} DIWO {offset:10; length:6;} unclear {offset:28; length:9;}">
                <Coords points="477,1941 617,1918 770,1958 816,1916 1216,1910 1215,1891 1157,1894 1108,1863 1009,1889 898,1866 606,1900 521,1873 477,1911"/>
                <Baseline points="482,1926 518,1925 554,1923 591,1921 627,1919 664,1919 700,1917 737,1916 773,1916 810,1914 846,1914 882,1914 919,1913 955,1913 992,1913 1028,1911 1065,1911 1101,1911 1138,1910 1174,1910 1211,1908"/>
                <TextEquiv>
                    <Unicode>kleineren einist mit den 2. kleineren</Unicode>
                </TextEquiv>
            </TextLine>
            <TextLine id="r1l25" custom="readingOrder {index:24;} unclear {offset:28; length:8;}">
                <Coords points="478,1981 634,1997 972,1969 1021,1996 1061,1969 1211,1971 1210,1942 1136,1921 1076,1953 955,1927 762,1966 684,1928 477,1942"/>
                <Baseline points="483,1977 519,1977 555,1977 591,1979 627,1979 663,1977 699,1977 735,1977 771,1977 807,1976 844,1975 880,1974 916,1973 952,1972 988,1970 1024,1969 1060,1968 1096,1967 1132,1965 1168,1964 1205,1962"/>
                <TextEquiv>
                    <Unicode>unnd dritens mit den dreyen minderen</Unicode>
                </TextEquiv>
            </TextLine>
            <TextLine id="r1l26" custom="readingOrder {index:25;}">
                <Coords points="490,2059 580,2039 686,2067 801,2035 911,2051 991,2040 990,1999 868,1975 776,2011 728,2007 700,1984 591,2010 487,1987"/>
                <Baseline points="494,2037 519,2039 545,2039 571,2040 597,2040 623,2039 649,2039 675,2037 701,2036 727,2034 752,2032 778,2031 804,2029 830,2028 856,2027 882,2027 908,2027 934,2027 960,2027 986,2030"/>
                <TextEquiv>
                    <Unicode>steinen uffzogen worden.</Unicode>
                </TextEquiv>
            </TextLine>
            <TextEquiv>
                <Unicode>ihnn welchem brodt, wachs, kolen unndt
klee gsin, auch guot für houwen unnd
stächen synn sölle.
Enntlich die thräüwort betreffendt, welchen
er allss man ihme von Cappellen nachen
Bernn gfäncklich gfuehrt hat, unnd erwägen
ussgossen hatt allss dass ers ihnen dennen
von Cappellen (so er ledig werde)
yntrencken welle, hatt zum bscheid geben
es möge geschechen synn oder nit, sye ge
truncken gsin unnd wüsse gantz nützit da¬
uonn.
Sonst gipt er für, dass er im Sollothurnner
piet zuo Zuchel synn ehewyb unnd zwey kl
unnerzogne kinder habe, mit unndertänigster
pitt dass mynn gd. herren dero verschonnenn
inne nit nach verdiennen straffen unndt
verspricht, so er widerumb uff freyen
fuoss gelangen möchte, er sich aller der laster
abthuon sich erlich unnd frombklich zuo
mencklichs guotem benuegen verhaltenn
welle.
Ist ein mal lär, auch einest mit dem
kleineren einist mit den 2. kleineren
unnd dritens mit den dreyen minderen
steinen uffzogen worden.</Unicode>
            </TextEquiv>
        </TextRegion>
        <TextRegion type="heading" id="region_1674552866629_521" custom="readingOrder {index:1;} structure {type:heading;}">
            <Coords points="1965,797 1304,797 1304,521 1965,521"/>
            <TextLine id="r3l1" custom="readingOrder {index:0;} person {offset:0; length:20;}">
                <Coords points="1419,708 1572,665 1687,670 1751,631 1839,665 1877,620 1955,618 1932,557 1839,584 1786,567 1711,576 1655,613 1588,594 1499,645 1408,634"/>
                <Baseline points="1421,690 1447,686 1473,681 1500,676 1526,672 1553,667 1579,663 1605,658 1632,654 1658,651 1685,647 1711,644 1737,639 1764,635 1790,632 1817,628 1843,625 1869,620 1896,616 1922,612 1949,608"/>
                <TextEquiv>
                    <Unicode>Hanns Joggli Gasserr</Unicode>
                </TextEquiv>
            </TextLine>
            <TextLine id="r3l2" custom="readingOrder {index:1;} place {offset:4; length:11;}">
                <Coords points="1430,752 1729,710 1754,729 1782,709 1808,724 1824,702 1923,679 1919,649 1871,633 1839,665 1757,646 1722,676 1691,671 1631,703 1539,679 1495,718 1425,714"/>
                <Baseline points="1434,744 1459,742 1484,738 1510,736 1535,732 1561,729 1586,725 1611,722 1637,718 1662,715 1688,710 1713,707 1739,702 1764,698 1789,695 1815,691 1840,687 1866,684 1891,679 1917,675"/>
                <TextEquiv>
                    <Unicode>Von Kammersroth uss dem</Unicode>
                </TextEquiv>
            </TextLine>
            <TextLine id="r3l3" custom="readingOrder {index:2;} place {offset:0; length:12;}">
                <Coords points="1479,814 1555,791 1596,807 1615,785 1669,785 1698,765 1728,781 1841,745 1825,702 1805,728 1782,734 1722,712 1673,755 1600,728 1564,754 1505,739 1488,761 1471,760"/>
                <Baseline points="1481,794 1506,791 1531,789 1556,785 1582,782 1607,779 1632,776 1658,772 1683,769 1708,765 1733,760 1759,755 1784,752 1809,746 1835,741"/>
                <TextEquiv>
                    <Unicode>Sollothurner gebiet.</Unicode>
                </TextEquiv>
            </TextLine>
            <TextEquiv>
                <Unicode>Hanns Joggli Gasserr&#13;
Von Kammersroth uss dem&#13;
Sollothurner gebiet.</Unicode>
            </TextEquiv>
        </TextRegion>
        <TextRegion orientation="0.0" type="paragraph" id="r3" custom="readingOrder {index:2;} structure {type:paragraph;}">
            <Coords points="1229,818 1229,2627 2118,2627 2118,818"/>
            <TextLine id="r3l4" custom="readingOrder {index:0;}">
                <Coords points="1334,967 1393,935 1442,951 1518,920 1545,940 1626,931 1709,880 2021,847 2015,802 1935,796 1913,820 1847,805 1729,859 1648,840 1444,859 1368,910 1323,882"/>
                <Baseline points="1334,927 1368,923 1402,918 1436,915 1470,910 1504,906 1538,902 1572,898 1606,893 1640,889 1674,884 1708,880 1742,874 1776,870 1810,866 1844,861 1878,857 1912,853 1946,849 1980,845 2015,840"/>
                <TextEquiv>
                    <Unicode>Derselbige ist glychermassen von vor</Unicode>
                </TextEquiv>
            </TextLine>
            <TextLine id="r3l5" custom="readingOrder {index:1;}">
                <Coords points="1317,988 1370,996 1586,951 1632,974 1739,926 1789,950 1807,929 1960,906 1957,881 1844,858 1821,881 1766,875 1721,914 1545,940 1518,920 1420,960 1380,947 1315,966"/>
                <Baseline points="1322,986 1353,981 1385,977 1416,972 1448,968 1480,964 1511,959 1543,956 1575,951 1606,948 1638,943 1670,939 1701,935 1733,931 1765,927 1796,923 1828,920 1860,915 1891,911 1923,906 1955,902"/>
                <TextEquiv>
                    <Unicode>wolermelter mynner hocherendenn</Unicode>
                </TextEquiv>
            </TextLine>
            <TextLine id="r3l6" custom="readingOrder {index:2;}">
                <Coords points="1306,1064 1344,1033 1440,1053 1539,1006 1691,1027 1819,973 1932,1002 2030,959 2026,926 1933,906 1656,982 1598,960 1529,993 1492,974 1299,998"/>
                <Baseline points="1308,1034 1343,1029 1379,1025 1415,1022 1451,1016 1487,1013 1522,1008 1558,1005 1594,1002 1630,997 1666,993 1701,989 1737,985 1773,980 1809,977 1845,972 1880,968 1916,963 1952,959 1988,954 2024,948"/>
                <TextEquiv>
                    <Unicode>herren uss beuelch ir. gnaden uff glychem</Unicode>
                </TextEquiv>
            </TextLine>
            <TextLine id="r3l7" custom="readingOrder {index:3;}">
                <Coords points="1323,1100 1358,1112 1406,1077 1729,1035 1834,1055 1894,1011 2015,1000 2000,973 1897,1003 1747,986 1687,1027 1534,1011 1440,1053 1317,1052"/>
                <Baseline points="1326,1085 1360,1080 1394,1074 1428,1071 1462,1067 1496,1063 1530,1059 1565,1056 1599,1051 1633,1049 1667,1045 1701,1041 1735,1037 1769,1034 1804,1028 1838,1023 1872,1019 1906,1014 1940,1008 1974,1002 2009,995"/>
                <TextEquiv>
                    <Unicode>tag examiniert worden. welcher dann</Unicode>
                </TextEquiv>
            </TextLine>
            <TextLine id="r3l8" custom="readingOrder {index:4;}">
                <Coords points="1308,1151 1367,1155 1393,1130 1434,1154 1477,1117 1637,1117 1714,1083 1755,1098 1908,1072 1951,1093 2033,1057 2028,1015 1938,1031 1905,1009 1834,1055 1778,1037 1443,1073 1392,1113 1305,1123"/>
                <Baseline points="1311,1134 1346,1131 1382,1126 1418,1121 1454,1117 1490,1112 1525,1108 1561,1104 1597,1100 1633,1096 1669,1091 1704,1088 1740,1083 1776,1079 1812,1075 1848,1071 1883,1066 1919,1062 1955,1058 1991,1054 2027,1049"/>
                <TextEquiv>
                    <Unicode>nachuolgende diebstäl mit unndt ohnne</Unicode>
                </TextEquiv>
            </TextLine>
            <TextLine id="r3l9" custom="readingOrder {index:5;}">
                <Coords points="1298,1187 1460,1167 1515,1193 1567,1152 1851,1148 1935,1118 1967,1138 2051,1124 2046,1070 1895,1105 1732,1089 1659,1115 1477,1117 1436,1155 1388,1132 1358,1157 1294,1148"/>
                <Baseline points="1302,1179 1339,1176 1376,1171 1413,1168 1450,1163 1487,1159 1524,1155 1562,1151 1599,1147 1636,1144 1673,1140 1710,1137 1747,1132 1784,1130 1822,1126 1859,1123 1896,1119 1933,1117 1970,1114 2007,1112 2045,1109"/>
                <TextEquiv>
                    <Unicode>marter bekhennt unnd veriechen hatt.</Unicode>
                </TextEquiv>
            </TextLine>
            <TextLine id="r3l10" custom="readingOrder {index:6;}">
                <Coords points="1272,1304 1443,1302 1557,1254 1642,1289 1735,1246 1771,1270 1805,1244 1905,1265 1987,1217 1985,1197 1754,1182 1415,1243 1304,1194 1264,1210"/>
                <Baseline points="1275,1278 1310,1275 1345,1273 1381,1271 1416,1268 1451,1266 1487,1263 1522,1260 1557,1258 1593,1254 1628,1252 1663,1249 1699,1246 1734,1242 1769,1239 1805,1235 1840,1232 1875,1229 1911,1225 1946,1221 1982,1217"/>
                <TextEquiv>
                    <Unicode>Erstlich habe er mit hilff mehranzognen</Unicode>
                </TextEquiv>
            </TextLine>
            <TextLine id="r3l11" custom="readingOrder {index:7;}">
                <Coords points="1334,1346 1612,1307 1664,1340 1706,1306 1757,1321 1873,1286 1973,1313 2036,1278 2032,1226 1966,1222 1932,1261 1876,1269 1827,1249 1794,1273 1675,1263 1648,1290 1511,1272 1331,1319"/>
                <Baseline points="1337,1328 1371,1323 1406,1320 1440,1317 1475,1313 1510,1311 1544,1308 1579,1305 1614,1304 1648,1301 1683,1299 1718,1296 1752,1293 1787,1292 1822,1289 1856,1286 1891,1282 1926,1280 1960,1276 1995,1271 2030,1266"/>
                <TextEquiv>
                    <Unicode>cappeller buoben unnd zweyer annderen synner</Unicode>
                </TextEquiv>
            </TextLine>
            <TextLine id="r3l12" custom="readingOrder {index:8;}">
                <Coords points="1329,1413 1434,1374 1797,1342 1869,1375 1896,1357 1954,1374 2015,1334 1999,1294 1912,1323 1845,1306 1740,1332 1704,1305 1673,1339 1578,1314 1527,1345 1485,1317 1419,1354 1397,1336 1325,1352"/>
                <Baseline points="1331,1376 1366,1374 1402,1371 1438,1369 1473,1367 1509,1364 1545,1362 1581,1359 1616,1357 1652,1355 1688,1353 1724,1350 1759,1347 1795,1346 1831,1342 1867,1341 1902,1337 1938,1335 1974,1333 2010,1331"/>
                <TextEquiv>
                    <Unicode>gespannen deren der einte ein langer gsell</Unicode>
                </TextEquiv>
            </TextLine>
            <TextLine id="r3l13" custom="readingOrder {index:9;}">
                <Coords points="1333,1438 1779,1401 1890,1421 1935,1391 2035,1389 2033,1348 1870,1376 1785,1347 1658,1392 1584,1368 1493,1391 1466,1370 1331,1413"/>
                <Baseline points="1337,1424 1371,1422 1406,1420 1440,1418 1475,1416 1510,1413 1544,1412 1579,1410 1614,1409 1648,1406 1683,1404 1718,1403 1752,1401 1787,1398 1822,1397 1856,1394 1891,1392 1926,1389 1960,1387 1995,1385 2030,1382"/>
                <TextEquiv>
                    <Unicode>ohnne bart, der ander aber kurtz inn einer</Unicode>
                </TextEquiv>
            </TextLine>
            <TextLine id="r3l14" custom="readingOrder {index:10;}">
                <Coords points="1301,1501 1571,1460 1620,1479 1784,1456 1861,1489 1965,1443 2040,1471 2055,1418 1950,1394 1847,1427 1762,1406 1709,1439 1646,1413 1298,1447"/>
                <Baseline points="1305,1478 1342,1475 1379,1472 1416,1469 1454,1467 1491,1465 1528,1463 1566,1461 1603,1460 1640,1457 1678,1455 1715,1455 1752,1453 1789,1452 1827,1450 1864,1448 1901,1447 1939,1445 1976,1443 2013,1442 2051,1440"/>
                <TextEquiv>
                    <Unicode>schwartzen kleidung, vor etwass zyths drey</Unicode>
                </TextEquiv>
            </TextLine>
            <TextLine id="r3l15" custom="readingOrder {index:11;}">
                <Coords points="1309,1534 1538,1519 1572,1539 1654,1512 1767,1541 1820,1511 1960,1509 1960,1483 1811,1489 1758,1462 1725,1481 1663,1461 1608,1489 1570,1463 1308,1501"/>
                <Baseline points="1314,1524 1346,1523 1378,1521 1410,1519 1442,1518 1474,1517 1506,1515 1538,1515 1570,1514 1602,1514 1634,1512 1666,1512 1698,1511 1730,1509 1762,1509 1794,1508 1826,1506 1858,1505 1890,1503 1922,1501 1955,1497"/>
                <TextEquiv>
                    <Unicode>rindtshütt unnd fünff kalbfähl genomen,</Unicode>
                </TextEquiv>
            </TextLine>
            <TextLine id="r3l16" custom="readingOrder {index:12;} place {offset:14; length:4;}">
                <Coords points="1317,1590 1493,1603 1550,1558 1879,1591 1962,1544 2042,1570 2040,1503 1989,1492 1905,1522 1833,1505 1766,1541 1657,1516 1600,1540 1316,1533"/>
                <Baseline points="1322,1563 1357,1563 1393,1563 1429,1563 1464,1563 1500,1563 1536,1562 1571,1562 1607,1560 1643,1559 1679,1559 1714,1557 1750,1556 1786,1554 1821,1553 1857,1551 1893,1550 1928,1547 1964,1545 2000,1542 2036,1541"/>
                <TextEquiv>
                    <Unicode>welche sy zuo Worb verkaufft habindt.</Unicode>
                </TextEquiv>
            </TextLine>
            <TextLine id="r3l17" custom="readingOrder {index:13;}">
                <Coords points="1351,1656 1400,1648 1440,1672 1527,1644 1653,1677 1728,1645 2026,1644 2026,1610 1945,1615 1865,1584 1797,1619 1683,1592 1350,1626"/>
                <Baseline points="1355,1646 1388,1644 1421,1643 1454,1641 1488,1641 1521,1640 1554,1640 1588,1640 1621,1640 1654,1640 1688,1640 1721,1638 1754,1638 1787,1638 1821,1638 1854,1637 1887,1636 1921,1635 1954,1634 1987,1631 2021,1629"/>
                <TextEquiv>
                    <Unicode>Denne habe er mit zuothuon ermelts buoben</Unicode>
                </TextEquiv>
            </TextLine>
            <TextLine id="r3l18" custom="readingOrder {index:14;} person {offset:26; length:16;}">
                <Coords points="1276,1701 1410,1696 1486,1734 1556,1702 1627,1726 1783,1692 1838,1724 1921,1688 1984,1721 2035,1689 2035,1661 1977,1672 1937,1639 1882,1640 1747,1670 1716,1649 1639,1681 1551,1649 1440,1671 1400,1649 1276,1681"/>
                <Baseline points="1281,1698 1318,1698 1355,1697 1393,1695 1430,1695 1468,1695 1505,1694 1543,1694 1580,1692 1618,1692 1655,1692 1692,1691 1730,1691 1767,1691 1805,1689 1842,1689 1880,1688 1917,1688 1955,1686 1992,1686 2030,1685"/>
                <TextEquiv>
                    <Unicode>unnd dess hieuor gemelten Nigli Höübergers</Unicode>
                </TextEquiv>
            </TextLine>
            <TextLine id="r3l19" custom="readingOrder {index:15;}">
                <Coords points="1324,1758 1384,1774 1465,1749 1505,1774 1533,1757 1589,1775 1662,1744 1717,1772 1835,1742 1938,1749 1976,1775 2018,1752 2017,1720 1969,1729 1915,1695 1835,1730 1789,1695 1645,1729 1323,1710"/>
                <Baseline points="1329,1754 1363,1751 1397,1749 1431,1746 1465,1746 1499,1745 1533,1745 1568,1743 1602,1743 1636,1743 1670,1743 1704,1744 1738,1745 1772,1745 1807,1745 1841,1745 1875,1745 1909,1743 1943,1743 1977,1742 2012,1740"/>
                <TextEquiv>
                    <Unicode>etliche klungle garnn geholffen enntragen,</Unicode>
                </TextEquiv>
            </TextLine>
            <TextLine id="r3l20" custom="readingOrder {index:16;}">
                <Coords points="1321,1816 1478,1803 1514,1833 1555,1804 1803,1792 2050,1820 2050,1771 2012,1752 1923,1782 1822,1750 1731,1779 1654,1746 1512,1784 1478,1758 1445,1779 1413,1755 1383,1774 1321,1758"/>
                <Baseline points="1326,1800 1363,1800 1401,1799 1439,1797 1477,1797 1515,1796 1553,1796 1590,1796 1628,1796 1666,1796 1704,1796 1742,1796 1780,1796 1817,1796 1855,1796 1893,1796 1931,1796 1969,1796 2007,1796 2045,1796"/>
                <TextEquiv>
                    <Unicode>uss welchen sy 30 batzen erlöst, vonn welchem</Unicode>
                </TextEquiv>
            </TextLine>
            <TextLine id="r3l21" custom="readingOrder {index:17;}">
                <Coords points="1322,1871 1394,1848 1452,1881 1497,1858 1644,1885 1688,1858 1800,1880 1947,1855 1985,1886 2066,1854 2067,1827 1961,1830 1804,1791 1733,1824 1670,1807 1629,1828 1592,1805 1509,1832 1474,1805 1323,1826"/>
                <Baseline points="1328,1845 1364,1845 1401,1845 1437,1845 1474,1847 1511,1847 1547,1847 1584,1847 1621,1847 1657,1847 1694,1847 1731,1847 1767,1847 1804,1847 1841,1847 1877,1848 1914,1848 1951,1848 1987,1850 2024,1851 2061,1853"/>
                <TextEquiv>
                    <Unicode>gelt er jedem synner gsellen fünff batzen geben</Unicode>
                </TextEquiv>
            </TextLine>
            <TextLine id="r3l22" custom="readingOrder {index:18;}">
                <Coords points="1315,1895 1322,1896 1334,1906 1355,1904 1379,1896 1391,1897 1393,1867 1383,1865 1374,1867 1367,1862 1357,1863 1352,1867 1347,1864 1335,1874 1330,1873 1325,1867 1316,1869"/>
                <Baseline points="1320,1889 1353,1892 1386,1892"/>
                <TextEquiv>
                    <Unicode>hab.</Unicode>
                </TextEquiv>
            </TextLine>
            <TextLine id="r3l23" custom="readingOrder {index:19;}">
                <Coords points="1293,2003 1419,1970 1456,1992 1736,1973 2017,1993 2040,2017 2083,2000 2085,1924 1963,1966 1901,1942 1740,1949 1671,1911 1295,1914"/>
                <Baseline points="1298,1967 1337,1967 1376,1967 1415,1967 1454,1968 1493,1968 1532,1970 1571,1970 1610,1972 1649,1973 1688,1974 1727,1976 1766,1977 1805,1978 1844,1979 1883,1980 1922,1980 1961,1981 2000,1982 2039,1982 2078,1980"/>
                <TextEquiv>
                    <Unicode>Hatt wyters nit bekennen wellen unngeacht</Unicode>
                </TextEquiv>
            </TextLine>
            <TextLine id="r3l24" custom="readingOrder {index:20;}">
                <Coords points="1332,2022 1445,2012 1514,2051 1553,2025 1628,2048 1841,2028 2061,2043 2086,2068 2122,2061 2125,1988 2062,2023 1901,1979 1762,2011 1691,1978 1333,2002"/>
                <Baseline points="1338,2013 1377,2015 1416,2015 1455,2016 1494,2018 1533,2019 1572,2020 1611,2022 1650,2022 1689,2024 1728,2026 1767,2028 1806,2030 1845,2031 1884,2033 1923,2034 1962,2036 2001,2037 2040,2040 2079,2040 2118,2043"/>
                <TextEquiv>
                    <Unicode>er einest lähr, dass andermahl mit dem kleinsten</Unicode>
                </TextEquiv>
            </TextLine>
            <TextLine id="r3l25" custom="readingOrder {index:21;}">
                <Coords points="1321,2080 1476,2073 1512,2109 1560,2072 1627,2070 2086,2099 2088,2041 1908,2064 1766,2030 1707,2067 1660,2034 1516,2051 1447,2020 1322,2028"/>
                <Baseline points="1326,2070 1363,2070 1401,2070 1439,2070 1477,2070 1515,2070 1552,2072 1590,2072 1628,2073 1666,2075 1704,2076 1741,2078 1779,2079 1817,2081 1855,2082 1893,2084 1930,2084 1968,2087 2006,2087 2044,2088 2082,2090"/>
                <TextEquiv>
                    <Unicode>dass dritmahl mit den 2 kleineren unndt</Unicode>
                </TextEquiv>
            </TextLine>
            <TextLine id="r3l26" custom="readingOrder {index:22;}">
                <Coords points="1323,2128 1644,2128 1795,2161 1953,2142 2023,2177 2107,2146 2033,2088 1974,2121 1729,2078 1581,2081 1512,2109 1474,2075 1324,2085"/>
                <Baseline points="1328,2115 1366,2117 1405,2119 1444,2121 1482,2123 1521,2124 1560,2126 1598,2127 1637,2129 1676,2130 1715,2130 1753,2132 1792,2133 1831,2135 1869,2135 1908,2136 1947,2138 1985,2138 2024,2141 2063,2141 2102,2142"/>
                <TextEquiv>
                    <Unicode>das viertmal mit den dreyen minderen steinen</Unicode>
                </TextEquiv>
            </TextLine>
            <TextLine id="r3l27" custom="readingOrder {index:23;}">
                <Coords points="1308,2172 1374,2190 1392,2207 1408,2195 1437,2201 1489,2173 1518,2193 1548,2178 1629,2182 1666,2197 1668,2154 1605,2138 1532,2134 1503,2145 1443,2130 1411,2138 1387,2122 1360,2133 1309,2126"/>
                <Baseline points="1313,2169 1339,2170 1366,2171 1393,2171 1420,2172 1447,2172 1474,2172 1500,2174 1527,2174 1554,2175 1581,2177 1608,2178 1635,2180 1662,2183"/>
                <TextEquiv>
                    <Unicode>uffzogen wordenn.</Unicode>
                </TextEquiv>
            </TextLine>
            <TextLine id="r3l28" custom="readingOrder {index:24;} date {offset:31; length:11; continued:true;}">
                <Coords points="1310,2292 1539,2276 1583,2310 1898,2306 2018,2353 2060,2322 2094,2335 2090,2270 1486,2219 1435,2241 1322,2174"/>
                <Baseline points="1319,2253 1357,2257 1396,2259 1434,2262 1473,2266 1511,2271 1550,2274 1588,2278 1627,2282 1665,2287 1704,2291 1743,2294 1781,2299 1820,2303 1858,2307 1897,2311 1935,2314 1974,2318 2012,2322 2051,2325 2090,2328"/>
                <TextEquiv>
                    <Unicode>Es habendt mynn gd. herren den 13. augusti</Unicode>
                </TextEquiv>
            </TextLine>
            <TextLine id="r3l29" custom="readingOrder {index:25;} date {offset:0; length:5; continued:true;}">
                <Coords points="1350,2324 1417,2324 1472,2361 1555,2328 1772,2374 1861,2359 1934,2401 1996,2375 2098,2392 2105,2326 2061,2321 2015,2355 1890,2310 1724,2325 1611,2296 1578,2311 1535,2278 1414,2303 1353,2288"/>
                <Baseline points="1355,2316 1393,2318 1432,2321 1471,2325 1510,2328 1549,2331 1588,2335 1627,2339 1666,2342 1705,2346 1743,2350 1782,2353 1821,2357 1860,2362 1899,2365 1938,2369 1977,2373 2016,2376 2055,2380 2094,2384"/>
                <TextEquiv>
                    <Unicode>1635. gerathen unnd erkhennt, dass vor¬</Unicode>
                </TextEquiv>
            </TextLine>
            <TextLine id="r3l30" custom="readingOrder {index:26;}">
                <Coords points="1341,2398 1480,2370 1779,2408 1864,2454 2037,2424 2098,2443 2102,2396 2012,2374 1920,2403 1811,2369 1761,2388 1658,2368 1557,2328 1472,2360 1436,2334 1347,2344"/>
                <Baseline points="1350,2363 1387,2364 1424,2367 1461,2371 1498,2374 1536,2378 1573,2382 1610,2386 1647,2390 1684,2394 1722,2399 1759,2403 1796,2407 1833,2411 1870,2415 1908,2419 1945,2422 1982,2425 2019,2426 2056,2428 2094,2429"/>
                <TextEquiv>
                    <Unicode>gemelte beidt mit ruotten ussgeschmeytzt mit</Unicode>
                </TextEquiv>
            </TextLine>
            <TextLine id="r3l31" custom="readingOrder {index:27;}">
                <Coords points="1339,2422 1631,2436 1936,2510 1987,2481 2069,2484 2073,2451 1989,2429 1908,2458 1822,2452 1745,2404 1614,2395 1586,2414 1441,2378 1342,2397"/>
                <Baseline points="1346,2412 1381,2414 1417,2416 1453,2418 1489,2421 1525,2425 1561,2430 1597,2434 1633,2439 1669,2445 1705,2450 1740,2455 1776,2460 1812,2464 1848,2469 1884,2473 1920,2477 1956,2480 1992,2481 2028,2482 2064,2483"/>
                <TextEquiv>
                    <Unicode>dem b bezeichnet unnd von ir. gen. landen</Unicode>
                </TextEquiv>
            </TextLine>
            <TextLine id="r3l32" custom="readingOrder {index:28;}">
                <Coords points="1311,2457 1435,2503 1651,2498 1690,2540 2082,2542 2088,2495 2034,2517 1975,2485 1938,2511 1386,2415 1315,2424"/>
                <Baseline points="1316,2457 1354,2459 1392,2462 1430,2465 1468,2470 1506,2474 1544,2479 1583,2485 1621,2490 1659,2495 1697,2501 1735,2506 1773,2511 1811,2516 1850,2521 1888,2524 1926,2527 1964,2531 2002,2532 2040,2532 2079,2532"/>
                <TextEquiv>
                    <Unicode>unnd gepieten verwissen werden söllint</Unicode>
                </TextEquiv>
            </TextLine>
            <TextLine id="r3l33" custom="readingOrder {index:29;}">
                <Coords points="1304,2540 1440,2587 1483,2567 1573,2599 1644,2568 1690,2610 1762,2582 2082,2646 2097,2579 2033,2589 1959,2527 1866,2563 1647,2513 1499,2527 1313,2464"/>
                <Baseline points="1310,2532 1348,2535 1387,2538 1426,2542 1465,2546 1504,2550 1543,2555 1582,2560 1621,2565 1660,2570 1699,2575 1737,2580 1776,2586 1815,2591 1854,2596 1893,2600 1932,2604 1971,2607 2010,2610 2049,2612 2088,2615"/>
                <TextEquiv>
                    <Unicode>ann ihnen besagten tags erstattet worden.</Unicode>
                </TextEquiv>
            </TextLine>
            <TextEquiv>
                <Unicode>Derselbige ist glychermassen von vor&#13;
wolermelter mynner hocherendenn&#13;
herren uss beuelch ir. gnaden uff glychem&#13;
tag examiniert worden. welcher dann&#13;
nachuolgende diebstäl mit unndt ohnne&#13;
marter bekhennt unnd veriechen hatt.&#13;
Erstlich habe er mit hilff mehranzognen&#13;
cappeller buoben unnd zweyer annderen synner&#13;
gespannen deren der einte ein langer gsell&#13;
ohnne bart, der ander aber kurtz inn einer&#13;
schwartzen kleidung, vor etwass zyths drey&#13;
rindtshütt unnd fünff kalbfähl genomen,&#13;
welche sy zuo Worb verkaufft habindt.&#13;
Denne habe er mit zuothuon ermelts buoben&#13;
unnd dess hieuor gemelten Nigli Höübergers&#13;
etliche klungle garnn geholffen enntragen,&#13;
uss welchen sy 30 batzen erlöst, vonn welchem&#13;
gelt er jedem synner gsellen fünff batzen geben&#13;
hab.&#13;
Hatt wyters nit bekennen wellen unngeacht&#13;
er einest lähr, dass andermahl mit dem kleinsten&#13;
dass dritmahl mit den 2 kleineren unndt&#13;
das viertmal mit den dreyen minderen steinen&#13;
uffzogen wordenn.&#13;
Es habendt mynn gd. herren den 13. augusti&#13;
1635. gerathen unnd erkhennt, dass vor¬&#13;
gemelte beidt mit ruotten ussgeschmeytzt mit&#13;
dem b bezeichnet unnd von ir. gen. landen&#13;
unnd gepieten verwissen werden söllint&#13;
ann ihnen besagten tags erstattet worden.</Unicode>
            </TextEquiv>
        </TextRegion>
    </Page>
</PcGts>
