3024 4032
450 426 1312 673 Peter chmidt.
280 724 1470 997 Fills gesterigentags den 15. martii 164
368 859 1467 1063 Ebes. vnsechen vnd benelich vndermaeer
405 953 1457 1157 vnnd Abernen. E. G. Mittrch her¬
365 1068 1465 1253 Nactans Combach, Im beywesen herrn Ge¬
394 1174 1463 1346 geybell keisehungs. Werer Schmidt
386 1263 1460 1449 Stäffisburg, ensten eshafft un a
399 1367 1463 1545 Hüseren in der kilchhorn weitz
406 1480 1466 1671 miniert vnnd befragt, wie es mun
416 1590 1460 1753 nurg deß bewussten (berkhustlichen
412 1676 1461 1821 schrebens, so ihme vor wenig abgelofen
401 1770 1460 1936 Zeists von Ihr G. dero Amptsma
434 1874 1456 2044 sehundtheissen zu Thun vnzehendig
394 1973 1455 2133 worden, zugeagen vnd wo vnd der
363 2072 1431 2230 wen sollbigen erbrochen worden he¬
361 2189 1455 2358 hatt er hieruff geantwortet vnd s
318 2309 1451 2451 bericht geben. Nach dem er über i
352 2404 1441 2575 bekhannfaufes bekhandees thme Sch
351 2484 1442 2670 vmb ein greusedund gelts vngesl
350 2589 1441 2756 Vnd grstandt, die ordenlichen Gaudte
355 2671 1440 2832 verthüert und aber zur yermug
360 2753 1443 2945 Johsen desselben nicht gelangt, e
360 2869 1433 3060 An heeren schuldtheisen zu Shred
288 2944 1443 3195 E befürderet werden mögen gesteen
368 3075 1431 3253 er bey 160 tagen darauf verge
380 3141 1440 3375 er eintlich fur E. G. gekhlt, d
357 3236 1437 3487 Appiicande fürgebracht und umb e
339 3345 1424 3621 Ehshafft oder Capiatis wider zugeh¬
342 3438 1429 3694 part angehalten. Als ihme aber
324 3509 1434 3807 deß Catiatis ein verschlossen isse
318 3638 1427 3929 enn den herren schuldhiys Kraey
2588 272 2732 394 54
1540 369 2617 676 etheilt worden, habe er ihme gluch die
1516 457 2684 757 krchnung gemacht, er werde nicht gar wol
1522 534 2687 854 mit solhem teyben ankhomen, vnd werde
1518 657 2621 907 des herren sehen solches (wer vor disem
1523 711 2717 1056 ihme mit degen anderen ihme yngehenwgeten
1531 862 2671 1135 shryber auch beregnett hinnder shlachen
1491 944 2673 1161 vnd ihme den unhalt nicht eroffeen.
1525 1012 2696 1262 sndsich derwegen dahin entschlassen disersn
1516 1107 2713 1377 schryben bey anderen ynene er khunden und
1506 1214 2669 1476 gelangten rechten biß vfflebst hinge¬
1507 1324 2663 1534 diechern S. Vsachells tag, lingen vnnd syn
1536 1432 2653 1623 Iich biß dahin ruwen zelassen. Redrh
1511 1521 2720 1746 habe fer sich zuer bey Scherber Nüly
1545 1644 2672 1819 in (als der Ihme sein supplication
1541 1752 2628 1921 gscheiben, vnd darbey ermant, so er
1511 1836 2710 2005 deas ußbringe ihur solches zu com
1543 1943 2647 2101 muncieren) hierüber rachs erholen
1536 2039 2709 2180 wlen. Als er hieruff inn dessen haß
1525 2144 2678 2271 sonen ihme seinm vorhaben entwekkt
1533 2228 2721 2390 vndich darby verlausten lassen ermachte
1513 2307 2721 2456 denich aler daß schrybens wol wüssen,
1527 2421 2691 2591 Sie derseb gserackts zugefharen sein
1491 2505 2757 2663 cherli genomen, das pregemestene viere¬
1530 2614 2739 2774 li ertzaren gesehretten das eheyben ge¬
1528 2692 2695 2854 Effaret vnd Ihme vorgelesen, welches
1526 2783 2705 2969 ireine doch niemalen gehiissen, noch das
1524 2885 2767 3068 ersölches thue solle nichst angemutet habe.
1515 2972 2696 3170 dieer um dermerecht, das der inhalt
1521 3105 2734 3276 disrs schrybens ihme zu kheinen vor¬
1514 3208 2756 3367 theilkiach f entlich vß fhuerung syner
1512 3289 2761 3471 so langwyrig richtliche procedur ge¬
1518 3388 2742 3579 Sye. habe er sih entsehlassen ghan dasselb
1518 3480 2768 3676 zubehalten, vnd dem Herren Schuldheissen
1675 3588 1777 3641 301
1500 3598 2749 3783 icht zuberantworten, wyl Ihne doch
