3024 4032
288 339 1383 659 Lurnd gesein es zeinen geder sh
360 515 1389 746 oder lechs mits auefun vndetwal valh
363 625 1372 801 vnefeembdet, wnnder wie auch ein halbe
372 723 1387 900 eine khorn, weliches alles sy einer frau
363 835 1453 1050 Ain Aelbeden Lerener gepirk, diß
364 937 1386 1108 Ihre gstolen sachern alleegen nach lan
376 1035 1383 1189 thulfraget und verkhaufft, zu brahn
364 1136 1400 1304 daselbst bachen lassen, vnd fruesten, da
388 1256 1397 1420 sich bey ihren begacht toge uffgee
375 1340 667 1493 haben.
381 1456 1372 1643 Di dnnen sy mit einanderen bes
376 1573 1391 1731 hinab zun des Ergouw gereyset, vn
364 1672 1399 1813 Im ein dorff Ehementenn welchen
388 1756 1412 1909 im Müli stände, daselbsten sy aß
387 1850 1408 1997 einer hineren stuken etliche trangen
359 1943 1417 2121 garn ihnen einem tack, emliff oder zue
380 2052 1406 2224 siechen vnd Eymlachen gestelen gen¬
370 2150 1425 2295 frouwen zufreydt und zum fünfft
382 2279 989 2449 guldig verkhaufft.
226 2365 1418 2586 . zu Ridemeyl bey Solothuen mit
329 2493 1418 2646 vorgemelser suee gesellen ein en
373 2526 1483 2786 geoffnet, Daruß ein bar hosten ¬
387 2664 1394 2880 ettliche strangen garen verwendt
212 2793 1427 3040 23 Item konmeer da dannen uff einen
388 2901 1415 3118 habine sy etlichen ancken ußflüeren
407 2991 1420 3268 gaut aber darob vermagt worden.
315 3074 1426 3369 vnnd ihnen daselbst erstgtmelter vrd
361 3240 1099 3488 stel dahiden bück.
210 3286 1458 3626 24 lesen es in
320 3453 1428 3773 genne Pfyffer antraffen Lellet
372 3499 1424 3840 egent dhersht
217 1501 317 1622 21
2449 238 2588 347 4
1464 291 2523 626 ete
1423 368 2612 694 bleich darin zu funden vermeint heigendt aber
1458 470 2541 771 mit dan dürbiren darin funden deren
1455 540 2514 876 egengee
1448 676 2566 1015 g a dee
1462 770 2606 1105 Ab ein eintziges hußstande, habent s laß
1475 884 2599 1157 eenn gutten fünff oder sechs umbet lin, ein
1448 945 2653 1245 Jneli Saltz vnd ein weinig anecken entzuckt
1458 1059 2494 1325 so sin sein anderen verbrucht habind.
1512 1250 2575 1468 Niderbippft mit hilff des grossen, Eaßt
1462 1345 2591 1603 znem fellee 4 leiben beodt vnd zwo
1490 1471 2271 1676 anckenbellen enttrombdet
1500 1569 2569 1776 by der Einnbrugg underhalb solo¬
1501 1686 2582 1919 thuen, heige Jeder vier mas thuen ge¬
1510 1764 2554 1993 nenen, desselbig bachen lassen (nnd
1503 1932 1782 2049 verbrucht.
1503 2033 2649 2214 zu Grünichen am Täberberg mit hilff
1461 2166 2629 2315 das gossen vnd Heusslind kein em preher
1501 2248 2665 2387 brochen, (aß welchem so ein buunen landt
1503 2341 2614 2505 urchem laack mit seiner blegen, deü
1476 2440 2655 2612 Bar schuh ein stuck bl läder erzuckt.
1509 2572 2562 2767 Neben der Arenkaß einer behusung
1501 2665 2643 2884 zwen h�edhäfen mit ancken und drey
1509 2749 1914 2931 leiben brodt,
1498 2924 2593 3134 zu Oberwylleß einem Keller, ein
1485 3068 2690 3278 deß käffli zwo anckenballen, fünfft
1498 3176 2671 3366 halben leib brodt, vnd ein pfannen mit
1495 3279 2659 3486 aucken so s miteinanderen genossen.
1386 1402 1472 1499 26
1411 1725 1455 1819 1
