3024 4032
366 417 725 566 geist Hanßen
340 492 551 639 Fischer
418 629 557 720 12
570 528 1539 756 fold hristen trank syn
649 676 1531 870 a Esch lißmatt Im Endtlibach
506 829 1577 1085 erselbige, allenstweben such geread
524 918 1557 1164 und anfehenlich gsellen ist zu cesterh
514 1003 1543 1223 er mut zweyer syner gsellen einkeller
498 1104 1536 1299 vffber hrn wellen ergrffen, gfengetlich
496 1192 1560 1374 alhar gschrrkt und darüber sirs thu
487 1278 1557 1456 vnd lassens halber ernstlich beffragt worden
484 1361 1553 1562 der dan den 17. decemr o 1639 gutr
466 1449 1554 1616 vnd ohne Manter bekhendt. Wie das er
477 1535 1517 1704 vor ohngeerdt deyen wuchen zu shun zu
496 1604 1535 1750 zweyen jungen gsellen khantn, der derei
477 1715 1530 1849 Hauß, der ander aber Christen, genempt
459 1790 1526 1929 syhe, de ihme ein trunck geben, nach deme
471 1887 1526 2030 sölchen zu sich genommen, habe er schshar
484 1966 1510 2101 nicht mehr entschlachen khomnen snd sye
474 2033 1507 2200 mit ihnen greyset und zu stählen au
465 2153 652 2260 fangn
436 2204 1507 2371 Gnd erstlich zu Stäffisburg genant by
455 2305 1500 2463 den hafen, habe er ein stuck s
463 2370 1511 2545 fleigch uaß dem hafen, sein gattzen haß
429 2483 1498 2602 dein stuck böß und ein leyb brodt genen
441 2553 1489 2701 mit hulff obgedachter syner gesomen.
380 2657 1493 2851 Abernalen mit hilff ersegedacht anf ws
449 2767 1499 2945 von Signomp heigindt yn 13 hende
432 2820 1491 3030 2. Lynlichen und ohngeschar zwostent
315 2938 1488 3133 von selbigem orth 2 brodt aß eine
387 3088 998 3226 Fäfler genommen.
415 3110 1469 3335 Im Eggemeyl aß einem Keller de
408 3221 1169 3413 brodt, ein stuek fleiß
373 3253 1462 3546 Feyschers anselbigem orth ein stuckhi
346 3338 1478 3659 n humbdel nd nmn Bonetg aechtid
404 3435 1478 3750 hen bit hes e ds
397 3543 1304 3827 ein peftaen
2689 393 2807 475 118
1659 462 2781 734 brun gleichwol mun h weren vnd Obereh
1635 557 2764 847 gher ursach gehapt, disere jungen gsellen
1651 644 2751 887 der Torsur etwas genauer treben
1644 750 2724 973 nd Zrammereh zelassen, So hatt sich erdan
1605 823 2801 1098 jei nach dero anworenden barmker ly gkheyt
1625 923 2792 1153 zuer thuget, vnd flechenlichen einens erbaenet
1625 1008 2753 1252 ich zuetheyb fie heylige zusch zu mneth
1627 1080 2762 1311 iert und inne desweien vff versprochne
1595 1190 2750 1391 Vnd verhoffende besserung von ehr Gnadt
1601 1293 2759 1468 far, Landt vnd gepiet Eydtlich verwisen
1604 1395 2797 1558 lesen. hatt dessenbwegen den 21. eembris 1637
1614 1487 2715 1638 die eydt praessiert und ußgeschwort
1651 1674 2691 1872 Johan Ludergil. cusslin
1927 1793 2371 1976 Hurg allhr.
1580 1946 2773 2126 Wyl diser widermeiner g herren und Gerren 4
1597 2055 2762 2213 bshwegen ußgangne vnderscheidenliche ver¬
1591 2173 2756 2289 gott vnd Mandat auch daruff gesetzte straff
1581 2235 2735 2392 leibs und lebens, sich under ihr fürrstlich
1593 2321 2708 2470 vehlentt hertzen Gernharts kon
1574 2401 2716 2538 Sachssen Weinmar Armel durch dem
1569 2491 2749 2643 Versten Aodiera fur en Capitein
1558 2584 2741 2729 bestellen lassen, sich hiemit fur seipersen
1570 2659 2718 2794 nist allein in frömbder herhren dienst
1563 2746 2748 2881 verpflichtet, Sondersich noch vber diß In
1562 2820 2768 2981 ihr d landen ereckgeworkt ohne erlaupt
1574 2923 2740 3094 vuß, Als ist er esbenelch Ihr Gnaden
1543 3012 2697 3133 Surch dero dieners eonung Gruner
1558 3103 2735 3259 und drhtschryber Gachman offenelich
1560 3195 2783 3357 berechtiget vnd in. g. h. nach besagkan,
1562 3248 2704 3447 daß in die straff erkhendt worden, ehr da.
1563 3356 2770 3499 aber haben die Eletheyl vmb so zulgnedig
1569 3443 2734 3589 gemelteret, das sy Inne mit dem Eydt von
1535 3540 2711 3692 dero Statt Landt vnd gepiet verwesen
1536 3601 2779 3791 lassen. Sobeschefl den 24. Dectbos 163
1549 3715 2727 3851 jedoch ist ihme nach tag sue sachen sin
1577 3793 2641 4001 ich gezeyt ze bringen vergant worden.
