3024 4032
534 619 1457 772 dreyn geschrttet, auch mehr nicht danein ei
570 726 1462 849 osdern vber zu nachtmal alser
546 808 1195 913 anksammen zogen worden.
577 889 1471 1042 Iu dem als Ihme der wyn zu Muetten a
564 994 1465 1146 andgeben worden, habt syn krachtzue
577 1078 1474 1220 gesagt, er welle den yn versucht, da
584 1160 1483 1295 erwussen mog, was er thuere vnd a
518 1231 1471 1393 verfucht heugeer zu Ihue dem Keite
572 1328 1477 1469 sprochen, er wassere sehrfast, darub
584 1410 1474 1540 antwortet habe. Es fut wir ine al
567 1492 1470 1633 vffladen, So gut wellent wir Jnnes
587 1575 818 1682 ebladen.
590 1641 1488 1804 das ihme dan fürghalten werde, syy daß
602 1745 1500 1888 manse alhie geftendig gfin, das man leß
612 1820 1486 1973 fafsen mas wyn zogl. vnd anstatten
604 1894 1507 2050 aßwasser darzu geschüttet habe de
601 1987 1497 2153 aüsse ernutzit Ge thun, welle es kan
597 2046 1502 2215 antworten lassen möchte wol wünsche
567 2132 1486 2300 das er zugegen were vnd die warhe
614 2242 1500 2415 anzeite er wolle auch ernstlichen
592 2305 1508 2487 sieben das er khome vnd sich stelle
638 2388 1502 2561 er syner unbesinten und nützut krnöge
627 2474 1508 2664 auch einichn Fropff wasser vunden w
622 2557 1502 2782 schutten nicht gesechen habe, das wr
635 2617 1503 2845 er ersallten Gott gebwas an
615 2740 1501 2950 Nane trychers furgenomen werd
594 2815 1503 3023 Dann der andesb zu bekhonnen ger
587 2870 1514 3153 wrnht esh
620 3030 1278 3274 rb rhtel
603 3087 1519 3353 vnnd als er vnder anderem auchbse
596 3151 1508 3453 v ei
661 3259 1495 3587 n e
662 3331 1522 3639 eich glt
2321 444 2495 553 1308
1528 479 2569 763 er geantwortet es hent drey syner hrnnere
1516 566 2553 875 erhaen d
1518 643 2564 907 Kernz Müller und vdendicht helffer der
1515 726 2541 987 Müller zu Guemels dan dieselben vor
1534 773 2570 1041 ebwas zeyschs sich mit ihrem gelodnen wy nit
1524 865 2578 1154 döeffen In die Stattlassen, onderheirentsolchen
1540 960 2519 1222 durch Ihre dener abladen lassen, vnnd das
1537 1005 2541 1265 Meister sich darnen gemacht, daher dan er
1525 1104 2563 1347 douff deßneunderfeltschens somechting der
1544 1206 2485 1431 schrei kinder dessen vbell enthelten
1549 1298 2547 1531 musse, das er sy aber selbs sachen wasser
1560 1380 2558 1599 in den wygsëtten, khörer er nicht zeügen,
1552 1473 2409 1663 allen syent sy dessen in verdacht.
1535 1606 2558 1810 Endtlich hatter auch berichtet, das ein Rub¬
1578 1712 2566 1852 men welcher Hr Sulthers wyn In beuelch
1580 1811 2556 1947 gehapt, vnd der Jinge sonder wyn von
1568 1867 2608 2030 Ihme vff dis thur genomen, halbfer genant
1548 1952 2571 2108 von Bamen an dem morch als der wiß
1582 2037 2576 2185 zu Mlurtten geladen worden Eßt einen
1546 2128 2576 2276 der fassten (aber nicht vßdem ber ge¬
1564 2217 2579 2373 kurtzen geschüert) ein mas wyn gezogen.
1565 2307 2524 2437 vnd ein andere mas dargegen (nicht
1576 2379 2620 2517 eüsse er obes wasser oerwyngsin)
1553 2458 2593 2609 darzu geschüttet habe. Sy hengent Ihme
1585 2544 2610 2707 aber fitgeben, das sy ein fresche maaß
1566 2609 2586 2785 lesenkagen vnd ein vbernechtige
1586 2683 2577 2882 nas trin hingegen darzugeschüttet
1589 2764 2646 2974 habent. Es dem nun also oder nicht moge
1594 2864 1977 2970 er nicht wissen
1574 2926 2616 3152 hatt letstlich mit einem fußthal
1593 3028 2600 3236 gantz vnnetig umb verzychung und
1578 3113 2574 3301 das man ihme khein weschere schmach
1582 3189 2627 3421 vndershalfen laisen wolle Surstendicg
1898 3346 2198 3443 gebetten.
1610 3356 2606 3608 It mit abt ag erstens, vnd das er mit herren
1604 3490 2616 3688 Saltzeen im Gnneglich (willen schafft solle
1610 3552 2216 3738 bedig erkhendt worden.
