2448 3264
469 472 899 578 zu Wistelbahberg.
458 548 1179 672 Atem I Zeelikan, habe er abermalen
468 605 1184 741 zwey meß khorn enstuckt, so ihme aben
440 669 1088 795 widerumb abgragt worden sye.
440 781 1189 902 am hielebach ein nichs Ziß vndzu
451 841 1199 973 Eltberg zweymas khosen, die er vnd
454 915 951 1021 acht butze verkhaufft.
444 991 1186 1152 Diser Velter Greytensteim It zire
468 1102 1181 1210 mall lähr. und das drittmal mit den
455 1149 1120 1285 keinerenstein uffzogen worden.
484 1364 1090 1497 Nelcheor Rleilenstein.
669 1454 945 1557 vorgemelt.
717 1580 761 1632 e6
425 1594 1184 1682 Hoff memer g. Heeren vnd Aberren vo
473 1655 1189 1754 eren beuelch das gedachter Greitenstein
471 1702 1152 1800 nit nothwendiger Marter examineert
460 1765 1204 1856 werden solle. Ist soliches ann Ihme Feytags
446 1818 1200 1925 den 36 aurit ootobr 1679. Inn gegen¬
413 1871 1196 1964 wertigkheyts lieuor Eolermelse nugnes
437 1937 1209 2022 hochehrendes Herren Jacob Kochd deß
383 1987 1197 2086 Eaths, her Damal Gottschaff der bur¬
431 2045 1205 2159 geren, Herren Großweybell Frischins
437 2104 1203 2211 orchettlicher Weiblen muner S. Here
423 2155 1202 2276 diemein zu Martili unn Ihme erstattet
404 2211 1203 2307 worden, welcher dan vber vorschenden
412 2274 1191 2398 volgende diebstäl, auch sch were vnd hahe
418 2330 1203 2445 vißhandlung mit zrtdohne Marter be¬
405 2387 1207 2511 klendt und verrecht wechendtlichsander
394 2453 1157 2583 Marter erhalten und bestähtiget.
369 2536 1184 2680 Kamlich, das er lich (beider) wider
386 2609 1193 2744 das Sibende gesott Bortes deß Herrn
421 2664 1200 2817 auch Christenliche Zucht vnd verbartheit
1246 426 2027 662 en
1232 500 2019 705 bruch mit vilen vnderschuidenlich dornen, so
1268 536 2024 757 f vnd vil vermeitscht vend berkenbt habe
1237 609 2013 810 das ihme die vile syner dergstalt begangnen
1262 658 2030 863 shäleren earschafft ze machen gantzn unmüglich
1261 845 1340 928 r.
1237 803 2042 1026 Demr so habe er voretwas zyths zu Oberöse
1267 862 2033 1055 einee buren der Högerli genant 7 brodt
1247 916 2023 1125 Vnd einem zu Erfiegen gebrodt entzuckt
1228 1023 2032 1241 Item zu Voffhesten 3 brodt vnd ein halbs
1258 1183 1371 1272 fisg.
1242 1178 2023 1347 Im Sanerland 2 manschid und ein zechen
1258 1256 1816 1404 pfindiges käsli entfrombdet.
1255 1384 1295 1464 4
1244 1358 1993 1527 zu Köntingen ein viertel eines Einstes
1249 1463 2003 1612 Geeeners Thoman Gougarter Ein¬
1246 1537 2096 1657 Gürstengraben bey Grub von einem trylung
1270 1599 1996 1721 ohnguerdt Nun pfundt fuß entzuckt
1257 1699 2074 1817 zu Sinringen mit hilff särs hiener mehr
1286 1776 2038 1867 gezognen gesellen Hanß Villi genant
1293 1828 1985 1924 Aßeinem Jaden 7 leiben Brodt.
1278 1904 2084 2007 zu Stettlen bim hochenrad, habeindter vnd
1278 1976 2073 2087 gesagter Hanß Glli mit einem Schlussell
1281 2042 2124 2146 den Spycher geöffeet, vß welchem s funff
1281 2105 2054 2207 leiben brodt vnd ein kocheken hinß
1289 2180 1461 2225 genomn.
1269 2217 2118 2355 Ihem infoederen Riedhinder Sunnistwalch
1291 2303 2088 2423 abe er ein gey�entfhüert, welche er zu
1256 2349 2124 2509 Bdiglen umb dery kronen verkhaufft
1268 2415 2120 2594 Hoff der alp Lideren habe er glychermassen
1283 2518 2149 2649 ein Gzeiß gestolen, die er zun der Gärouw
1259 2565 1811 2690 Vmb s hingeben habe.
1280 2618 2143 2776 zu Grißiegtn habe er auch eine entfrömbdet
1281 2704 2000 2838 vnd auff gfundt daruß erlässt
