<?xml version="1.0" encoding="UTF-8" standalone="yes"?>
<PcGts xmlns="http://schema.primaresearch.org/PAGE/gts/pagecontent/2013-07-15" xmlns:xsi="http://www.w3.org/2001/XMLSchema-instance" xsi:schemaLocation="http://schema.primaresearch.org/PAGE/gts/pagecontent/2013-07-15 http://schema.primaresearch.org/PAGE/gts/pagecontent/2013-07-15/pagecontent.xsd">
    <Metadata>
        <Creator>prov=University of Rostock/Institute of Mathematics/CITlab|PLANET AI GmbH/Gundram Leifert/gundram.leifert@planet-ai.de:name=German_Kurrent_XVI-XVIII_M1(htr_id=19584)::::v=2.6.7
prov=University of Rostock/Institute of Mathematics/CITlab|PLANET AI GmbH/Tobias Gruening/tobias.gruening@planet-ai.de:name=de.uros.citlab.module.baseline2polygon.B2PSeamMultiOriented:v=2.6.7
prov=University of Rostock/Institute of Mathematics/CITlab|PLANET AI GmbH/Gundram Leifert/gundram.leifert@planet-ai.de:name=German_Kurrent_XIX_comb-Huber_M2(htr_id=23847)::::v=2.6.6
prov=University of Rostock/Institute of Mathematics/CITlab|PLANET AI GmbH/Tobias Gruening/tobias.gruening@planet-ai.de:name=de.uros.citlab.module.baseline2polygon.B2PSeamMultiOriented:v=2.6.6
prov=University of Rostock/Institute of Mathematics/CITlab|PLANET AI GmbH/Tobias Gruening/tobias.gruening@planet-ai.de:name=/net_tf/LA73_249_0mod360.pb:de.uros.citlab.segmentation.CITlab_LA_ML:v=2.6.6
Transkribus</Creator>
        <Created>2020-10-05T12:34:32.350+02:00</Created>
        <LastChange>2023-01-31T08:10:12.467+01:00</LastChange>
        <TranskribusMetadata docId="1334819" pageId="52360572" pageNr="143" tsid="114642335" status="IN_PROGRESS" userId="141590" imgUrl="https://files.transkribus.eu/Get?id=LZPAHVWNOJJFMFCKNVPNWVUJ&amp;fileType=view" xmlUrl="https://files.transkribus.eu/Get?id=JSLVKQISODPHPMKMIDQJHOML" imageId="16049549"/>
    </Metadata>
    <Page imageFilename="IMG_3474.jpeg" imageWidth="3024" imageHeight="4032">
        <ReadingOrder>
            <OrderedGroup id="ro_1687513778781" caption="Regions reading order">
                <RegionRefIndexed index="0" regionRef="r1"/>
                <RegionRefIndexed index="1" regionRef="region_1674724673657_998"/>
                <RegionRefIndexed index="2" regionRef="r3"/>
            </OrderedGroup>
        </ReadingOrder>
        <TextRegion orientation="0.0" type="paragraph" id="r1" custom="readingOrder {index:0;} structure {type:paragraph;}">
            <Coords points="572,664 575,3636 1682,3636 1679,664"/>
            <TextLine id="line_1675148872457_50" custom="readingOrder {index:0;}">
                <Coords points="675,775 822,730 893,731 1536,854 1698,914 1688,986 1548,997 962,922 674,825"/>
                <Baseline points="674,820 775,823 813,848 856,854 899,859 943,863 986,866 1030,871 1073,874 1117,877 1160,882 1204,885 1247,889 1290,894 1334,899 1377,905 1421,912 1464,919 1508,930 1551,939 1595,952 1638,966 1682,981"/>
                <TextEquiv>
                    <Unicode>icherstihlten der sche</Unicode>
                </TextEquiv>
            </TextLine>
            <TextLine id="r1l4" custom="readingOrder {index:1;} person {offset:0; length:8;}">
                <Coords points="750,928 796,969 877,954 919,982 1221,981 1274,1017 1334,989 1657,1075 1665,997 1503,989 1394,926 1154,948 1082,884 963,922 908,880 751,918"/>
                <Baseline points="756,942 800,945 845,950 890,953 935,956 980,959 1025,962 1069,965 1114,967 1159,970 1204,974 1249,978 1294,982 1339,987 1383,993 1428,1000 1473,1008 1518,1017 1563,1027 1608,1039 1653,1053"/>
                <TextEquiv>
                    <Unicode>Bumplitz vrerbachen Schwgei flese</Unicode>
                </TextEquiv>
            </TextLine>
            <TextLine id="r1l5" custom="readingOrder {index:2;}">
                <Coords points="779,1082 925,1053 973,1099 1027,1056 1103,1089 1217,1066 1307,1136 1425,1091 1622,1182 1679,1152 1688,1075 1646,1091 1595,1043 1556,1058 1401,1006 1291,1054 1217,1007 1048,1021 967,976 789,996"/>
                <Baseline points="791,1035 835,1038 879,1042 923,1046 967,1047 1011,1051 1055,1054 1099,1056 1143,1059 1187,1064 1232,1067 1276,1071 1320,1075 1364,1081 1408,1086 1452,1092 1496,1100 1540,1109 1584,1117 1628,1129 1673,1140"/>
                <TextEquiv>
                    <Unicode>ertragen und zu Frylung jedpfe</Unicode>
                </TextEquiv>
            </TextLine>
            <TextLine id="r1l6" custom="readingOrder {index:3;}">
                <Coords points="770,1133 956,1151 1024,1195 1089,1165 1323,1197 1365,1176 1441,1220 1582,1241 1590,1142 1546,1151 1422,1095 1302,1141 1220,1067 1070,1126 939,1073 843,1111 773,1086"/>
                <Baseline points="777,1130 817,1134 857,1137 897,1140 937,1142 977,1144 1017,1145 1057,1147 1097,1149 1137,1151 1177,1154 1217,1156 1257,1159 1297,1162 1337,1166 1377,1171 1417,1176 1457,1183 1497,1190 1537,1199 1578,1208"/>
                <TextEquiv>
                    <Unicode>vns drey batzen verkhuufft</Unicode>
                </TextEquiv>
            </TextLine>
            <TextLine id="line_1675148899733_65" custom="readingOrder {index:4;}">
                <Coords points="653,1214 815,1164 1373,1215 1589,1261 1674,1287 1665,1395 1638,1400 802,1323 653,1264"/>
                <Baseline points="653,1259 767,1259 812,1280 854,1281 896,1285 939,1288 981,1290 1024,1293 1066,1295 1109,1298 1151,1301 1194,1303 1236,1306 1278,1309 1321,1313 1363,1317 1406,1321 1448,1326 1491,1331 1533,1337 1576,1343 1618,1350 1661,1356"/>
                <TextEquiv>
                    <Unicode>Dem Eyer daselbst ein Schaff darit</Unicode>
                </TextEquiv>
            </TextLine>
            <TextLine id="r1l9" custom="readingOrder {index:5;}">
                <Coords points="787,1377 877,1371 951,1395 982,1373 1086,1428 1131,1414 1169,1431 1217,1403 1279,1428 1348,1407 1411,1432 1417,1333 1313,1373 1272,1342 1215,1367 1118,1314 1011,1349 951,1311 884,1344 790,1333"/>
                <Baseline points="795,1365 825,1370 856,1373 886,1375 917,1378 947,1379 978,1382 1008,1383 1039,1385 1069,1386 1100,1387 1131,1388 1161,1389 1192,1391 1222,1392 1253,1395 1283,1398 1314,1400 1344,1404 1375,1407 1406,1413"/>
                <TextEquiv>
                    <Unicode>er 20 batzen erlasst.</Unicode>
                </TextEquiv>
            </TextLine>
            <TextLine id="line_1675148921662_80" custom="readingOrder {index:6;}">
                <Coords points="628,1439 781,1411 1320,1417 1518,1440 1673,1532 1653,1568 1371,1592 849,1535 627,1489"/>
                <Baseline points="627,1484 753,1486 783,1499 827,1500 871,1500 915,1500 959,1502 1003,1503 1047,1503 1091,1505 1135,1507 1179,1508 1224,1511 1268,1514 1312,1517 1356,1520 1400,1524 1444,1528 1488,1533 1532,1540 1576,1545 1620,1552 1665,1560"/>
                <TextEquiv>
                    <Unicode>Snem Cletter Renund zu Gummen</Unicode>
                </TextEquiv>
            </TextLine>
            <TextLine id="r1l12" custom="readingOrder {index:7;}">
                <Coords points="799,1593 905,1600 962,1656 1018,1620 1072,1621 1106,1659 1164,1669 1256,1636 1321,1651 1325,1583 1179,1545 1156,1521 1064,1512 995,1562 801,1551"/>
                <Baseline points="806,1584 831,1584 857,1584 882,1585 908,1586 933,1586 959,1587 984,1588 1010,1589 1035,1590 1061,1591 1087,1593 1112,1595 1138,1596 1163,1598 1189,1600 1214,1602 1240,1604 1265,1605 1291,1607 1317,1610"/>
                <TextEquiv>
                    <Unicode>ein maß foggen.</Unicode>
                </TextEquiv>
            </TextLine>
            <TextLine id="line_1675148943204_95" custom="readingOrder {index:8;}">
                <Coords points="620,1644 829,1625 1072,1622 1596,1647 1661,1672 1656,1779 781,1729 618,1694"/>
                <Baseline points="618,1689 776,1696 789,1713 832,1713 875,1715 918,1716 961,1717 1004,1718 1047,1720 1090,1722 1133,1724 1176,1725 1219,1728 1262,1730 1305,1733 1348,1736 1391,1738 1434,1740 1477,1743 1520,1746 1563,1749 1606,1752 1650,1754"/>
                <TextEquiv>
                    <Unicode>Dem Studer zu Brennen im Merth</Unicode>
                </TextEquiv>
            </TextLine>
            <TextLine id="r1l15" custom="readingOrder {index:9;} place {offset:10; length:10;}">
                <Coords points="772,1831 890,1812 944,1856 1000,1818 1100,1854 1251,1838 1284,1866 1350,1824 1632,1838 1633,1793 1559,1764 1405,1755 1308,1795 1129,1728 1059,1769 1011,1730 881,1784 774,1751"/>
                <Baseline points="780,1806 822,1808 864,1809 906,1811 949,1811 991,1812 1033,1812 1075,1814 1118,1814 1160,1814 1202,1815 1244,1817 1287,1817 1329,1818 1371,1819 1413,1820 1456,1821 1498,1823 1540,1825 1582,1827 1625,1830"/>
                <TextEquiv>
                    <Unicode>den er Im Gremgarten alhie ein</Unicode>
                </TextEquiv>
            </TextLine>
            <TextLine id="r1l16" custom="readingOrder {index:10;}">
                <Coords points="703,1918 956,1909 1073,1922 1127,1965 1280,1946 1362,1981 1447,1918 1643,1939 1644,1870 1382,1835 1236,1894 1129,1848 995,1837 935,1865 885,1820 703,1866"/>
                <Baseline points="710,1907 756,1905 802,1905 849,1904 895,1904 941,1905 988,1905 1034,1905 1080,1907 1127,1907 1173,1908 1219,1910 1266,1910 1312,1911 1358,1913 1405,1913 1451,1913 1497,1914 1544,1914 1590,1913 1637,1913"/>
                <TextEquiv>
                    <Unicode>bure, So Schweyn alharteibe i</Unicode>
                </TextEquiv>
            </TextLine>
            <TextLine id="r1l17" custom="readingOrder {index:11;}">
                <Coords points="773,2038 881,2005 1068,2013 1230,2067 1300,2039 1470,2061 1471,1926 1415,1932 1359,1982 1278,1946 1219,1979 1174,1944 1066,1980 988,1920 916,1958 774,1921"/>
                <Baseline points="780,1998 814,2000 848,2000 882,2000 916,2000 951,2001 985,2001 1019,2001 1053,2001 1087,2001 1122,2001 1156,2001 1190,2001 1224,2001 1258,2003 1293,2003 1327,2003 1361,2004 1395,2004 1429,2006 1464,2007"/>
                <TextEquiv>
                    <Unicode>zwo keonen verkhaufft.</Unicode>
                </TextEquiv>
            </TextLine>
            <TextLine id="line_1675148967366_110" custom="readingOrder {index:12;}">
                <Coords points="623,2059 882,2026 1567,2015 1644,2030 1642,2131 1345,2189 1037,2166 782,2140 622,2109"/>
                <Baseline points="622,2104 761,2106 789,2111 831,2110 873,2109 915,2109 958,2109 1000,2111 1042,2111 1085,2113 1127,2115 1169,2117 1212,2119 1254,2121 1296,2123 1338,2124 1381,2125 1423,2126 1465,2126 1508,2126 1550,2124 1592,2123 1635,2120"/>
                <TextEquiv>
                    <Unicode>Item mit hilff einsi genant nder</Unicode>
                </TextEquiv>
            </TextLine>
            <TextLine id="r1l20" custom="readingOrder {index:13;}">
                <Coords points="770,2214 1022,2226 1168,2177 1266,2221 1417,2214 1491,2250 1528,2218 1630,2221 1631,2155 1515,2139 1440,2185 1308,2187 1194,2126 1046,2177 927,2115 869,2153 771,2155"/>
                <Baseline points="777,2201 819,2199 861,2199 903,2199 946,2199 988,2201 1030,2202 1073,2204 1115,2204 1157,2206 1200,2207 1242,2209 1284,2210 1326,2210 1369,2210 1411,2210 1453,2208 1496,2208 1538,2205 1580,2202 1623,2196"/>
                <TextEquiv>
                    <Unicode>dem zeliert Torppen, zweidi</Unicode>
                </TextEquiv>
            </TextLine>
            <TextLine id="r1l21" custom="readingOrder {index:14;}">
                <Coords points="736,2307 1014,2302 1145,2348 1245,2280 1598,2310 1621,2236 1562,2212 1398,2255 1321,2209 1276,2251 1169,2260 1089,2208 987,2239 735,2233"/>
                <Baseline points="743,2295 786,2294 830,2294 873,2292 917,2291 960,2291 1004,2290 1047,2289 1091,2288 1134,2288 1178,2288 1222,2286 1265,2286 1309,2286 1352,2286 1396,2285 1439,2285 1483,2285 1526,2285 1570,2285 1614,2285"/>
                <TextEquiv>
                    <Unicode>selber beschlagen köffell gestilen</Unicode>
                </TextEquiv>
            </TextLine>
            <TextLine id="r1l22" custom="readingOrder {index:15;} place {offset:7; length:7;}">
                <Coords points="640,2376 827,2389 887,2423 943,2383 1031,2425 1090,2386 1186,2410 1292,2388 1328,2414 1369,2387 1530,2389 1518,2293 1466,2316 1268,2295 1158,2360 1044,2305 950,2364 848,2331 765,2361 715,2329 640,2337"/>
                <Baseline points="647,2369 690,2375 734,2381 778,2384 822,2387 866,2389 909,2390 953,2390 997,2390 1041,2388 1085,2387 1128,2385 1172,2384 1216,2382 1260,2379 1304,2379 1347,2378 1391,2378 1435,2378 1479,2378 1523,2379"/>
                <TextEquiv>
                    <Unicode>und zu Keyburg verkhaufft.</Unicode>
                </TextEquiv>
            </TextLine>
            <TextLine id="r1l23" custom="readingOrder {index:16;} place {offset:7; length:6;}">
                <Coords points="630,2549 1321,2509 1513,2548 1583,2531 1581,2426 1477,2450 1273,2422 1186,2487 1071,2483 953,2384 863,2463 788,2439 727,2483 629,2475"/>
                <Baseline points="636,2523 685,2519 734,2516 784,2514 833,2513 883,2511 932,2510 981,2510 1031,2510 1080,2510 1130,2510 1179,2510 1229,2510 1278,2510 1327,2508 1377,2508 1426,2507 1476,2505 1525,2503 1575,2499"/>
                <TextEquiv>
                    <Unicode>14. zu Bammen ein halben böß.</Unicode>
                </TextEquiv>
            </TextLine>
            <TextLine id="r1l24" custom="readingOrder {index:17;}">
                <Coords points="624,2687 749,2701 863,2648 1069,2681 1329,2636 1520,2676 1624,2637 1618,2530 1493,2584 1408,2535 1220,2592 1093,2522 964,2603 863,2535 760,2612 621,2632"/>
                <Baseline points="630,2678 679,2668 728,2659 777,2652 826,2646 876,2642 925,2639 974,2637 1023,2634 1072,2633 1122,2633 1171,2631 1220,2630 1269,2629 1318,2627 1368,2625 1417,2622 1466,2617 1515,2611 1564,2604 1614,2595"/>
                <TextEquiv>
                    <Unicode>13. Inn der Klasseren das Warbsell</Unicode>
                </TextEquiv>
            </TextLine>
            <TextLine id="r1l25" custom="readingOrder {index:18;}">
                <Coords points="754,2742 904,2749 997,2725 1172,2785 1247,2758 1350,2783 1415,2742 1461,2746 1456,2643 1404,2675 1323,2646 1231,2653 1142,2700 1017,2661 963,2708 894,2701 831,2658 752,2706"/>
                <Baseline points="761,2744 795,2741 830,2739 864,2737 899,2734 933,2733 968,2732 1002,2729 1037,2728 1071,2727 1106,2726 1141,2724 1175,2723 1210,2722 1244,2721 1279,2719 1313,2717 1348,2716 1382,2713 1417,2712 1452,2709"/>
                <TextEquiv>
                    <Unicode>o er an senem lyb tregt.</Unicode>
                </TextEquiv>
            </TextLine>
            <TextLine id="r1l27" custom="readingOrder {index:19;}">
                <Coords points="603,2922 691,2894 763,2948 862,2871 933,2904 998,2872 1120,2900 1207,2867 1305,2899 1516,2872 1608,2819 1604,2766 1515,2747 1445,2822 1335,2785 1262,2830 1158,2778 1026,2828 917,2777 824,2808 762,2787 702,2851 599,2870"/>
                <Baseline points="609,2913 658,2904 708,2895 757,2888 807,2882 857,2878 906,2874 956,2872 1005,2870 1055,2868 1105,2866 1154,2865 1204,2863 1253,2861 1303,2859 1353,2856 1402,2852 1452,2847 1501,2840 1551,2832 1601,2823"/>
                <TextEquiv>
                    <Unicode>16. zu Nitlen huseren den geß khe</Unicode>
                </TextEquiv>
            </TextLine>
            <TextLine id="r1l28" custom="readingOrder {index:20;}">
                <Coords points="707,3002 777,2987 835,3027 885,2979 1014,2984 1145,3026 1220,2956 1352,3006 1409,2945 1607,2906 1600,2824 1538,2871 1488,2853 1346,2907 1207,2874 1129,2918 1006,2879 966,2917 863,2901 763,2947 700,2918"/>
                <Baseline points="714,2991 758,2985 802,2978 846,2974 891,2970 935,2967 979,2963 1023,2961 1068,2958 1112,2957 1156,2955 1200,2952 1245,2950 1289,2946 1333,2942 1377,2937 1422,2931 1466,2925 1510,2917 1554,2907 1599,2895"/>
                <TextEquiv>
                    <Unicode>Cinschelkhorn, zu welchen Diebste</Unicode>
                </TextEquiv>
            </TextLine>
            <TextLine id="r1l29" custom="readingOrder {index:21;}">
                <Coords points="723,3153 797,3095 941,3071 1034,3112 1227,3042 1288,3079 1439,3014 1515,3047 1612,3013 1602,2918 1411,2949 1351,3005 1231,2966 1137,3026 875,2989 839,3028 787,2996 712,3056"/>
                <Baseline points="722,3086 766,3081 810,3078 854,3074 898,3071 942,3067 986,3063 1030,3060 1074,3055 1118,3051 1162,3046 1206,3042 1250,3037 1294,3032 1338,3027 1382,3020 1426,3014 1470,3007 1514,2999 1558,2992 1602,2982"/>
                <TextEquiv>
                    <Unicode>Ihme die Gochter Im huß selbs ghalten</Unicode>
                </TextEquiv>
            </TextLine>
            <TextLine id="r1l30" custom="readingOrder {index:22;}">
                <Coords points="722,3243 795,3185 865,3217 921,3190 1018,3215 1155,3152 1328,3189 1493,3171 1605,3124 1591,3012 1378,3096 1241,3114 1126,3075 1039,3114 961,3081 880,3130 783,3111 712,3165"/>
                <Baseline points="722,3194 765,3187 809,3181 852,3175 896,3170 939,3164 983,3160 1026,3157 1070,3152 1113,3148 1157,3144 1200,3140 1244,3135 1287,3131 1331,3125 1374,3118 1418,3111 1461,3104 1505,3094 1548,3085 1592,3074"/>
                <TextEquiv>
                    <Unicode>habe Ind vß Jodern maß ein halten</Unicode>
                </TextEquiv>
            </TextLine>
            <TextLine id="r1l31" custom="readingOrder {index:23;}">
                <Coords points="666,3312 989,3267 1054,3285 1128,3243 1200,3238 1189,3156 1078,3219 1027,3207 912,3253 859,3251 787,3200 712,3270 661,3274"/>
                <Baseline points="672,3303 698,3301 724,3299 750,3295 776,3293 802,3289 828,3286 854,3283 880,3279 906,3276 932,3273 958,3269 984,3264 1010,3261 1036,3257 1062,3253 1088,3250 1114,3247 1140,3243 1166,3240 1193,3237"/>
                <TextEquiv>
                    <Unicode>fronen erlasse.</Unicode>
                </TextEquiv>
            </TextLine>
            <TextLine id="r1l32" custom="readingOrder {index:24;} place {offset:18; length:6;}">
                <Coords points="572,3462 692,3464 825,3405 931,3444 969,3402 1101,3397 1143,3344 1233,3380 1592,3289 1582,3225 1424,3291 1266,3234 1128,3315 1014,3273 868,3345 786,3321 556,3359"/>
                <Baseline points="575,3438 625,3430 675,3421 726,3414 776,3407 827,3400 877,3394 927,3388 978,3382 1028,3376 1079,3370 1129,3363 1179,3357 1230,3349 1280,3342 1331,3333 1381,3323 1431,3313 1482,3301 1532,3289 1583,3275"/>
                <TextEquiv>
                    <Unicode>47. Dem sröler zu Bummen </Unicode>
                </TextEquiv>
            </TextLine>
            <TextLine id="r1l33" custom="readingOrder {index:25;} place {offset:28; length:6; continued:true;}">
                <Coords points="718,3537 1124,3464 1204,3496 1241,3451 1353,3452 1587,3357 1581,3324 1484,3314 1347,3376 1251,3364 1170,3429 1116,3438 1033,3389 932,3463 705,3465"/>
                <Baseline points="720,3507 763,3503 806,3501 849,3497 892,3493 935,3488 978,3483 1021,3477 1064,3471 1107,3465 1150,3457 1193,3449 1236,3442 1279,3433 1322,3424 1365,3414 1408,3404 1451,3393 1494,3383 1537,3371 1580,3357"/>
                <TextEquiv>
                    <Unicode>die ermelter sein gselle zu Murtt¬</Unicode>
                </TextEquiv>
            </TextLine>
            <TextLine id="r1l34" custom="readingOrder {index:26;} place {offset:0; length:1; continued:true;}">
                <Coords points="712,3660 802,3608 1162,3594 1218,3546 1310,3567 1408,3499 1490,3528 1589,3449 1576,3381 1352,3452 1315,3438 1161,3524 1091,3506 939,3537 832,3511 694,3566"/>
                <Baseline points="710,3614 753,3610 797,3605 840,3600 884,3595 927,3590 971,3583 1014,3578 1058,3570 1101,3563 1145,3555 1189,3547 1232,3538 1276,3528 1319,3518 1363,3507 1406,3497 1450,3484 1493,3471 1537,3458 1581,3444"/>
                <TextEquiv>
                    <Unicode>d er den ete</Unicode>
                </TextEquiv>
            </TextLine>
            <TextEquiv>
                <Unicode>icherstihlten der sche&#13;
Bumplitz vrerbachen Schwgei flese&#13;
ertragen und zu Frylung jedpfe&#13;
vns drey batzen verkhuufft&#13;
Dem Eyer daselbst ein Schaff darit&#13;
er 20 batzen erlasst.&#13;
Snem Cletter Renund zu Gummen&#13;
ein maß foggen.&#13;
Dem Studer zu Brennen im Merth&#13;
den er Im Gremgarten alhie ein&#13;
bure, So Schweyn alharteibe i&#13;
zwo keonen verkhaufft.&#13;
Item mit hilff einsi genant nder&#13;
dem zeliert Torppen, zweidi&#13;
selber beschlagen köffell gestilen&#13;
und zu Keyburg verkhaufft.&#13;
14. zu Bammen ein halben böß.&#13;
13. Inn der Klasseren das Warbsell&#13;
o er an senem lyb tregt.&#13;
16. zu Nitlen huseren den geß khe&#13;
Cinschelkhorn, zu welchen Diebste&#13;
Ihme die Gochter Im huß selbs ghalten&#13;
habe Ind vß Jodern maß ein halten&#13;
fronen erlasse.&#13;
47. Dem sröler zu Bummen &#13;
die ermelter sein gselle zu Murtt¬&#13;
d er den ete</Unicode>
            </TextEquiv>
        </TextRegion>
        <TextRegion type="page-number" id="region_1674724673657_998" custom="readingOrder {index:1;} structure {type:page-number;}">
            <Coords points="2818,883 2658,883 2658,724 2818,724"/>
            <TextLine id="r3l1" custom="readingOrder {index:0;}">
                <Coords points="2664,870 2694,867 2721,878 2746,865 2762,868 2776,859 2782,863 2800,848 2812,850 2823,844 2820,821 2794,824 2776,811 2770,816 2719,810 2713,818 2674,818 2670,824 2659,824"/>
                <Baseline points="2669,860 2698,860 2727,856 2757,851 2786,848 2816,848"/>
                <TextEquiv>
                    <Unicode>142</Unicode>
                </TextEquiv>
            </TextLine>
            <TextEquiv>
                <Unicode>142</Unicode>
            </TextEquiv>
        </TextRegion>
        <TextRegion orientation="0.0" type="paragraph" id="r3" custom="readingOrder {index:2;} structure {type:paragraph;}">
            <Coords points="1650,821 1648,3606 2881,3614 2883,829"/>
            <TextLine id="line_1674724695618_1008" custom="readingOrder {index:0;}">
                <Coords points="1726,928 1925,827 2573,812 2778,873 2782,925 2595,980 1788,1013 1732,1012"/>
                <Baseline points="1737,981 1778,970 1820,959 1862,951 1904,942 1946,937 1987,932 2029,928 2071,925 2113,923 2155,921 2196,920 2238,918 2280,918 2322,917 2364,917 2405,917 2447,915 2489,914 2531,912 2573,909 2598,921 2623,923 2648,923 2673,920 2698,916 2723,913 2748,912 2774,914"/>
                <TextEquiv>
                    <Unicode>1. Gythers habe er moch zu Gemitz hurm</Unicode>
                </TextEquiv>
            </TextLine>
            <TextLine id="r3l4" custom="readingOrder {index:1;} person {offset:9; length:5;}">
                <Coords points="1751,1067 2012,1011 2169,1073 2238,1016 2526,1085 2649,1007 2801,990 2798,928 2705,960 2361,943 2265,978 2105,926 1972,999 1844,978 1748,1010"/>
                <Baseline points="1758,1059 1809,1047 1861,1035 1913,1026 1965,1020 2016,1013 2068,1008 2120,1004 2172,1002 2223,1000 2275,999 2327,998 2379,997 2430,996 2482,996 2534,996 2586,995 2637,993 2689,992 2741,990 2793,986"/>
                <TextEquiv>
                    <Unicode>Wetteren Rludi klchher zwëg brodt</Unicode>
                </TextEquiv>
            </TextLine>
            <TextLine id="r3l5" custom="readingOrder {index:2;}">
                <Coords points="1782,1178 1812,1151 1846,1139 1916,1136 1947,1114 1989,1099 1981,1060 1958,1059 1918,1092 1871,1101 1845,1097 1798,1115 1768,1106"/>
                <Baseline points="1781,1139 1806,1134 1831,1129 1856,1123 1881,1117 1906,1112 1931,1107 1956,1106 1982,1103"/>
                <TextEquiv>
                    <Unicode>genomen.</Unicode>
                </TextEquiv>
            </TextLine>
            <TextLine id="r3l6" custom="readingOrder {index:3;} place {offset:13; length:8;}">
                <Coords points="1701,1314 1821,1264 2008,1278 2050,1235 2110,1277 2415,1204 2565,1242 2646,1201 2815,1211 2809,1115 2447,1151 2323,1107 2132,1141 2055,1116 1935,1190 1758,1169 1695,1215"/>
                <Baseline points="1706,1277 1761,1263 1816,1251 1871,1242 1926,1233 1981,1225 2036,1220 2091,1217 2146,1212 2201,1210 2256,1208 2311,1206 2366,1205 2421,1204 2476,1203 2531,1202 2586,1200 2641,1197 2696,1194 2751,1191 2807,1187"/>
                <TextEquiv>
                    <Unicode>yhenassen zu Schorren zwey brodt</Unicode>
                </TextEquiv>
            </TextLine>
            <TextLine id="r3l7" custom="readingOrder {index:4;}">
                <Coords points="1793,1373 1882,1330 1968,1330 2001,1354 2123,1299 2381,1330 2436,1293 2430,1208 2201,1276 2032,1270 1950,1291 1892,1258 1847,1286 1785,1270"/>
                <Baseline points="1797,1335 1828,1331 1860,1326 1891,1322 1923,1319 1955,1314 1986,1311 2018,1308 2049,1307 2081,1304 2113,1301 2144,1298 2176,1298 2207,1295 2239,1293 2271,1292 2302,1292 2334,1290 2365,1289 2397,1289 2429,1289"/>
                <TextEquiv>
                    <Unicode>vs dem ofen ertwendt.</Unicode>
                </TextEquiv>
            </TextLine>
            <TextLine id="r3l8" custom="readingOrder {index:5;} place {offset:14; length:6;}">
                <Coords points="1700,1487 1965,1431 2047,1477 2097,1424 2177,1414 2339,1465 2514,1405 2737,1418 2733,1350 2615,1385 2397,1360 2302,1387 2036,1334 1790,1356 1696,1406"/>
                <Baseline points="1706,1472 1757,1458 1808,1448 1859,1440 1910,1431 1961,1426 2012,1421 2064,1418 2115,1415 2166,1413 2217,1412 2268,1412 2319,1412 2370,1412 2422,1410 2473,1410 2524,1409 2575,1407 2626,1406 2677,1403 2729,1398"/>
                <TextEquiv>
                    <Unicode> dem Wirth zu Wangen hage er mit</Unicode>
                </TextEquiv>
            </TextLine>
            <TextLine id="r3l9" custom="readingOrder {index:6;}">
                <Coords points="1760,1599 1881,1526 1980,1588 2045,1526 2199,1502 2338,1553 2482,1505 2644,1560 2785,1522 2783,1438 2675,1448 2615,1412 2405,1469 2309,1467 2246,1418 2047,1478 1837,1450 1758,1476"/>
                <Baseline points="1766,1535 1816,1527 1867,1522 1917,1515 1968,1511 2019,1507 2069,1505 2120,1503 2170,1502 2221,1502 2272,1500 2322,1502 2373,1502 2423,1502 2474,1503 2525,1503 2575,1505 2626,1505 2676,1506 2727,1506 2778,1506"/>
                <TextEquiv>
                    <Unicode>zuthun obgemelt, für 4 batzen wyß.</Unicode>
                </TextEquiv>
            </TextLine>
            <TextLine id="r3l10" custom="readingOrder {index:7;}">
                <Coords points="1729,1636 1855,1634 1884,1610 1986,1655 2026,1624 2215,1620 2208,1501 2118,1569 2023,1580 2003,1566 1980,1586 1884,1527 1783,1601 1727,1607"/>
                <Baseline points="1736,1634 1762,1629 1788,1625 1814,1620 1840,1617 1866,1614 1893,1611 1919,1610 1945,1608 1971,1607 1997,1606 2023,1605 2050,1605 2076,1605 2102,1604 2128,1604 2154,1602 2180,1602 2207,1601"/>
                <TextEquiv>
                    <Unicode>brodt entzwackt,</Unicode>
                </TextEquiv>
            </TextLine>
            <TextLine id="line_1675149006121_125" custom="readingOrder {index:8;}">
                <Coords points="1667,1680 1728,1635 1887,1612 2388,1608 2745,1645 2745,1719 2613,1757 2168,1781 1729,1785 1665,1730"/>
                <Baseline points="1665,1725 1728,1728 1736,1737 1786,1733 1836,1728 1886,1725 1936,1723 1986,1721 2036,1721 2086,1721 2136,1722 2186,1722 2237,1724 2287,1725 2337,1725 2387,1727 2437,1727 2487,1727 2537,1727 2587,1726 2637,1724 2687,1721 2738,1716"/>
                <TextEquiv>
                    <Unicode>Geerners mit hilff eines anderen synes</Unicode>
                </TextEquiv>
            </TextLine>
            <TextLine id="r3l12" custom="readingOrder {index:9;} person {offset:10; length:5;}">
                <Coords points="1741,1826 2071,1805 2265,1839 2394,1804 2718,1839 2799,1809 2762,1739 2670,1772 2444,1729 2373,1782 2169,1780 2091,1732 2048,1774 1991,1730 1943,1767 1741,1782"/>
                <Baseline points="1748,1815 1800,1813 1852,1812 1904,1809 1956,1808 2009,1806 2061,1806 2113,1805 2165,1805 2217,1805 2270,1803 2322,1803 2374,1803 2426,1803 2478,1803 2531,1803 2583,1803 2635,1803 2687,1803 2739,1803 2792,1802"/>
                <TextEquiv>
                    <Unicode>consorten Veter genant, habe ein roths</Unicode>
                </TextEquiv>
            </TextLine>
            <TextLine id="r3l13" custom="readingOrder {index:10;}">
                <Coords points="1703,1910 1876,1878 2041,1939 2156,1883 2418,1905 2603,1872 2785,1911 2783,1837 2722,1854 2642,1808 2418,1855 2233,1816 2172,1861 2070,1806 2020,1843 1798,1817 1702,1848"/>
                <Baseline points="1709,1895 1762,1892 1815,1890 1869,1887 1922,1885 1976,1883 2029,1883 2082,1881 2136,1880 2189,1880 2243,1878 2296,1878 2349,1878 2403,1877 2456,1877 2510,1877 2563,1876 2616,1875 2670,1875 2723,1874 2777,1874"/>
                <TextEquiv>
                    <Unicode>Burtlin, Schwaetz wamsell vnd wyß</Unicode>
                </TextEquiv>
            </TextLine>
            <TextLine id="r3l14" custom="readingOrder {index:11;} place {offset:34; length:4;}">
                <Coords points="1721,2010 1814,1966 2083,2027 2247,1956 2381,1997 2563,1957 2687,2012 2802,1961 2801,1922 2480,1876 2252,1930 1720,1919"/>
                <Baseline points="1727,1964 1780,1962 1833,1962 1887,1961 1940,1961 1994,1959 2047,1958 2100,1958 2154,1956 2207,1955 2261,1955 2314,1953 2367,1953 2421,1953 2474,1952 2528,1952 2581,1952 2634,1952 2688,1953 2741,1953 2795,1955"/>
                <TextEquiv>
                    <Unicode>hosfen. heigent sy dem stürsts zu Bümp</Unicode>
                </TextEquiv>
            </TextLine>
            <TextLine id="r3l15" custom="readingOrder {index:12;}">
                <Coords points="1726,2063 1936,2059 1995,2106 2048,2065 2132,2083 2250,2042 2387,2083 2551,2029 2727,2067 2746,2014 2490,1964 2420,2018 2337,1977 2238,2015 2194,1976 2084,2027 1964,2026 1813,1966 1725,2005"/>
                <Baseline points="1733,2049 1783,2049 1833,2048 1883,2046 1934,2046 1984,2045 2034,2043 2085,2042 2135,2040 2185,2040 2236,2039 2286,2037 2336,2037 2386,2037 2437,2037 2487,2039 2537,2040 2588,2041 2638,2044 2688,2046 2739,2051"/>
                <TextEquiv>
                    <Unicode>litz znem gewessnen Neystes vier</Unicode>
                </TextEquiv>
            </TextLine>
            <TextLine id="r3l16" custom="readingOrder {index:13;} place {offset:27; length:7;}">
                <Coords points="1699,2160 1755,2196 1819,2140 2038,2132 2144,2166 2361,2137 2412,2172 2471,2143 2714,2180 2752,2114 2592,2060 2332,2108 2188,2054 1993,2107 1944,2061 1700,2092"/>
                <Baseline points="1706,2133 1760,2135 1815,2135 1870,2135 1924,2135 1979,2135 2034,2133 2088,2133 2143,2133 2198,2132 2252,2132 2307,2132 2362,2133 2416,2134 2471,2136 2526,2138 2580,2141 2635,2145 2690,2150 2745,2156"/>
                <TextEquiv>
                    <Unicode>wyber töck gestolen und zu keyburg</Unicode>
                </TextEquiv>
            </TextLine>
            <TextLine id="r3l17" custom="readingOrder {index:14;}">
                <Coords points="1735,2231 1856,2233 1912,2277 1997,2226 2097,2253 2220,2221 2460,2297 2637,2280 2638,2177 2515,2148 2246,2197 2126,2185 2059,2139 1931,2190 1883,2163 1807,2200 1735,2190"/>
                <Baseline points="1742,2223 1786,2223 1830,2223 1875,2223 1919,2223 1964,2223 2008,2223 2052,2222 2097,2222 2141,2222 2186,2222 2230,2223 2274,2223 2319,2223 2363,2225 2408,2225 2452,2226 2496,2228 2541,2230 2585,2232 2630,2234"/>
                <TextEquiv>
                    <Unicode>vns dechs keonen vbekhaufft</Unicode>
                </TextEquiv>
            </TextLine>
            <TextLine id="r3l18" custom="readingOrder {index:15;} place {offset:29; length:5;}">
                <Coords points="1667,2365 1756,2420 1828,2395 1888,2424 1961,2379 2176,2430 2311,2378 2410,2425 2467,2383 2530,2423 2681,2382 2755,2419 2758,2352 2263,2266 2166,2323 2029,2333 1925,2274 1870,2307 1808,2256 1670,2268"/>
                <Baseline points="1674,2339 1727,2343 1781,2345 1835,2348 1889,2351 1943,2352 1996,2353 2050,2354 2104,2355 2158,2355 2212,2357 2265,2358 2319,2360 2373,2361 2427,2363 2481,2365 2534,2367 2588,2370 2642,2375 2696,2381 2750,2387"/>
                <TextEquiv>
                    <Unicode>Sosye sy auch dem wreybel zu Shump</Unicode>
                </TextEquiv>
            </TextLine>
            <TextLine id="r3l19" custom="readingOrder {index:16;}">
                <Coords points="1705,2433 2029,2489 2170,2470 2257,2508 2350,2451 2461,2447 2567,2510 2618,2464 2694,2468 2696,2375 2582,2436 2477,2389 2411,2426 2213,2401 2175,2430 2048,2394 1843,2425 1707,2385"/>
                <Baseline points="1712,2429 1760,2433 1809,2439 1858,2442 1907,2444 1955,2447 2004,2448 2053,2450 2102,2451 2150,2453 2199,2453 2248,2454 2297,2454 2345,2454 2394,2456 2443,2456 2492,2456 2540,2456 2589,2457 2638,2458 2687,2459"/>
                <TextEquiv>
                    <Unicode>litz in sein Soych brochen daruß</Unicode>
                </TextEquiv>
            </TextLine>
            <TextLine id="r3l20" custom="readingOrder {index:17;}">
                <Coords points="1715,2548 1771,2518 1819,2549 2010,2530 2195,2578 2358,2541 2483,2581 2676,2536 2524,2476 2439,2524 2334,2471 2261,2515 2170,2470 2116,2496 2082,2466 2025,2497 1974,2463 1791,2495 1719,2475"/>
                <Baseline points="1724,2514 1771,2518 1818,2522 1865,2525 1912,2529 1959,2531 2006,2533 2054,2534 2101,2536 2148,2537 2195,2539 2242,2541 2289,2542 2336,2543 2384,2544 2431,2547 2478,2549 2525,2551 2572,2555 2619,2558 2667,2561"/>
                <TextEquiv>
                    <Unicode>4. Wyber Pöck vnd vier leiben</Unicode>
                </TextEquiv>
            </TextLine>
            <TextLine id="r3l21" custom="readingOrder {index:18;} place {offset:21; length:7;}">
                <Coords points="1700,2600 2061,2627 2152,2671 2299,2619 2382,2658 2694,2669 2696,2608 2477,2608 2400,2566 2206,2589 2151,2560 2090,2594 1997,2540 1875,2595 1780,2537 1702,2556"/>
                <Baseline points="1707,2601 1756,2606 1805,2609 1854,2612 1903,2615 1952,2618 2001,2620 2050,2623 2099,2625 2148,2627 2197,2630 2246,2631 2295,2633 2344,2635 2393,2636 2442,2639 2491,2640 2540,2642 2589,2644 2638,2645 2688,2648"/>
                <TextEquiv>
                    <Unicode>brode entwent vnd zu Murtten</Unicode>
                </TextEquiv>
            </TextLine>
            <TextLine id="r3l22" custom="readingOrder {index:19;}">
                <Coords points="1680,2686 1762,2726 1776,2718 1819,2765 1870,2720 1924,2743 1980,2711 2031,2733 2037,2634 1996,2623 1930,2649 1908,2627 1857,2624 1784,2666 1717,2645 1683,2649"/>
                <Baseline points="1686,2699 1712,2700 1738,2701 1764,2703 1790,2705 1816,2706 1842,2708 1868,2710 1894,2712 1920,2713 1946,2715 1972,2717 1998,2718 2025,2720"/>
                <TextEquiv>
                    <Unicode>verkhaufft.</Unicode>
                </TextEquiv>
            </TextLine>
            <TextLine id="r3l23" custom="readingOrder {index:20;}">
                <Coords points="1648,2799 2085,2843 2110,2873 2166,2850 2250,2916 2362,2859 2570,2915 2704,2881 2709,2829 2624,2845 2528,2789 2405,2817 2294,2762 2024,2786 1974,2738 1894,2738 1820,2792 1746,2734 1654,2725"/>
                <Baseline points="1655,2796 1707,2801 1759,2806 1811,2810 1863,2816 1915,2820 1967,2825 2019,2829 2071,2834 2123,2838 2175,2844 2227,2847 2279,2852 2331,2856 2383,2861 2435,2865 2487,2870 2539,2875 2591,2879 2643,2884 2696,2889"/>
                <TextEquiv>
                    <Unicode>d dem kläber daselbst habent sy zwo</Unicode>
                </TextEquiv>
            </TextLine>
            <TextLine id="r3l24" custom="readingOrder {index:21;}">
                <Coords points="1676,2867 1877,2910 1961,2974 2116,2941 2403,2984 2473,2952 2585,2985 2713,2966 2720,2885 2548,2926 2364,2859 2282,2901 2161,2857 2063,2888 2012,2841 1897,2878 1681,2813"/>
                <Baseline points="1682,2873 1733,2880 1784,2885 1835,2891 1886,2897 1937,2903 1988,2908 2040,2913 2091,2918 2142,2922 2193,2928 2244,2933 2295,2937 2346,2941 2398,2946 2449,2950 2500,2954 2551,2957 2602,2962 2653,2966 2705,2970"/>
                <TextEquiv>
                    <Unicode>Wollen eystin thuch ertfrömbdet und</Unicode>
                </TextEquiv>
            </TextLine>
            <TextLine id="r3l25" custom="readingOrder {index:22;}">
                <Coords points="1688,2976 1746,2971 1812,3023 1916,2989 2018,3053 2115,3004 2223,3053 2349,3020 2675,3081 2682,3014 2495,2958 2395,2991 2115,2943 1974,2974 1886,2914 1813,2951 1699,2877"/>
                <Baseline points="1697,2964 1745,2968 1794,2972 1842,2976 1891,2981 1940,2985 1988,2990 2037,2995 2085,3000 2134,3005 2183,3010 2231,3016 2280,3021 2328,3026 2377,3033 2426,3038 2474,3044 2523,3050 2571,3056 2620,3062 2669,3069"/>
                <TextEquiv>
                    <Unicode>sein gsell deselben umb 6 f ver</Unicode>
                </TextEquiv>
            </TextLine>
            <TextLine id="r3l26" custom="readingOrder {index:23;}">
                <Coords points="1678,3113 1692,3115 1759,3073 1811,3080 1823,3073 1833,3077 1856,3060 1885,3058 1890,3004 1873,3008 1860,3000 1839,3017 1810,3023 1780,2991 1743,2970 1697,2973"/>
                <Baseline points="1694,3048 1719,3052 1745,3055 1771,3057 1797,3061 1823,3065 1849,3069 1875,3074"/>
                <TextEquiv>
                    <Unicode>Fuufft</Unicode>
                </TextEquiv>
            </TextLine>
            <TextLine id="r3l27" custom="readingOrder {index:24;} place {offset:30; length:4; continued:true;}">
                <Coords points="1642,3174 1795,3219 1900,3182 2148,3210 2357,3297 2436,3253 2493,3292 2589,3255 2726,3300 2730,3247 2537,3147 2371,3130 2173,3182 2107,3153 2009,3177 1921,3101 1649,3104"/>
                <Baseline points="1650,3162 1703,3168 1757,3174 1810,3179 1864,3183 1917,3189 1971,3193 2024,3198 2078,3203 2131,3208 2185,3212 2239,3218 2292,3223 2346,3228 2399,3235 2453,3241 2506,3247 2560,3254 2613,3261 2667,3269 2721,3278"/>
                <TextEquiv>
                    <Unicode>. Sihent sy auch dem Spani zu Gum-</Unicode>
                </TextEquiv>
            </TextLine>
            <TextLine id="r3l28" custom="readingOrder {index:25;} place {offset:0; length:4; continued:true;}">
                <Coords points="1665,3242 1741,3281 2032,3291 2120,3366 2210,3313 2701,3375 2708,3305 2592,3261 2419,3306 2039,3216 1885,3254 1673,3163"/>
                <Baseline points="1673,3237 1724,3247 1775,3256 1826,3264 1877,3273 1928,3278 1979,3285 2031,3290 2082,3296 2133,3301 2184,3306 2235,3309 2286,3314 2337,3319 2389,3323 2440,3327 2491,3332 2542,3337 2593,3343 2644,3349 2696,3356"/>
                <TextEquiv>
                    <Unicode>litt in feller brochen, daruß funff</Unicode>
                </TextEquiv>
            </TextLine>
            <TextLine id="r3l29" custom="readingOrder {index:26;} place {offset:28; length:7;}">
                <Coords points="1665,3406 2004,3380 2050,3424 2170,3396 2386,3476 2445,3433 2574,3424 2716,3470 2705,3382 2628,3396 2406,3328 2123,3368 1953,3290 1758,3327 1676,3272"/>
                <Baseline points="1677,3345 1728,3352 1780,3359 1832,3365 1883,3370 1935,3376 1987,3380 2038,3384 2090,3387 2142,3390 2194,3394 2245,3398 2297,3401 2349,3404 2400,3408 2452,3411 2504,3416 2555,3421 2607,3426 2659,3432 2711,3438"/>
                <TextEquiv>
                    <Unicode>Zgerstöcklin genomen vnd zu Marttln</Unicode>
                </TextEquiv>
            </TextLine>
            <TextLine id="r3l30" custom="readingOrder {index:27;}">
                <Coords points="1687,3461 1803,3464 1897,3539 2128,3496 2239,3556 2339,3562 2461,3520 2544,3551 2520,3489 2428,3456 2377,3477 2239,3413 2176,3441 2022,3396 1932,3449 1847,3393 1787,3428 1691,3419"/>
                <Baseline points="1695,3447 1737,3453 1779,3459 1821,3462 1863,3467 1905,3472 1947,3475 1990,3478 2032,3481 2074,3484 2116,3488 2158,3490 2200,3494 2242,3497 2285,3500 2327,3504 2369,3508 2411,3514 2453,3519 2495,3526 2538,3533"/>
                <TextEquiv>
                    <Unicode>vmb deyfftig batze hingeben.</Unicode>
                </TextEquiv>
            </TextLine>
            <TextEquiv>
                <Unicode>1. Gythers habe er moch zu Gemitz hurm&#13;
Wetteren Rludi klchher zwëg brodt&#13;
genomen.&#13;
yhenassen zu Schorren zwey brodt&#13;
vs dem ofen ertwendt.&#13;
 dem Wirth zu Wangen hage er mit&#13;
zuthun obgemelt, für 4 batzen wyß.&#13;
brodt entzwackt,&#13;
Geerners mit hilff eines anderen synes&#13;
consorten Veter genant, habe ein roths&#13;
Burtlin, Schwaetz wamsell vnd wyß&#13;
hosfen. heigent sy dem stürsts zu Bümp&#13;
litz znem gewessnen Neystes vier&#13;
wyber töck gestolen und zu keyburg&#13;
vns dechs keonen vbekhaufft&#13;
Sosye sy auch dem wreybel zu Shump&#13;
litz in sein Soych brochen daruß&#13;
4. Wyber Pöck vnd vier leiben&#13;
brode entwent vnd zu Murtten&#13;
verkhaufft.&#13;
d dem kläber daselbst habent sy zwo&#13;
Wollen eystin thuch ertfrömbdet und&#13;
sein gsell deselben umb 6 f ver&#13;
Fuufft&#13;
. Sihent sy auch dem Spani zu Gum-&#13;
litt in feller brochen, daruß funff&#13;
Zgerstöcklin genomen vnd zu Marttln&#13;
vmb deyfftig batze hingeben.</Unicode>
            </TextEquiv>
        </TextRegion>
    </Page>
</PcGts>
