3024 4032
607 506 1538 762 Item belehendt er witers das
594 620 1517 817 einzig zu Walperswyll zurz
573 717 1535 944 der grossen bheürung, so ungeheen
580 781 1530 991 Ao 1627 oder 28 gewesen aus in
578 892 1532 1098 Keller zwen leib brath genommen
597 979 1538 1222 Sannethin hab er selbs ander me
597 1109 1535 1290 bey nocht zu Wolpers wyll geen
571 1194 1527 1356 solches daselbsten in seinem gug
594 1287 1541 1466 verbrucht und mit ein andren st
592 1392 1533 1638 Berners hab er in gleiche, ob arhe
600 1537 1518 1695 zeit an gesagtene ohrt ein Ui
609 1636 1501 1780 Behrlin, entzig genomen, alle
590 1710 1259 1860 auch selbis gnossen,
574 1833 1529 1997 Über diß habe er aber zuwilen
601 1961 1521 2091 Perswyll uß Jacob Sehybler
571 2039 1520 2146 Keller zu underschidlichen
577 2123 1513 2252 mahlen brath so woll zwo¬
544 2211 1512 2324 Becheheten antreffen sambt ei
579 2287 1511 2423 Kübell mit anckhen genomen.
559 2404 1530 2542 Weiters nach demme er in sschi
564 2495 1513 2629 Eetsten wändtnerischen zug sich und
554 2566 1517 2719 Pr Andreas von Banbettens Cons
522 2647 1527 2793 me under halten lassen, alls mt
573 2718 1520 2867 er endtlich auch wider unsgrissen
566 2793 1517 2983 habe er mit hulff zweyen andere
570 2860 1511 3065 seinen anthelffern einem pfurr
564 2961 1507 3146 in gedachten Pundtnerischen landen
543 3025 1492 3268 ingebrocht und ungefahr bey 160
571 3134 1483 3323 endtarendt, er aber sey dorüber
576 3206 1485 3422 ergriffen, dergestalten das di
572 3279 1515 3546 thart dardurch offenbahr worden.
567 3372 1505 3612 sy dem phauren sein gelt wider
567 3474 1342 3674 müssen, doch nit alles
2498 285 2643 397 105.
1563 377 2495 796 zeeet
1568 465 2586 876 neni
1604 588 2620 905 geen hen ee
1590 678 2616 988 n en gerehaet
1605 790 2577 1048 noth, ein leib brath gescherickht,
1600 853 2616 1122 se Im noch darzu zwen endtwendt,
1579 1072 1956 1242 ugerom.
1584 1115 2679 1345 Item zu der zeit alles die schantz alhier
1574 1184 2598 1410 sey angefangen worden, habe er zu
1581 1325 2650 1485 offtringen bey nocht entzign auß ein
1587 1412 2726 1565 unbekhandten haus 4 brat genomen.
1571 1541 2674 1718 Pemethen belehendt er auch das er mit
1608 1634 2698 1793 halff Hanss Jägi im saget 16 bratt
1618 1720 2559 1854 gonen, die sie mit ein anderen
1628 1811 2641 1954 glich uff getheilt und er sein theil
1609 1905 2179 2035 verbrcht und gnossen,
1579 2032 2572 2203 Endtlich hab er zu Wyggen vß
1588 2147 2691 2266 einen Keller einzig 4 bratt endt¬
1587 2221 2696 2356 frömbdet, sambt einer maß Anckhen
1588 2295 2724 2450 hatt sonst witers nehts bekehandt
1582 2404 2721 2551 Ist zwey mahl lehr und einmahl mit
1563 2489 2758 2638 dem kleinen stein gterkht worden.
1588 2580 2786 2763 s erkhandtnuß meiner a eso der shärten
1583 2701 2784 2855 Ist dier Rudolff Sehyblin frytags den
1597 2775 2763 2930 18 auguistii mit rüthen usgehauwen mit
1593 2839 2731 3004 dem B. gezeehnet und mit den eids von
1594 2933 2661 3060 statt und landt verwysen worden.
