3024 4032
759 813 1586 1035 khoffer) wusse an einem ohne
757 945 1593 1088 reuerenter) etliche schwyn
724 999 1606 1148 wan er gnägen ime darzu helffen
718 1085 1593 1236 wollte, sie bey der nacht zu nemmen,
766 1143 1624 1316 und hinwegs zutreiben, uß welchen
759 1220 1611 1373 sie woll ein chan gelt erlësend
765 1283 1606 1438 khändten, Disen gantz leicht,
766 1370 1616 1518 fertig verfürischen und rauberische
784 1451 1601 1585 anschlag er sich (leider angente
745 1552 1615 1663 hab gefallen lassen und seyens
749 1618 1603 1729 drüber hin sie beid, sambt dem
737 1695 1585 1831 knaben nach zweÿen stunden
749 1787 1603 1919 nachts, mit einanderen dadanen
761 1868 1612 1993 nach angezognem Erzkhoffen gegangen
721 1944 1604 2081 Alle sie dahin khomen, haben sie
729 2030 1604 2146 die gesagten Sehwyn (welche
747 2105 1608 2242 sie uff dem weld bey einer eh
745 2182 1609 2311 en angetroffen) ihrer genommen
741 2243 1615 2390 abred nach allis bald uff gestüt
739 2349 1605 2492 und hinweg uff Geterkhinden
702 2427 1600 2583 wo er gnägi Heirem knaber un
748 2500 1609 2654 dmt und dadanen fürters na
730 2571 1603 2751 Golothurn getriben, das sie
741 2653 1594 2831 etliche derselben (wie Ime für
751 2733 1608 2922 gehalten)) uß den sställen ge
740 2801 1605 2990 nommen, wolte er nehts von Wüs
740 2919 1294 3100 gehlng uen.
719 2965 1594 3230 Betrffendt aber die snt
727 3063 1610 3303 obligation brauchte er Gnagi gl
739 3132 1583 3377 fahls underschidenlich und gant
707 3192 1591 3454 glefeg  d
711 3246 1612 3535 eet en gee ade
687 3351 1612 3658 e des ege ud
726 3455 1590 3720 dn e begli
2455 605 2578 695 134
1676 714 2450 961 le egeseffe
1662 788 2580 1055 s dien dars h
1677 868 2660 1106 in dieselbige selbst necht verfertig.
1662 976 2663 1198 der schreiben geseehen, allso daß er
1672 1037 2660 1268 nicht eigendtlich wüssen möge, durch
1653 1116 2637 1349 welchen under den beiden in anzagner
1679 1228 2521 1406 eligation ingeleibten gezeügen
1672 1301 2612 1483 minns mt Jacob Burekhardt und
1672 1383 2645 1571 Victor Meyer beid Gurger zu Altten
1691 1440 2721 1634 allwo sie auch uffgerichtet) dieselbige
1677 1566 2559 1742 syn geschriben worden, wiewoll
1671 1623 2638 1814 solches von dem eindten gantz ge¬
1670 1725 2602 1918 uß bescheehen, allein wüsse er
1674 1820 2609 1953 sie namens halber mehl zu under
1689 1883 2651 2033 heiden, zu mehrerem Bericht aber
1689 1973 2658 2108 ye der so sie geschriben ein sehul
1672 2060 2626 2181 meister und wohne aller nächst
1676 2138 2635 2256 bey der Grüggten daselbsten zu
1684 2215 2668 2315 elen und so vill ist daß
1684 2285 2622 2416 er gnägi nach dem er einmahl
1678 2363 2633 2462 ledig, einmahl mat dem kleinen
1666 2432 2619 2550 stein uffgezogen und hernoch
1669 2516 2667 2642 mit rharpfer betröüwung verne¬
1673 2596 2703 2707 der maater bekhandtlich worden.
1664 2664 2739 2807 Allo nin disere sein gnäges bekhandtnuß
1679 2772 2706 2898 Montags den 12. martii meinen gnädigen
1685 2854 2672 2978 herren und oberen in gesessnem rhatt
1683 2912 2715 3065 vorgelesen worden, habendt dieselbigen
1670 2983 2639 3146 erkhendt, das er gnagi drey monatt
1693 3041 2652 3189 lang, in deroselben zuehthauß des
1702 3135 2614 3281 Gehallen werckhs ingefässlett und
1695 3195 2694 3377 endthalten worden noch vrfliessung
1700 3274 2711 3430 aber derselben uff abtrag alles diß
1699 3345 2696 3491 fahls mit ime uffgeleffnen costens
1702 3406 2703 3585 widerumb uff wreyen fnoß gesteltt,
1708 3482 2706 3646 und ledig gelassen werden solle ec
