3024 4032
614 717 1663 1003 55. otb zu Brnntzikhoffen uß stichi
785 857 1626 1032 hauß an halben leib brott und
792 899 1651 1108 2 pfundt köß endt frambder wi
771 999 1643 1185 auch zu Bumpplitz uß einem hau
766 1077 1637 1244 ein halben leib bratt und 2 lb zign
730 1158 1643 1318 genomen und endt frembder gnosse
610 1242 1608 1397 87 Deßgleichen zu Lmphach dß eines
752 1327 1614 1485 phuren Hanß ein stueken sehrs
754 1401 1631 1541 kindtfleisch und ein stuelch brott ges
759 1506 963 1575 nomen.
670 1572 1639 1759 Weither zu Zylenbach Hans Wye
758 1684 1608 1805 4 ell zwillehen, darauß er ein
731 1756 1615 1885 wansell mochen lassen, genomen
760 1849 1616 1957 denne zu Bixp habe er ein meit
737 1930 1576 2038 sämbdt genommen und an sein leib
736 2002 1602 2115 gelegt. Wy ingleichen zu Herren
716 2074 1613 2177 Hansen uß eines burenhauß i
732 2156 1595 2274 leib brat endt zworkeht und zu
719 2234 1474 2349 Nyder auß 1 pfundt ziger
751 2298 1560 2429 Verner zu Ober Galdburg uff
713 2394 1585 2502 einem hoff ein bahr zwilch hosen
715 2451 1609 2572 genomen, selbige deß mangell an sein
716 2523 1593 2644 leib gelegt. Zu Hindellkaner
706 2587 1593 2716 wirtshauß ein halben leib brott
713 2654 1600 2784 So vill brat auch zu Oberburg sein
716 2740 1474 2877 2 lb khäß endtfrombdet.
712 2817 1588 2994 zu Wattenwyll uß einem Hanß
717 2883 1583 3047 gnfahr 2 pfundt Ryndtfleisch genom
533 2938 1568 3141 65 und verbrueht, In eirund dorff i
662 3009 1585 3196 weit von der Pappermüli uß m
673 3089 1577 3291 Hanß ungefahr den 3. theill von eine
702 3151 1564 3338 weib brött. Zu Nyder syndeich in
703 3185 1580 3415 tuekh ziger oberhalb Enberg
682 3254 1588 3493 einem hrauß ein neüwem eyehinhürt
657 3350 1552 3603 Ber frauwen Cappelen uß einem
743 3439 970 3520 gewomen
678 3386 1551 3646 vnd e e
665 3451 1558 3724 n ee m
666 3530 1550 3796 a ee d
654 3572 1547 3894 s den a
617 919 693 996 56
585 1594 649 1672 58
590 1858 675 1938 59
587 2006 699 2113 60
582 2317 645 2404 61
561 2546 655 2641 62
554 2718 630 2815 63
553 2863 643 2976 64
520 3490 646 3615 66.
2610 645 2710 725 132
1709 701 2752 944 Penthalb wohlen dem Dorff, an einem
1714 821 2608 1032 hatt ein halben leib brat und ein
1703 839 2745 1079 vierling früschen anelehen, wie zugleich
1682 942 2746 1143 zu uffwyll  ell lynigsthueh uon der
1694 1014 2763 1223 elben ab dem berth und ein strangen
1711 1124 2689 1288 aden, (doruß er ein leiblin machen
1709 1227 2242 1358 lassen) endttragen.
1677 1286 2626 1438 zu Giberist im wuhrttshauß ei
1680 1325 2641 1525 halben leib bratt uß dem Kässi
1680 1412 2696 1590 eimn stuckh fleis genomen. dergleichen
1689 1488 2719 1633 er auch zu Ober alistorff ein halben
1688 1569 2752 1721 leib brat und etwas zigers endtwendt.
1648 1670 2715 1829 Vff einem Hoff zu Haßwell ein zyger
1643 1748 2618 1885 dß dem ranch Zu Stampenriedt
1691 1837 2686 1952 in leib bratt und auch etwas wenig
1663 1915 2610 2060 zigers. Item uff dem gantzenberg
1672 2002 2624 2138 in stückh Khuß. unfehr davon zu
1666 2099 2671 2195 Hirsbrunnen uß einem hauß ungefahr
1667 2171 2647 2266 3l ziger auch uß dem rauch endt,
1672 2222 1929 2296 frömbder.
1656 2290 2568 2440 I an einem ime namens halber
1685 2392 2634 2508 unbekhandten ohrod ein phar sehn,
1672 2480 2674 2578 und zu Sschläüenen uß einem Hans
1675 2533 2692 2678 stwoß zigers, wie zugleich aben führ
1673 2605 2680 2725 süchsi in einem Hanß ein leib brott
1667 2693 2591 2805 ob dem tisch, aber ab einem Tisch
1654 2758 2676 2877 zu Mooßaliedorff, ein halben leib
1648 2844 2704 2963 brotd, habe er erzwackht und endt-
1648 2900 2693 3029 tragen, darzu nach zu Gellach Pf
1655 2998 2698 3127 einem hauß den vierten theill eines
1648 3054 2047 3157 gantzen brats.
1673 3142 2659 3309 Vff disere sein des genandten Redolph Hatten,
1654 3205 2622 3352 bergs bieuor geschribnn vilfaltige diebställ
1644 3258 2705 3412 Ist derselbige von meinen 4 herren und oberen
1641 3333 2685 3469 In dero zuechthauß des Sehallenwerchs biß uff
1647 3380 2628 3535 she 1. begnädigung unzufässlen, erkhendt
1873 3487 2187 3558 worden
1623 3474 2634 3666 Ist den 7. aprilis anno 1638 nit sampt der
1641 3572 2625 3755 herren vnd Rußbandt, in diebsteyb eßge¬
1648 3649 2694 3842 eissen, wert ihme sein woluerdienter lohn worden
1737 3739 2422 3883 sc were erhangen bliben.
