3024 4032
488 355 1517 649 nethwen digsein erachtet, das die bezerten
473 454 1499 723 Ihr beider Vitters vnnd Sohns zurhan
477 588 1515 807 genomen werde. habens derowegst
512 671 1517 961 hnden arenshen
469 790 1508 983 ohne ihr gheyß emeches wort zereden
502 923 1506 1095 vermant, vnd den Shnmitt verbunden
507 1002 1505 1183 augl herfur bringt lassen, derselben
472 1109 1509 1301 seines vateres gegenwart befragt,
493 1200 1502 1389 er der knklig die er zu Gun
471 1316 1489 1501 wider Inen vattrr geschuert nochmen
487 1421 1491 1594 gesteedig, und solche alls warhaff
499 1530 1490 1694 bestehtigen wolle. hatter gantz
508 1635 1489 1792 geentwortet Ja vorwelde dan
499 1734 1488 1912 sterben, vnd Gott sie es bekhandt, d
481 1845 1494 2002 er disere vnmerrschliche, abscheüchlich
483 1947 1485 2107 ehat (ob deren er inne selbs ergriffen
439 2058 1483 2210 obegangen habe, darvon wolle er nicht
459 2163 727 2291 abstihn.
448 2241 1476 2392 Alse vbordisers aufefrah
442 2371 1485 2530 uff disere sein bestah eigung ein hatb
453 2463 1481 2606 Ihme die ducht entbendt vnd vnen vette
403 2523 1462 2712 weder meg stehen lassen, welcher
437 2608 1481 2804 der Vatter scharpff zugeredt, indeß
428 2713 1461 2916 wese, das er Ihme Fur, diser fehen sich
433 2812 1469 3044 schantlich eerecht thüye und fer
409 2896 1473 3152 alich inklage, dann er die tag sndli
422 3029 1458 3232 mhe veheliche that von Ihme ih
418 3126 1459 3387 geseehen henge, das wolle er an
349 3204 1456 3452 merter vnd wo von rechen, Ende
391 3269 1460 3572 wyl khomen solte mit dem thei
408 3521 860 3681 bestähtigen.
416 3524 1447 3837 der behoaber behre ser
429 3600 1446 3938 ees he en
2607 298 2756 417 9.
1545 375 2705 676 Ihiglych dem hatere undergagtn, das er Ihme
1543 457 2744 742 bntrenckgeben, (so aber ein andere Ihme denbe¬
1531 535 2688 852 kandtperson zugerichtet haben) unnd sy neme
1550 635 2684 920 Watter geben habe) so gal, Jedach von wys
1566 719 2696 994 gerichtet gsin, nach welchem trunck Inne als
1542 806 2711 1083 uud M�rden brönnen, stülen, z Ja alles
1551 914 2662 1153 Als angefochten habe. er heige Imer auch
1541 1010 2675 1233 vm deß Jenigs mannen von sich gelassen, vnd
1540 1118 2661 1317 r erkhönne und möge sich zuermeren
1538 1193 2708 1402 buelch daruff er dann hinweg zogl.
1531 1260 2704 1542 Iher bösen gsellschafft khomen und also von
1529 1396 2633 1612 ger unt inn die andere gfallen ze.
1540 1556 2704 1719 zingegen aber verlaugnete der vatter da 1
1549 1647 2693 1803 vndandere, mit vermelden er Ihme die
1561 1740 2683 1917 wsnes lebens anders nicht, dan gute na¬
1562 1849 2743 1983 seiche tranck, wie en vatter olle, zu¬
1551 1914 2660 2099 tirten geben habe, er aber der Sohn
1549 2035 2679 2179 zeige grunden betten, wercken noch
1535 2127 2687 2283 Ihme vollgen wollen, sonder habe Ihme
1518 2227 2686 2401 vnd der gantzen nachparschafft zum
1564 2320 2774 2497 edrun vnd leid gethan, was er khömnen
1557 2426 2312 2604 un ihme zu see khonten tc.
1545 2526 2700 2731 Girum nich disere Confrontation der
1551 2684 2672 2854 altte Lpp wderumb Inn seinem Kasten
1548 2756 2686 2935 gsh�net ward, habent meine herren die
1554 2879 2668 3060 enaminatores, mit dem Jung Cuppenn
1550 2957 2747 3186 erstlich zureden angefangt, Inne mitt grundn
1542 3045 2667 3238 Ns Gottes wortt ermant, das er sinem
1538 3154 2745 3346 alten wolbetagten Vatter, Won dem
1536 3263 2715 3427 er nechst Gott sein leben habe, nicht vn¬
1521 3356 2687 3536 necht thun, Inne eines solchen grustlichen
1522 3440 2719 3654 besters vnschuldiger wyß anklagen,
1540 3556 2722 3775 ob ihme umb so vil zum Gondr werden,
1510 3611 2761 3883 suind vff send suffen, sonder das er nilmehr
