3024 4032
723 853 1768 1110 ig zu offtermahlen und an underschedenliche
829 971 1469 1102 milch genomen vnd genoße
694 1049 1752 1237 20 an einem ihme unbekhandten ohrt im oberlandti
826 1130 1758 1313 hilff eines frembden mey gerknaben desen ete
836 1193 1740 1363 daselbst vilvych uffkaufft so er auch helffe
821 1278 1743 1440 nacher Costanz tryben) ein halben käß uf den
827 1324 1449 1475 Käller entwenden helffen.
705 1418 1748 1609 2 zu Zutzickhen einer frauwen ein halb botgenn
690 1553 1729 1746 22 zu Heimhusen mit hilff obgedachten Hanßen
817 1662 1410 1781 uß der stuben entzwackt
697 1789 1720 1948 23 zu Rübingen dem schmid ein halt ros ysen u
826 1869 1409 2001 welches ihme ei betzen galten.
676 1994 1724 2133 24 zu Muli dorff dem wirt 2 maß wyn und fr
813 2067 1698 2214 2 batzen brott nemmen helffen, welcheß sy genßen
669 2181 1717 2335 28 zu Ramseren 11 leybl brodt, mit oh obgedache
805 2273 1699 2413 Hilff uferenem käller gnomen, so sy auch genste
666 2371 1707 2503 26 zu fatterkinden mit hilff 3 hauß kase
812 2464 1435 2562 einem gaden entfromldet.
694 2525 1703 2679 i zu krayligen uff einem flos chiff fischei
794 2612 1696 2753 erebß genommen, so sy zu Golokhurn umb 3
796 2699 1036 2823 verkaufft.
649 2744 1697 2938 28 zu Lutterkhofen der mülleren ein ancken
797 2869 1458 3019 und 1 brott entzuckt.
665 2928 1681 3150 9 zu Kützickhoffen 2 hurner ent zwackt
779 3000 1685 3211 mit hilff, so sy yedes umb e bathen verhausen
646 3113 1693 3331 30 zu meßen uf einem huener Hüßli b hurch
767 3178 1679 3404 gelffenstalen, selbigen einer frauwen zuse
768 3259 1672 3496 khoffen ordes umb 2 bazen verkaufft
763 3400 1463 3563 welche sy mehr heißen bringen.
637 3412 1651 3672 31 zu Greuchen bun bort uf dem Kaller geno
640 3489 1680 3791 ee
648 3565 1677 3908 33 en enenene
760 3658 1641 3936 enen e
720 3867 1206 4024 an betzin verbecht
2799 796 2921 919 160
1808 896 2836 1062 zu Gerolfingen uß Flupenhauß einstuck
2053 3063 2165 3075 Eubels vischer in
1831 982 2965 1122 gwyir fleisch ein magenwurst und ein halb brot
1808 1072 2042 1195 entzwackt
1798 1149 2348 1309 Iu Fieli sach 2 lb werck
2217 1194 2446 1305 daselbsten
1809 1259 2877 1411 uh deß wintzen hauß habe seyn gespan hanß uß dem
1818 1344 2877 1455 aller mit hiffanderer de er nit kheüw brott
1823 1413 2929 1514 gnommen und alß sy ihne mitt darvon geben wollen
1810 1469 2509 1594 ihne winzen solches sy angezeigt.
1785 1564 2602 1673 zu Riedin den 2 brott entzwackt
1795 1669 2867 1813 zu Bangerten 2 juppen einßen anderen seinen
1810 1755 2778 1892 gespanen auch haus genendt entfrombdet
1796 1842 2565 1983 zu Meßen 2 kronen gestolen
1783 1942 2824 2115 zu Mülchi unßeinem hauß an der falsnacht
1792 2042 2403 2168 forb vol küechli entwendet
1774 2136 2835 2290 zu Jegenst dorff 2 warme brott us dem bachofen
1791 2224 2006 2322 ent zwackt.
1771 2305 2824 2460 zu kleinen affalteren ein sack mit biren undt
1780 2399 2854 2574 pfel mit hilff genommen, so sy genoßen.
1777 2464 2839 2677 gn Utzwyl 2 brodt entwendet, so sy iin off
1780 2564 2868 2709 einem offen nit wyth darvon gestoßen, so welche
1768 2608 2419 2765 sy aber nit wehr gefunden.
1761 2721 2836 2926 zu Eyß zeey 2 huener gestolen und her
2152 2850 2268 2905 bedes
1780 2830 2856 3029 nach einer frauwen umb 10 krüger verkauffe
1723 2860 2844 3041 mit rutten usgschreizt, dem b bezeichnet und mit dem eydt
1741 2918 2858 3075 statt und haandt gewißen werden, ist den 7. uß monatß an ihre
1741 2975 1996 3075 verieh
1879 3075 2755 3256 Eubels vischer in
1879 3172 2843 3337 Ubriß dorff des letst hingerichten hochen,
1782 3230 2093 3350 bergß frauw.
1743 3332 2878 3565 Ward uff glychen obgemeldten tagt durch meyne
1768 3432 2781 3633 obwol gemeldte herren im thurn zu Marzilen
1742 3502 2823 3682 peinlich examiniert worden, hatt doch vber die
1762 3561 2887 3818 er schon hiezuvor zu thun und beuren angebnen
1749 3620 2788 3850 Artickell mitt wyther bekhennen wollen
