3024 4032
792 798 1665 1022 einmahl ledig uffgezogen worden.
860 942 1679 1141 Dem Jungerer Bruder Vnß, aber
805 1034 1677 1215 alles ein knab von ungefahr 7 oder
787 1120 1681 1282 jahren hat allß ein kheie uffbe
800 1197 1689 1341 flagen nehts andtworoden könen
752 1304 1689 1454 Allß nun ihr g dises fürgetragen worden
769 1400 1686 1523 habendt dieselben befälehen, das diser
793 1466 1683 1589 7 oder 8 jerige knab sambt seiner in der
791 1531 1689 1650 Kheffi ligenden schwöster und dem ander
795 1621 1673 1736 Meidtli durch oder von den betel
785 1688 1687 1812 mit richten gehauwen. bey der ussgese
776 1771 1657 1876 fortur aber an Andreß En
778 1842 1639 1947 es verbleiben und härnach sambtlich
794 1915 1663 2031 uß dem landt geführt und gewisen
759 1997 1662 2110 werden sollen, daß auch den 26 m
783 2043 1318 2167 erstattet werden.
887 2226 1428 2340 Jacob Loger
723 2326 1638 2499 Eegen er Gll. Eschanna on Frau¬
740 2456 1608 2568 en Kapellen vmb ein gwesse Suma
740 2519 1626 2662 geltts nicht vermoge zu bezolen. Ist
677 2615 1624 2740 E mag der Satzung mit dem Eydt ebn
689 2685 1624 2828 Statt vnd landt vweisen worden biße
725 2752 1622 2918 bezaltt, hatt aber termm, biß vffd
702 2868 1206 2996 2 Julii 1638
2739 807 2872 878 152
1853 857 2755 1047 BDiehel Noler Von
1806 990 2504 1106 Selidorff Mülenberg
1797 1151 2861 1336 Allß er uß Emper meiner gnädigen
1796 1270 2871 1396 herren und oberen gebeiß von meinen
1778 1325 2805 1486 hoch geachten, Ehren Vestl f. f. f. vnd W.
1772 1410 2824 1552 soneren hr. abroham von Werder des
1786 1509 2824 1642 kleinen shats, hr Hanß Ullrich Bunde
1785 1593 2817 1723 biß der burgeren und etlich meines
1776 1666 2851 1796 hin dienern der weiblen Im Tharn
1777 1770 2796 1874 zu Marzili geexaminiert worden.
1779 1827 2781 1961 bäkhandte er daß er sich vor albereit
1771 1908 2763 2046 etwaß jahren mit Hanß Försters
1768 1989 2778 2123 tochter unkhüscher wyß vergangen, auch
1768 2080 2754 2194 von ihren ein unehliches khindt, daß
1774 2152 2731 2270 er nach bey ime hab und erzieehe,
1753 2241 1990 2353 empfangen.
1724 2298 2743 2431 habe auch woll etwan zu zeiten, den
1756 2406 2819 2541 phuren die Eeheyhag Ingerissen,
1751 2486 2751 2622 und dieselben noch hauß getragen.
1738 2587 2768 2717 wie auch wol etwan groß von
1731 2665 2731 2786 hand uß den matten abgestropf,
1715 2757 2808 2869 heim tragen und reverenter) seiner khur
1742 2819 1914 2923 geben,
2191 2833 2762 2926 Daß er aber wie er
1744 2889 2733 3043 angeklagt, chorn hauw oder sonst
1743 2973 2805 3102 ingebrocht, daß ein und ander endtwendt
1750 3063 2794 3191 sye erkalschlich angeklagt, beschnehe ime
1736 3123 2706 3267 hiemit grosses unreehte ist ein
1743 3195 2684 3336 mahl redig uffgezogen worden
2074 3299 2180 3380 11638
1725 3285 2701 3455 Ist den 26. mai mit einer gudte censur
1720 3388 2671 3536 wider lndig gelassen und nach Hauß
1738 3442 2712 3607 zu wyb und kindt gewysen worden.
