3024 4032
863 806 1705 1022 habe er uff nechst vegangnen crnsig
857 913 1671 1073 Marith allier zu Gern selbs ander
846 993 1679 1169 vff der Thuch Lauben 72 ell suner
839 1080 1702 1254 zeug oder cadit undt frömbdert, selbes
843 1188 1684 1320 hernach underschidlich personen
845 1294 1677 1442 Item habe er an der Hensenbrug
818 1388 1678 1508 Wichends hauß ein wahr sambt der
833 1473 1665 1595 bebennkch genomen, zu dem fenster
843 1565 1663 1679 gelassen, Hernach Nigli Kratte
856 1647 1660 1788 zn Jaggenspach umb 4 lb 8
829 1782 1628 1911 Denne habe er mit hulff etlichen
811 1863 1667 1983 Buren knechten, allß sie bei und e
829 1942 1652 2057 ein anderen zu Cappelen gedient uß
837 2017 1646 2110 Lauterem Muttwillen, einem anderen
830 2082 1653 2220 dorffs gnossen, nachts 4 gans u
825 2169 1573 2297 dem stall genommen
820 2264 1639 2385 habe auch alhier in der statt ein het
812 2328 1421 2475 genomen, vnd verkhauff.
815 2432 1610 2579 Deß gleichen habe er zu Cappelen
824 2526 1600 2657 ein wehr, selbs dritt genomen,
812 2599 1620 2727 wie ingleichem 3 kuner und 1 hanen
803 2665 1618 2809 zu Burdorff ein sägeßen und die
794 2730 1552 2896 hernoch vmb 12 bb. verkhauff.
830 2861 1598 3015 Verner habe er mit hulff eines
811 2929 1618 3114 genant Ulli Schlotter (welcher
790 2971 1629 3174 vor kurtzen zu Rind, in noch gesehzen
779 3036 1610 3263 Kilchöri gestorben, da im sein mi
799 3142 1609 3330 abgewordt, wwelche gleichfahls an
786 3190 1610 3421 böser artd und zugriffig) Hans
768 3282 1606 3493 Herrn dem müller zu Flühen der
762 3334 1613 3588 en een shle
773 3386 1608 3655 atert engen
775 3483 1569 3731 n he gshe
781 3592 1585 3872 en  en zrnh
772 3528 1600 3827 gte en
759 3650 1602 3942 ve en
766 3735 1568 4007 den ee
957 3830 1494 4063 s e
2710 756 2809 823 129.
1766 795 2774 990 In der statt albier zum wysen crenti
1775 893 2773 1072 habe min er ein Kragen zwahr schleeht
1759 1049 1950 1145 genommen,
1777 1004 2761 1225 in muns habe er mit hulff umsen ge
1757 1113 2810 1299 nandt Casper, 2 ehem haffen genomen
1749 1221 2743 1386 den Brnngen zu Rder Rüntzingen  ein
1762 1322 2755 1474 beich genomen sambt ein zylathen und
1756 1407 2544 1565 hernach umb 306b verschaufft.
1753 1477 2674 1659 zu Ruppis-ried dem Bartli ein biel
1749 1567 2724 1704 mitfhe und dem jungen rall zu
1762 1645 2674 1805 aopelen uff einzeit ein rüschen
1740 1719 2694 1890 uffgehäbt und etwaß wenig fisch so
1734 1790 2743 1949 darin gwesen, genomen, einem fuhr,
1744 1885 2675 2024 man s wein gefuhrtt 3 lahnn, ge¬
1748 1960 2730 2101 nhmen und umb 3 batzen verkchaufft.
1772 2100 2766 2234 annetlin dem Hefflingr zu Geurenen W
1750 2187 2709 2304 habe er allein eid eilbernen beeh
1756 2268 2706 2384 entragen und denselben dem Grntzen
1747 2344 2734 2473 zu Nider küntdigen umb eig versetzt
1744 2422 2693 2517 alda er auch noch ligen welchen
1741 2482 2625 2606 man sonsten nur Hergatts bentz
1732 2548 1954 2647 nambte
1727 2628 2619 2796 Dem chlecht zu Eggisparg
1726 2745 2722 2872 ysene retdin gestolen und selbige
1751 2814 2792 2937 Oberhausen umb 1 kronen verkhanfft
1716 2878 2699 3039 deß sschlechten frauw ein schlechte
1724 2968 2701 3122 Besteckhi mässer auch entragen. wie
1727 3054 2715 3174 auch ein suehsinen loffell und  phar
1720 3105 2728 3260 ihno die er getragen. Dem rentz
1726 3182 2693 3314 im rindtbach maß genommen und umb
1727 3238 2719 3374 6 batzl. verksaufft. Abrahamen
1725 3309 2784 3478 zum forst ein stuekh von eines grossen
1721 3396 2706 3567 Kettin und umb i ziger und stuelch
1718 3486 2193 3587 wott weggeben,
1711 3546 2722 3702 Deß lentzen frauw zu Ripliß-ried
1677 3620 2709 3789 bestnekhen elberne Mesfer und umb
1753 3701 2473 3842 12h hernach verkhanfft.
1668 2247 1726 2340 deren
