3024 4032
516 411 1390 676 Hans Gite deolh
550 540 1377 767 meister zu Muldorff vorgedachte
676 647 1262 806 Kuchserin Erknn.
399 745 1381 1014 Ist aller pundten, so vorgedachtesein huse
424 869 991 1021 angeben gestendig
372 977 1400 1148 Eher Inn g gehern auch der Sechsnus kernen
433 1090 1402 1273 annothin noch Wythers das sy ihme auh
414 1174 1396 1356 zubracht und ze khouffen geben haben
318 1295 1406 1473 bey 18 oder Cbsteangkgarrumb 1
397 1381 1390 1567 Item habindt sy ihme zubehalten geben
414 1493 1394 1661 hinder ihme nach furden worden, den
421 1590 566 1713 schuh
421 1663 1132 1820 lein Schoner hocher hutz
356 1759 1411 1928 Erbythers habe er Ihnen abkhoufft 43 k
359 1867 1416 2026 Ston reis bleickts thuch, die ellen vn
429 1960 758 2096 ein batzen.
387 2015 1418 2193 Sechs buf rech Jede vmb der batz
420 2132 1314 2262 Ein Eytlach umb fünfftbatt
428 2212 1324 2362 ein erschlachen amb drey batgen.
382 2327 1424 2453 bermeldet darby, das er nicht gwesse
364 2410 1417 2568 das es gstalen gut sr. aber jedoch
423 2506 1175 2665 er soliches gemuttwasset.
389 2553 1426 2786 Gundsoer Zur alten betagten
422 2667 1418 2889 guolget hette, were es Ihme daso
424 2772 1420 2978 nicht khomen, dan sy Inne stäths
419 2854 1432 3057 mant, das er sich derglych (landtschw
408 2979 1421 3176 ende gsellen nntzit bladen solle
351 3116 1436 3357 Ist ampt syner frömen in ds Schallen
402 3283 1260 3493 eekhent worden uf gnad hin.
2473 257 2576 333 50
1497 310 2388 615 dis ad iub
1499 429 2355 681 lbich
1431 595 2554 875 Derselbig ist beklantlich, das Ihme Christen
1509 681 1779 730 lbich
1388 681 2565 1033 gertegtern ntend
1445 764 2615 1057 Groispen (weyl er franck vnd bethlige,
1481 892 2529 1145 eig gsin) g bgerlacht vnd ein tischlacht
1498 991 2598 1267 zekheffen geben, wesweg er s aber zer¬
1493 1085 2571 1339 in übell geschlagen vnd gstrafft habe
1473 1205 2551 1480 Den heisling, so sy hind ihme versetzt
1479 1324 2600 1534 betreffent, sye Wenner mit Ampt noch
1481 1432 2602 1682 Zeyensict gesellen vorettwas zyths
1471 1547 2603 1745 ben Ihnen gnkhert, gassen vnd truncke
1481 1644 2570 1859 dald nun derselbig acht betz Erbrucht
1458 1775 2591 1922 Rrducht zubezalen ghegt, heige er den
1504 1848 2647 2046 Fistlinch zum pfandt hinderleyse vndall¬
1499 1930 2654 2112 den fürgeben das sy zm fundten wel¬
1504 2034 2617 2218 kit, vnd ich daselbst vnderhahten
1521 2144 2657 2294 lassen. khome er Genner wider hernß
1519 2244 2671 2410 allere wolle er der füstling löhen,
1492 2347 2696 2520 wo nicht, er Ihme wirth verblyben solle
1477 2454 2670 2622 lls sy num Jungst werslinen Oster
1503 2531 2623 2722 Montags widerumb angelangt habe
1511 2647 2644 2817 Soemer denselben von sner frouwen
1523 2733 2652 2926 glöst dach was wnkel werde sn
1479 2821 2672 3005 wol zumermeldtn wessen, dan er ait
1496 2904 1985 3091 drdy gsin se.
1501 3038 2632 3236 ie dan sein frome alles mit Ihnen
1519 3157 2636 3331 gehandlet, gestalten sich nicht finden
1506 3255 2663 3425 werde, das er für sein person Ihnen
1521 3333 2640 3522 ders batzens worth abkhaufft
1495 3455 2640 3632 haben, vnd sei sr: vil mehr darumb
1514 3535 2486 3722 gstrafft und gschlagen habe.
1506 3678 2669 3892 It mit Amptsyner frouwen vff ein gute
1524 3770 2242 3991 ns bldig erbhent.
