3024 4032
356 366 1473 691 e de etengeengte
372 506 1465 790 der Hiereschafft im sternen wonhaffen
400 614 1279 795 vnns Siben pfundt versetzt.
372 763 1463 959 dlychergstallten habe sy daselbst
420 841 1457 1053 Marem ein buschillen Mullen erwüten
414 953 1441 1109 vndentrag wellen, alls saberaus
401 1054 1451 1232 selben nicht fort khomen khönnen, vnd
415 1149 997 1298 umb liggen lassen.
415 1242 1453 1446 Item der Dienstemgt daselcbsten hah
418 1383 1461 1535 ein alten grumen Oberlendischen A
418 1457 1455 1652 errzuckt vnd v Hauß Dingeda
418 1575 1445 1725 deß Wetzgers Junckfromeen, Cn
399 1686 1131 1850 den pfundt versetzt
408 1793 1444 1992 Letstlichen habe siy vor weinig yh
401 1926 1446 2099 sy nach zum schuffleüchen im dens
396 2026 1456 2207 gwesen by M Sommel Sehelihan
368 2121 1443 2298 dem Jungl mit furgeben, das sy daß
446 2234 1435 2401 von ihrem m benelch habe
400 2350 1438 2519 ehr bei ertrichten muesse, Zu
402 2414 1428 2616 fronet vnzohen, vnd disers alle
414 2532 1431 2692 auch voriges gelt erlesses gelt sl
400 2623 1437 2775 einem Sattler gsellen von Schaff
423 2697 1433 2903 dem y die eh versprochen anhl
406 2806 1429 3007 vnnd zugstelt Wychers hatt s
412 2964 1112 3120 bekhenmen wellen.
403 3006 1416 3299 Mtemal lär, und das ander
393 3098 1426 3348 mal mit dem kleineren steingestlen
344 3358 730 3482 worden.
304 3328 1425 3615 Den 10. februarii Anno 1634 s
402 3453 1427 3683 dissere hester Coniar, snd erthanen
368 3492 1428 3817 hen lt d
370 3587 1422 3919 beent
346 3712 1388 4036 I d  p
998 3863 1243 3987 aor.
2471 290 2644 383 82.
1534 415 2312 691 1 Sulse
1617 576 2170 783 m derng.
1510 692 2570 964 Demnach dieselbige versehiner tagen,
1522 759 2638 1079 durch den Antan em Sineringen gfengek.
1514 890 2627 1176 lich alhar bracht, vnd durch Jene, mit vnd
1509 1016 2649 1261 erbenettlichen geringe diebstalen, auch dessen
2398 1108 2517 1186 4
1510 1162 2588 1352 enklagt worden, das  michell ang
1507 1237 2647 1458 poueger Ihrem allei gewesseen Meyster
1518 1362 2634 1571 daselbsten das huß, ert fhür ynleihung
1527 1443 2639 1637 zmbronnen vnderstalden auch Ihr böß
1517 1547 2598 1753 vorhaben so with gebracht habe, dass
1524 1667 2590 1855 das huß angefangen brönnen, vnd soes
1535 1763 2587 1961 nhts geschecht, zillicht das ganszze
1528 1908 2575 2051 daf dem die Asehen were gelegt
1540 2014 2668 2184 werdere. Ise z gesterigen tags, alls
1531 2111 2690 2298 von anderer obertheyslichen benelich wegen
1534 2227 2645 2388 ihr gnaden dimer gesternge tags
1503 2341 2715 2515 Den 8. hornungs 1637 im der gfang
1529 2426 2628 2604 eschafft ze thun gehept, im fürgang
1511 2537 2707 2733 daer fürgendmmes that halber befragt
1523 2645 1768 2764 worden
1504 2707 2704 2917 Großweybell und Grichtschryber.
1513 2854 2592 3008 hatb yahsbald gutwillig vnd mit
1515 2934 2622 3139 thrunen, disere begangne schwart
1514 3033 2662 3229 nußhandlung bekhent, vnd angeben,
1512 3121 2667 3355 Nach dem vorwenig Zeschs eim gwesse
1473 3243 2639 3450 Bättlerfrauw, bey gesagten Ihrem
1514 3354 2673 3538 Meister Miehell Guysparger in dem
1514 3430 2736 3643 stahl bernacht beherberget worden.
1522 3551 2641 3728 vnnd y gespächt, dasselbige mit einem
1522 3646 2712 3833 guten Dackbeth Kersechen se, habe
