3024 4032
222 456 330 542 31
360 428 1470 861 er zu Nüerburg für 4 2 sormis s Annothun hat er auch vermeldet, das 6.
369 540 1374 751 eintlist yer diebstälen so zul ersat
349 739 1384 946 So ihme Riggli Höüwberger dasels
366 851 1391 1021 stampffet vnnd damdit er desto bess
361 950 1389 1100 bestahn möge, hiedts brodt darun
346 1042 1392 1218 gestampffet habe, mit welchem gewe
379 1150 1382 1308 er also ein zeyschlang um beinandere
376 1252 1385 1434 zogen, sye biß er hernach wierumb
357 1364 1387 1531 synnen grbssen gsellen khomen se d
334 1461 1382 1614 Iin einem dorff vnden thalb Schupfft
359 1567 1393 1704 Inn ein Keller brochen wen darin
369 1661 1387 1793 truncken, auch ein fläscher Volw
391 1746 1374 1915 mit Ihnen genomen vnd entwendt.
219 1873 1411 2061 32. bus enden Im einem darf abermat
382 2010 1406 2132 ein Kuller geoffnet eydlen darin
375 2082 1411 2270 gessen nd zuerleiben brodtentrag
242 2203 1403 2425 . Eindenhalb frauwenbrunnen C
382 2324 1425 2495 einem feller iis opffel vndte
383 2408 1415 2608 ein wenig eydlen wnrd anderthalte
328 2523 1223 2704 leib brodt enttrouldet.
235 2647 1403 2903 34. Vnfeer von Wäning eßeiner
406 2735 1418 2944 steben, zwenttragen, einbarsche
394 2851 1413 3061 ein wannsell soder 9 steung
368 2974 1418 3177 soder 6 lynlachtn, dren leiben be¬
367 3062 1300 3283 unnd etwadt hinngs entwendt.
220 3181 1415 3462 35. Nichtwüsh da dannen 4 leeben
235 3328 1416 3639 36 Amthalb Sueser Caß einer hindte
374 3506 1191 3752 siben en dies btedt.
2417 238 2584 366 46
1466 349 2456 656 beef en ehe
1461 533 2086 735 de u ietlich
1472 569 2519 870 Nicht wych von Etzicken mit hilff einer
1446 652 2562 932 fromwen Garbli genant, die Iren suben
1451 743 2557 1033 zeige. 3 leiben brodt ein wenig ancken
1463 862 2434 1129 und fünff zachen ellen thuh gestolen.
1409 1013 2489 1277 9. Abermalen mit hilffgedachter frauwen
1429 1046 2538 1344 Int Buegdorff vff einem hoof vß der
1466 1211 2540 1454 hinderen strben, ein Kock, ettlichs Stol
1466 1309 2540 1507 lider etliche heimbder und kyrlachen
1465 1409 2566 1645 enfreubdet, weliches alles die frome
1477 1490 2560 1737 genomen vnd Ihme fürsinen theyll dery
1461 1638 2025 1851 gulden geben habe.
1459 1742 2595 1972 Erstlichen hatt er auch bekhent, das er mit
1484 1883 2634 2039 deß hingerichten Sattler Gdentzfrauwen
1493 2007 2561 2170 by diethalb jharen im brben wyß
1464 2122 2636 2270 uerbherzogen und bywonung gehept
1487 2222 2597 2407 ic bey dieshlm zwey ke nder deren
1489 2341 2574 2519 nach eins gen leben erzeüget, gebt
1491 2464 2660 2623 auch für das er sich Ihren vdt habe nrasstgen
1467 2544 2551 2743 khönnen, dan er ohne sy kheinauw
1499 2653 1889 2820 ghon hege.
1480 2794 2563 3037 Ist insal uff der brecht gestreckt
1499 2910 1693 3074 worden.
1440 3051 2560 3230 I Item mit hilff Ehristen Benners zund
1474 3125 2698 3364 Eeter Taffey deß gefangnen zu Schwartz¬
1474 3239 2631 3492 erburen, ein Spycher gebffnet, vß welchem
1475 3330 2577 3553 y 2 brot wo lynlachen sellen wyß
1452 3420 2600 3627 gmanget thuh, Ssell hunthuch genomen,
1464 3496 2628 3731 sh solches alles einem Gurez nechst bey
1440 3595 2631 3799 Burgdorff in einen grossen huß Cer-
1500 3686 2612 3897 khauff der Ihnen fleiß kochet vnd
1462 3803 2047 3936 guessen geben habe,
