3024 4032
872 781 1777 1072 des dement ahen
900 894 1762 1117 furhers dicker Status schwartz laubeleiben ge
891 964 1766 1178 baur auge zhwartz har vnndt ein windtiggen
871 1032 1758 1241 stirnen ebdere zucht der Merikten nach wie die
803 1108 1023 1213 Vorige
883 1263 1738 1477 Buffi Michel von Frienbach uß den stripute
881 1358 1739 1521 lengdurer: Järl schwartz langes angesicht, er
857 1434 1751 1599 wenig schwartzer bort, in zwilchen klegdt dise
879 1505 1738 1672 spettet winter zeytt somerzeytts aber sey
879 1590 1740 1769 er inß Burenthal vnndt Lenzburger au
858 1664 998 1742 Vmb.
881 1789 1723 1944 cherer namset sich sonst Hanß Meller voli
782 1839 1713 2003 Der sein langer schwarzer Färli von 20 jahren
754 1917 1721 2061 hatt ein schwartzeß dupfletß glicht keybert, er
737 2001 1724 2130 wyß Iwilchin Kleydt hatt sein strich Im Adelet
775 2087 1441 2183 Aenndt Surenthal.
811 2152 1684 2321 Audreß Gröptlin ist ein junger starker
841 2269 1684 2402 Härli Kurzer Statur Schwartz hatt gat ue
833 2338 1687 2444 Schweyzer hoßen ein schwantz wannist uff he
826 2432 1671 2538 zuche gattung genacht ein schwartzen breyte si
822 2500 1666 2614 ohne binde ein weßmendigs rundes angesaht
735 2547 1672 2684 Kurtz gehlt har ohne bart seyn dienen nam ets
826 2629 1402 2750 deß hattellsehl Marla e
808 2869 1681 3003 Aopr Joggli Isem Lurern gepiet. Ist ein zuntchten
815 2929 1669 3100 H�rli by 4oder 25 jahren alt hatt ein eind
823 2982 1678 3160 magers angsicht ein brunßt Bertli grawa
792 3051 1659 3213 Weyß lufrnisch lynig bekleydt, hatt sey
803 3172 1509 3296 bey M�ri in den fryen ampteren
755 3243 1657 3420 Dein dies heydt Emti ein junge d taritß meit s
790 3314 1654 3507 vnndt kurz, langlecht hatt ein rotmnöndigeß enh
773 3392 1595 3555 frauw angh gantz schwartz beürsch bekleydt
786 3500 1633 3707 Jag hauß gerert ußem e zurgaur ihe
783 3570 1638 3795 langer starcker mägerer serh wyßnund
1523 3701 1618 3786 At
1531 3773 1615 3854 Eo
1929 936 2930 1058 hatt grauw ange schwartz halb willig haßen
1934 1043 2890 1120 ein dhworte, wanuß nit roghen schmnerren
1943 1089 2833 1191 ein spitzlachter halber bart, thudt sich für
1936 1142 2279 1232 ein körber z�
1939 1203 2854 1326 Lusentstarck ein Starcker Inneracht
1918 1277 2877 1393 lenger Cärli rothmundig mit veilen har im
1934 1352 2853 1454 nge icht hatt langß brunß har ein brunner
1904 1418 2862 1520 zimlachter Breyter bart gantz in gäbem
1922 1480 2845 1605 ader kleydet, nit gar uff die schwytzer
1907 1543 2821 1653 gittung grauwe aug hatt ein grauwen
1900 1620 2882 1720 mantell hatt de linder handt laam, tragt
1876 1669 2840 1781 sy in eynem handtschuch under den mantell
1883 1742 2845 1873 wyßn trumpf schwartz beiter hat mit eynem
1879 1830 2881 1948 schwartzen sandt by 30 Jahren zucht mit zweyen
1885 1894 2848 2033 inden dae merckten nach hatt stets vil gelt ist
1880 1951 2177 2083 ein böser dies.
1812 2076 2890 2254 Der schumacher ist ein kurtze mägere persohn hatt
1867 2153 2844 2344 kurtz schwortz har en bartli en eytterächtigen
1875 2221 2816 2376 baften, ein schwartz böß waniß vnndt zwyß
1865 2275 2076 2387 beß zose.
1791 2380 2795 2604 Hans Heigelbaher uß der Graffschafft
1789 2492 2809 2698 ToggenBorg ein zimlich langermagerer ärlen
1813 2574 2774 2751 schwartz angesicht ein kleynen bart, schwartz
1825 2644 2779 2831 lynig Wannß lynig hosen einschwartzen bösen
1823 2708 1918 2809 hat
1834 2906 2799 3081 attein heweyb bysich genent Maria ein kurtze
1812 2961 2723 3162 leyse persohn hatt grauwe aug ist schwartz
1821 3033 2188 3151 onrisch bekleydt.
