3024 4032
446 493 1575 811 dan er selbig zeisich noch michen bösen willen
453 642 1233 825 zu ihr nicht getragen habe.
468 821 1569 1010 ach der sich abler dieselbe sein hinsprou
480 892 1567 1088 hernach nicht nach synem willen gestelle
500 998 1570 1179 sondern ihme allerley widerdrinßlich
485 1090 1549 1267 kheiten fursettzlich zugefiegt, sie die
460 1190 1562 1375 bhlecht liebe, so sy billich zuauestengen
495 1283 1559 1435 sollen, entlich dermassen erkaltet des
499 1365 1552 1534 er Ihme fürgenomen (so Ihme Jedoch von
495 1456 1555 1614 geundt eynes hertzens leydt syr) die
506 1539 1550 1726 ein gifft hiezuechten vnd Ihren hiedich
499 1660 1537 1819 laß zuwerden, Aff welich endhin en
484 1751 1543 1910 gedachten Gernaldem zusichten ven
475 1839 1555 1992 genomen, vnd Inne zu vilen vndersche
462 1947 1540 2100 iche mahlen gepetten vnd angmant, des
489 2024 1549 2158 er, alle ein verrumbter Medicusshe
452 2126 1545 2277 den hierzu erkhaufffen Antimonium
510 2199 1534 2354 einer merckter wuß zun einer Stuppen
497 2275 1523 2460 zngeben wolle. Wminter aber Ihre
499 2377 1548 2551 thalben in desto einderen verdichtea
487 2467 1525 2643 habe er uff ein zeyth sein frouwen von
465 2554 1547 2734 Mont, als an ein domalen pestises
502 2643 1534 2839 orth geschickt, synem der enden gehapten
467 2751 1537 2963 win zu Visstieren deß vorhatib
464 2806 1540 3058 wan  widerumb ankennsch wwerde
471 2917 1550 3154 das gifft bey zebringen unnd den sach
480 3017 1536 3292 gelben, sy habe aldort die gestres
418 3092 1549 3390 nd sye ann derselben gstorben, wl
491 3186 1547 3455 Diefrouw wegen yngefalleen bösen
501 3291 1526 3581 an besagtes orht nicht sonder vnnert
442 3365 1544 3660 widerumb anheinsch khomen, heind
474 3473 1534 3782 enle d
489 3504 1561 3861 es
475 3651 1531 3976 esege hett
2701 427 2802 517 117.
1616 474 2755 768 ihn khinrtchädtlichkheit gerathen.
1626 674 2749 912 Wader dan auch anderscheidenlichen ehr-
1602 752 2806 1009 lichen wybspersonen angenmert habe zuen
1607 827 2807 1104 sisen vnfüschen fleischlichen willen mit ihmen
1618 915 2799 1174 zuerkeinen se ernicht ab sonder müesse es
1617 1034 2789 1255 lider begehennen, sonderlich aber zeuge
1614 1147 2779 1352 irsolche mitwollen einer furnemen pr
1613 1222 2809 1407 nannes Elisabeth d Allinoe vnd Eli¬
1619 1300 2778 1480 drth Cananchi angemutet, se aber nuth
1605 1419 2420 1613 estlichs verrichtet worden.
1595 1555 2759 1739 estlichen alls ihme fürgehalten worden, ob er
1604 1663 2766 1836 icht sin vorghende husfrouwen auch der
1617 1740 2744 1935 solter mit nufft hingerichtet, vnd das er
1610 1828 2713 1992 von hrimaldo die Schwartze kunst
1605 1952 2795 2102 dn Rigromantiam zulernen vndstand
1586 2014 2775 2165 habe, hat er weider daß einen nochanderen
1596 2124 2617 2294 vdters nicht gestendig sein weilen.
1605 2272 2776 2443 mithimit schliestlich unteinen fusthal nit
1614 2391 2742 2546 Ssumen gesehlignen hendtn vnd witterem
1594 2485 2749 2615 keinen gottden herren und sein hoche
1596 2566 2733 2704 edige Oberkheist aller demüetig ist
1587 2670 2777 2829 vmb gaad vnd verzychen gepetten, vnd das
1589 2749 2745 2880 gegen Ihme i nach der schwere seines
1605 2855 2753 2983 eebrechens, sonder nach angewanter
1611 2939 2786 3117 erlichen miltigkheist gege Ihme vethachn
1868 3071 2259 3195 welle ec.
