3024 4032
397 421 1452 688 Item ein hren kilchbergs frauwn, in
429 553 1463 804 eysse, mit Schwartz Schien genäyte hi
444 686 1468 875 welche sy der hirein zur kronen als
417 775 1460 961 vmb einliff batzl verkhaufft, welche
412 844 1460 1044 gelt z Banli des Shantz Kaerers s
414 967 1465 1155 golen die zu chnydr ein verzogen, zu
330 1042 1470 1267 stälen angewisen, auch so sy nüth bra
400 1164 1389 1340 ihren metzit zuessen geben habe.
408 1277 1467 1483 Blychernstalten habe es mit hilff vnd
408 1417 1455 1583 Eegamers midtlins de reii genant
411 1510 1451 1691 den syn hr kilchbergers huß fürnsi
420 1593 1445 1794 erwütscht, so gedacht sein gspilen
418 1740 1414 1900 halten und hinweg trager habe
444 1873 1456 2050 Der Schiitzenen an der Goldenm
414 2006 1451 2181 zwey lyebachen entfrömbdet und
385 2125 1457 2276 13 butzl Verkhaufft, vnd Vanlih
402 2211 1438 2376 frauw das gelt geben zu behalten
378 2334 1449 2504 Ihme aber nüthit darvon ererun
361 2412 1424 2619 werden lassen, sonderes verbrucht
368 2603 1448 2808 So habe ihme Pahbar Ketz der Scha
410 2691 1450 2871 ein seinr fläschen zuuerkhauffen,
392 2775 1460 3013 die wilhelte lutzen gsin ze, habe
408 2875 1454 3132 gelt, soes daruß erliesst, einer v
343 2957 1456 3225 den geben, di auch by dem schantzke
370 3213 648 3317 woher.
365 3192 1436 3480 hatt sonse withers nicht bekhennen
350 3303 1448 3608 boßerklandtnuß m g hr der st
357 3371 1448 3758 sie enden ds
390 3494 1460 3812 d
398 3587 1448 3931 ten te l
363 3808 1055 4017 erreten worden.
2550 267 2672 377 87.
1531 411 2432 697 8 gebr bat.
1632 541 2501 764 d bsh
1536 764 2704 1018 wißemselbe dem dieselbige wegen Eff
1528 852 2658 1127 als ein junge starcke vnueseg gehande
1507 964 2588 1203 wibsperson sein argwohn ettlicher
1521 1053 2696 1297 zutrundter sachen gefasset und desset
1501 1146 2636 1392 wigen gfengeklich ynzogen volgendes
1502 1260 2697 1496 vobeuelch miner g. herren, durch dero
1524 1365 2666 1582 Mittrat Herren Frantz Guder, vnd
1507 1489 2667 1693 Großweybell Ernsching zu Manzilli
1523 1541 2641 1784 einlich examniert worden. Hatt zu
1538 1725 2179 1906 geben vnd bekhendt.
1519 1786 2673 2036 Nach dem y diser fagen zu einem Keyttli
1501 1957 2665 2129 fem gekant khomen, se s durch das
1547 2069 2692 2188 sge im Sr Anthori Landes boum¬
1534 2151 2621 2305 garten, nechst Assenthalb der Statt
1515 2252 2681 2429 ondem Christoffellthar gefhüert
1531 2356 2655 2529 vndallda beherberget wordt. Im
1534 2438 2721 2626 selchem ein mann und frouw wohne
1515 2531 2697 2710 die srrs angewisen habe, es solle et
1527 2645 2718 2818 gan secher das er khorn erdefrömbden
1526 2744 2745 2917 th�me, damit sy ihme brodt bachen und s
1535 2858 2692 3003 also bey ihrsem uß und umgahte
1529 2918 2731 3101 khönne, habe ihme auch sfftlichend
1518 3015 2733 3170 hin einen sack geben, es habe aber
1535 3118 2722 3311 thein khorn, bieder Lneben hin vnnd
1506 3216 2735 3418 wider genomen vnd Ihren zubracht.
1494 3330 2779 3486 Allis mns gefangee nicht wischers dort
1521 3422 2794 3570 verkhuben wellen, habeß ermelter
1536 3475 2792 3668 frauwen ein schwartze und ein kennen
1528 3613 2795 3775 huß thuehenn Rack eitteömadet mit
