2448 3264
517 500 1164 665 man inme befragt, wie kolichs zugan
504 568 1195 745 hat er rund und mit guten willen ansele
510 629 1185 798 anteartet, er habe sy mit syne selbs eige
508 680 1199 858 sänder erwüegt und gethädt, dar
498 764 1160 903 er dan ergriffen, nach frienisoern
493 805 1191 952 fuest vnd dadannen auf durch d
460 873 1203 1027 Arptsman daselbsten alhar furtrih
471 956 1187 1093 gfangenschafft überlyferet, und hie
486 1015 1201 1135 montags den 23. feneers gegenie
487 1074 1189 1198 1636 Jars, dß ensechen vund benelch in
478 1153 1191 1277 gnedigen Herren Sad Oberren. Amnsei
495 1218 1187 1340 gefören und gegenwirtigkheist der
475 1289 1192 1406 Erenuesten, tromen furnemen, furs
475 1344 1187 1451 Jigs wysen herren H Johans Zaller
468 1394 1194 1517 Buurherren vnd deß Raths, f. Allenst
475 1477 1194 1566 Mannels der Burgeren, herren Samnel
447 1530 1197 1653 Frischingt Großweybells, somfetlich
465 1597 1193 1692 weyblen, grttgunden dieseren, Zu
475 1655 1207 1756 Marzili peinlich examniert
486 1722 1202 1831 befragt worden, ob er gedachte sn lit
476 1788 1204 1881 erwuegt, auch was Inne darzusern
480 1846 1204 1957 achet habe, hatt er zwaranfangs vnd
486 1909 1191 2008 vber den einen nachanderen gundten in
491 1960 1202 2085 rechtig antwort begegnen wellen, vnd
479 2038 1193 2150 geantwortet er mue se beuorder
482 2092 1200 2219 petten, sonsten ermutzit antwort
452 2174 1191 2292 khönne. Zuemach aber als er etliche
452 2229 1194 2350 gapstische gebet wie zuglych das
455 2283 1208 2414 Vatter vnser gesprochen, vilselthamer
466 2373 1142 2470 reden vnd stueepingenglych ein
463 2404 1197 2546 rasenden Cansnunge montschsmit ver
454 2498 1193 2620 wunderung gebrucht den herren e
454 2538 1196 2667 minatoren gefluche, hatter litstlich
436 2584 1195 2761 khent, das er vermelte, in Muter, von
449 2664 1212 2859 fryer hand, ohne endtehr andere mitter
1259 430 2036 658 e
1241 522 1996 753 geheenen
1228 567 1987 795 grnaghe se
1260 608 2005 862 e ngente
1243 690 2034 906 er solches schändtliche mardt nicht in das werck
1262 766 2000 979 etze, er ihneselbs erwuegen wolle. habe
1260 843 2020 1025 ach ihme dem Sathan zusagt, vnnd vesprechen
1276 920 2011 1094 messen, das er nach g. andere peshonen
1269 933 2032 1132 zuer nechsten bluts wunden vnd vwandten
1269 1042 2006 1215 Eycheemossen hinrichten vnderwuegen
1239 1097 2007 1237 wolle. Vnd alls er daruber befragt
1253 1158 2006 1301 worden, ob shue disere begangnen Noro¬
1264 1238 1988 1373 that an siner eyblichen unter begangen
1292 1267 2030 1433 ich egd she hat er rund geantwortet
1296 1347 2012 1469 ie, das s Inne nicht gesegnet nach zum
1282 1403 2044 1532 bätten isemant, sie ein hex vndszu Vatter
1277 1476 2010 1590 ein seyenmeister gsin die schne beider
1271 1536 2035 1650 vergeben hobint. Bald hieruff aber hat
1286 1600 2058 1695 ver geredt er thenne weder syn Klatter
1303 1676 2035 1779 ac urer, habe weder dieselben noch
1282 1739 2042 1849 n den bösengeyst feindlen ge¬
1276 1796 2079 1913 sachen. Wund andere derglychen gantzen unglyche
1283 1852 2002 1954 binderwertige reden vnd wort mehr
1287 1909 2071 2034 von sich gegeben, aß welchs daes er shner
1280 1965 2051 2067 sinnen beraubt und nicht wese was
1290 2026 2047 2161 er rede, geschlossen werden khönnen.
1279 2088 2059 2221 Inarsechen nun desselbige damit er der
1288 2189 2085 2308 arme menisch nicht vberylt, die warheyth
1281 2226 2057 2348 lesser erorstet, alle Zirbstend wol
1263 2302 2087 2435 betrachtet, vnd desto mit besserem grund
1292 2350 2047 2505 vber disere seltsame, zwyfftelhafffe
1265 2438 2105 2565 g that geschlossen vnd genetheillet werde
1282 2518 2088 2633 abert hochweontliegne gnedige herren
1275 2559 2103 2707 turlich vnd rathsam befunden auch dessen
1251 2637 2068 2758 thalb beuelch geben, das er durch die
