2448 3264
1397 505 1837 675 Peter zum Bachs
1258 561 1887 766 von Coppingen bekhandtnuss.
1228 624 1978 832 Nachdem derselbige verwichner tagen durch den
1244 698 1998 873 herren vogt zuo Thorberg gefengcklich alhar
1263 747 2018 951 verschaffet und hieruff durch mein gnedig herren
1258 792 1997 999 meinem hochehrenden herren Bendicht Marti
1247 851 2021 1037 dess raths, mitsampt herren grossweybell
1247 928 1987 1079 Frisching, beuelchlich uffgetragen worden
1251 953 1998 1141 inne über nachbeschribner puoncten ernst¬
1253 1037 1999 1192 wortlich, mit bethröüwung der marter zuo
1264 1098 2011 1234 examinieren und befragen, weliches den 19.
1254 1151 2003 1293 octobris anno 1635 verrichtet worden.
1261 1205 1991 1338 Hatt gedachter Peter zum Bach über ein
1262 1250 2028 1402 jeden artickell absonderlich geantwortet
1478 1349 1751 1455 wie vollget.
1286 1450 2083 1599 Erstlichen ist ihme fürgehalten worden, ob er
1291 1518 2061 1654 nicht inn letst beschechner werbung und uffbruch
1285 1580 2057 1692 gemeiner eydtgnossen zuo diensten ir königlichen
1246 1634 2095 1744 mayestat inn franckrych, wider das usstruck¬
1286 1695 2039 1794 erlich publicierte mandat und verpott
1298 1761 2099 1863 syner gnedigen oberkheyth under einen solo¬
1259 1821 2115 1909 thurnischen houptman gedinget und noch darzuo
1265 1866 2075 1980 Urssen Brügger uffgewigglet und mitt
1282 1928 2085 2032 ihme zedingen vermögen und bewegt habe?
1284 2027 2068 2153 Zum anderen, ob er nicht, als er jetz letstlich
1301 2107 2037 2212 von Coppingen nach Bern gefengcklich
1308 2155 2069 2264 gfhüert worden, thröüwt wort habe louffen
1285 2214 2085 2326 lassen, so er ledig werde, das er diss oder
1296 2268 1650 2356 jenes thun welle?
1289 2337 2141 2456 Drittens ist er befragt worden, warumb
1316 2398 2069 2511 er der jharen gefangen nach Bern gfüert
1292 2450 2132 2568 worden, was die ursach gsin und worumb
1396 2574 2210 2694 er den weiblen underwegen ussgrissen sye?
1288 2571 2105 2708 Und zum vierten, worumb er vor jharen,
1326 2652 2113 2762 alls man inne zuo Thorberg in kettenen
1299 2690 2132 2827 und banden, gefengcklich enthalten, sich der
