3024 4032
567 505 1548 791 alls sie die d ell tuch von der gemelten
573 620 1568 877 frauwen umb 8 6 erkhaufft, imv
584 696 1570 970 bekandte sie abermahl mehl weiters e
582 787 1559 1021 hiemit umb gnädige verzeichung mit de
583 877 1555 1107 anerbietten, ihrer besserung, und wos
578 983 1557 1186 gemelten 3 gesehlen antreffen un
566 1047 1551 1288 gichtig werden möchte, dieselbigen
579 1134 1555 1381 venrleiden, damit sie behendiget, und zug
587 1209 1560 1443 bürender stroff gezogen, werdind,
578 1335 1550 1532 dan auch Ihrethalben die wahrheit i
588 1386 1553 1569 tag, das sie hierin unschuldig, komen w
564 1485 1533 1664 Den 7. oceobris 1637 habent mn g se
1198 1604 1354 1683 Waren
538 1618 1535 1757 gerathen, das disere  d itf
471 1676 1545 1844 abtrag erstens ledig gelassen, vnd d
549 1793 1542 1933 de pponosen im ir zemach gefür
514 1880 1536 2036 und im glüht uffgnomen werden
517 1995 1522 2136 Die Statt Herr Zanngdl etc.
2481 370 2611 488 114
1636 464 2414 783 Baschy Eggly der N 4
1677 596 2411 829 wäber zu Seedorff im Ambt
1684 702 2354 869 Frienisperg anheimisch etc.
1602 848 2682 1107 Demnach vor ungefhar fünff wuchen meinen
1599 948 2603 1182 hochehrenden herren eines ehrsamen chorgrichts
1595 996 2691 1255 alhie fürkomen, was grüwlicher, unerhörter
1687 869 1842 898 Frienisperg anheimisch etc.
1597 1118 2669 1300 unnd gantz schröckhlicher gottslesterungen
1595 1161 2678 1398 gegenwürttiger Sebastian Eggli zu Sedorff
1579 1263 2639 1434 im Ambt Frienisperg anheimisch uff denne
1574 1349 2638 1520 Brügg Veldt oben uss vor der statt geredt
1596 1423 2584 1566 und usgossen haben sölle. habendt sie
1600 1490 2604 1654 ihre schuldige ambtspflicht sein erachtett
1601 1567 2614 1701 ob dem allso die warheit zu erforschen
1602 1641 2700 1773 unnd eigendtlichen bericht ynzenemen und des¬
1602 1727 2634 1830 wegen die verordnung gethan, das er ge¬
1624 1812 2670 1911 fenckhlich in die undere gefangenschafft des
1612 1858 2691 1993 chorhauses ynglegt worden. alls nun
1610 1945 2687 2058 uff erst daruff volgenden chorgrichts tag
1581 2009 2745 2112 wollehrengemelte meine herren die chorrichter
1594 2109 2729 2217 ime Eggli die ihnen fürgebrachte und seinett¬
1581 2161 2731 2297 halben geclagte gottslesterungen fürgehalten
1581 2248 2702 2373 unnd darüber zuredt gestelt, hatt er zwahr
1575 2312 2739 2434 etliche bekhendt, ettliche aber verneinett und
1575 2376 2700 2536 widersprochen, gestalten sy harumb ehrliche
1584 2442 2763 2612 unphartyische und gantz unverwerffliche zeügen
1576 2497 2719 2648 verhörtt und us derselben zeügsame und us¬
1589 2577 2757 2725 sag sein sach einer solcher wichtigkheit befunden
1587 2661 2777 2808 das innen verners darin zuhandlen und procedieren
1582 2709 2747 2896 nicht gezimen, sonder die notthurfft erfor¬
1584 2780 2746 2964 deren welle, so woll sein Egglins person
1600 2853 2711 3038 alls auch die sach an ihren selbs mit sambt
1587 2900 2751 3076 der uffgenommen khundtschafft, dem hochen
1584 2973 2721 3194 oberkheittlichen gwalt, (wie dan beschechen)
1575 3054 2476 3257 zu remittieren, und heim zustellen.
1588 3137 2713 3366 Woruff dan hoch- und wolgemelt mein gn.
1585 3248 2748 3437 herren, und oberen, ein ehrsamer weiser rhatt
1572 3292 2710 3506 diser statt, den hoch- und wolgelehrten
1575 3383 2674 3554 weisen herren, herren Marco Reüttimeyer
1582 3433 2764 3648 diener am wortt Gottes, hr. Christophell
1584 3523 2735 3712 Lüthardt, professori der heiligen schrifft
1590 3591 2670 3776 alhie, befehlich uffgetragen das sie mehr
1571 3648 2745 3847 gesagten Sebastian Eggli seiner greüwlichen
1579 3703 2697 3930 unerhörtten, mehr dan schreckhlichen meinungen
