3024 4032
748 821 1742 1089 Glychermassen habe er dem Schlecht zu Jag
816 933 1737 1171 Gebach ein Ross nso der eydt nenn wile
802 1040 1729 1250 Ie aber durch inne selbs darob vriagtli
703 1155 1707 1358 Atem zu Riderrind dem Sein habe en
820 1244 1709 1471 ein blaurer fleydung und ein dychen
795 1335 1190 1446 wehr entreit.
1519 1481 1651 1568 Schauf
785 1441 1680 1633 Colli Erhannd zu Papellen, ein zeth
795 1526 1675 1723 ind im truckli mit angell schmorn.
774 1602 1666 1806 Dem Wurth zu Capelden ein Geun¬
754 1732 1146 1839 Wulhemat.
733 1803 1647 1993 Den Burtzen zu kind, uß der hich
766 1926 1664 2060 2. mitt khorn zwen bachen schwyn
778 2008 1660 2150 fleish. dey Hauen, undetlich stückg
768 2101 1642 2251 fleißch vß dem saltz genomen, vndd
733 2199 1645 2309 wem in Retzenbach verkhaufft
777 2270 1420 2390 stuck hlizschat
712 2327 1645 2472 Bereners dem Gauren In den Kindernhae
749 2414 1620 2551 er mit hilff ymne gespanen ein gue
734 2493 1629 2636 wösch ußgfüert und entfrönbdet und
719 2587 1618 2716 sampt einer Mußgueten, die sy verkhaft
717 2670 1623 2834 syent ihme für synen theil zwen feid
711 2769 1192 2913 dieken worden.
709 2854 1621 3011 Dem Kth Wirth zi Tapellen su
710 2947 1606 3092 er ein kindtshuth entagen samgt ein
633 3024 1617 3207 Kock, vnnd dem Sehemachtzu Gumr
716 3141 1363 3297 vmb 3. k Verkhauff
563 3200 1564 3435 Bnd als ein nacht in Cyningers subei
678 3294 1595 3495 vbernacht gelegen, habe er denselbe
652 3394 1584 3621 bey fünfth alber kronen ber geltt
660 3452 1580 3738 Es die hosen gestelten, m
1250 3604 1454 3744 dicken
2706 851 2833 925 155.
1768 861 2767 1100 Sein den alten krattung zu Jaggesrach
1790 1025 2181 1142 im muren Zeum.
1774 1035 2794 1256 Syen knecht ein par hosen ein hembd und
1773 1173 2811 1320 ei hisch entragen, vß welchem er 30 bz
1770 1267 2657 1399 gl�ss, Der huth seines gebe
1762 1372 2742 1512 Dem Scharer zu Capellen ein biel ein
1779 1443 2781 1594 Zangen, ein pur hosen vnd ein vffzügell
1747 1543 2005 1649 entwent.
1743 1637 2834 1790 Mohr der bebeyder Niggli zu Tapellen sicht
1768 1735 2764 1872 ellen hußhuch, dasselb umb zwilchen ver
1759 1808 2679 1953 hrschet, und sich daruß bekleidet.
1738 1918 2771 2077 Berners dem Schmyd Im Riedtbach habe er
1750 2017 2724 2165 in roths (bülhembd verunthrieret.
1742 2102 2794 2251 dem Clli Essehrenne zu Tapellen oder zuer
1706 2189 2766 2365 dochter ein bar stifell, die er umb 6 b
1736 2285 2458 2428 vnd ein stuck brodt hingeben.
1725 2371 2768 2565 Dem Wirth zu Capellen habe er shuen
1739 2478 2723 2637 seckell nit sampt ohngefhar 12 lb
1722 2564 2629 2725 an gelt so darinn gein, erdappet
1711 2653 2725 2825 Deßglychen habe er dem Mulenegger
1716 2763 2736 2908 zu Jaglis huß  uß einem Gänterli
1708 2850 2695 3025 erfrömbdet, vnd dasselb verseilt
1689 2939 2784 3146 hernach soliches gelt dem wünge, so ihme soliches
1698 3020 2766 3218 mit sitlen abgewonnen widerumb gestolen
1672 3095 2755 3303 Weyl er aber darob verrathen werden,
1673 3200 2652 3373 habe er dasselb wider geben muessen
1691 3279 2744 3503 Dem Wietzh zu Wangen habe er drey
1700 3370 2694 3537 mit silber beschlagne Löffell und ein
1671 3443 2726 3627 Silbernen ring enshwockt, vnd dem Heini
1681 3526 2721 3712 zu Stägen die Löffell umb deystig
1690 3618 2736 3792 batzen vnd den ring vmb 10 keutz
1708 3710 2065 3833 verkhaūfft.
