3024 4032
501 495 1581 831 abschnyden, inne vollgendts allso lebendig inn
496 668 1575 885 ein brönnend fheür werffen, zu stoub
416 746 1574 969 und äschen verbrönnen, inne also mit
469 847 1567 1097 dem fheür vom leben zum thod nach key¬
494 938 1561 1176 serlichem rechten richten sölle etc.
737 1499 770 1504 Wyl vorgedachts Sebastian Egglins
676 1204 1561 1413 Disere urtheill ist an ime sambstags
696 1321 1526 1434 den 14. 8bris 1637 erstattet
795 1383 1525 1504 und volstreckht worden.
489 1504 1499 1691 Wyl vorgedachts Sebastian Egglins
534 1634 1548 1787 vergicht und darin begriffne gottslesterung
553 1730 1539 1884 so gantz schröcklich, grüwlich und unerhört
426 1834 1540 1986 dass derglychen von einichem mentschen
481 1922 1548 2044 weder türcken, juden noch heyden niemalen
509 2003 1521 2156 erhört worden, alls habendt mein gn.
500 2079 1524 2219 herren und oberen, schuldtheys, räth
537 2181 1534 2307 und burger einhälig erkhendt, das man
520 2252 1529 2410 diselbe uss diserem thurnbuch uss¬
543 2345 1538 2517 rÿssen, verbrönnen und ab erdtrich
501 2415 1530 2614 schaffen sölle, damit sölcheren zu eewigen
486 2518 1528 2725 zythen nimermehr gedacht, noch die von
521 2601 1512 2762 von einichem mentschen glesen werde.
453 2690 1530 2928 Welches dan durch mich Niclauss Bachman
490 2778 1534 3010 der zeyth grichtschryber erstattet
466 2925 1427 3118 worden den 18. octobris 1637.
644 3075 1114 3219 Diche suctor Sidestso
2694 412 2809 497 110.
1687 515 2743 789 Vincintu Hoctius gewesner
1707 655 2737 902 Predicent zu Wullierens der landt¬
1714 786 2320 991 gen Ener Maches
1593 1029 2754 1271 Ws derselbige Gor etwas Zeyths, durch
1602 1161 2743 1349 henseiseum Grimuldiem einen Italiener
1604 1240 2772 1435 von martua anklagt und beschuldiget
1600 1334 2797 1517 worden, das er Inne zu einem ins trument
1582 1417 2810 1597 such vnd anweyzen wollen, sein Hortini
1599 1515 2760 1680 beseruwen mit gifft zuuergeben habent
1608 1618 2774 1800 Io min g. herken Bhar Vrsach genomen,
1609 1710 2719 1862 er vff ein persen zegenken, dieselbe
1616 1803 2732 1950 in des spital der prsuel gefengeklich
1603 1903 2749 2063 vnsetren zulassen. Folgents den hoch¬
1576 1994 2725 2159 gagten Edlen, Ehgetuesten, feomen,
1579 2084 2731 2248 zugnemen, fursichtigen, wesen Herren
1579 2182 2744 2344 S. Kiezintz Sturler deß Raths vnd
1602 2278 2717 2413 Gobirl Cen Wattenwyl, altt
1585 2368 2787 2537 edtvagt zu Marser, beeelchlich vffgetragen.
1573 2424 2787 2596 to Hortitum vber die bewusten Ihnen herren
1580 2518 2774 2673 schrifft zugestelten klag artiekel wort
1569 2588 2794 2742 nstlich, alls auch mit betroüwung der marter
1580 2699 2781 2822 uiniieren. Wie dan Wolehrengemelte
1562 2786 2730 2926 mine zochehrende herren Examinatoren
1571 2833 2730 2998 verstattung Ihr Gnaden beuelchs, solche
1572 2937 2779 3123 pomnation Vnderscheidenliche mahl son¬
1555 2991 2755 3198 Slih aber letstlich den 18. diß monats
1552 3110 2760 3293 gstettet. Der dan vff ernstliches zu¬
1591 3190 2585 3386 ehe entlich bekhent wie vollget.
1537 3265 2757 3459 Alls erstliche khonne er nicht ab sein sonder
1540 3378 2793 3574 henne, das er vff ein zeich syner frauwen
1563 3471 2794 3672 antiarioes oder Spannische Muggs yngeben
1551 3556 2708 3722 aber gantz nicht der meinung syen darmit
1527 3633 2749 3851 scheden sonnd vilmehr ad Venerem zu
2116 3793 2463 3906 reytzen
