3024 4032
741 763 1796 1096 ten ee hen asen
859 877 1774 1126 ein ribstüklin, ein halbe Hammen, ein guest endi
864 960 1588 1141 stuck brott entwendt und großen
752 1033 1764 1280 68 obenthalb wolen dem dorff an einem ohrt ein halbe
864 1141 1766 1351 brott und ein vierling frischen ankl entfräudt
734 1225 1759 1434 69 zu Uffwyl 3 ell eynigs thuch us der stuter
850 1317 1740 1505 bett und ein strangen faden, daruß er ein ebli
843 1400 1354 1519 machen laßen entwegen
718 1479 1757 1691 70 zu Biberist im wirtsih auß einhalben leib bey
809 1569 1551 1721 dem kestin ein stuck ffrisch genommen.
696 1643 1738 1795 71 zu Ober al sdorff ein halbenleib brott und etwas
823 1739 1255 1854 sigers entwendet.
662 1835 1739 1996 1 zu Bußwyl uff einem houff ein giger uß denei
688 1915 1729 2062 73 zu Stampenried ein leib brott und etwaß wenigge
677 2005 1551 2153 24 uff dem ganzen berg einstuck raaß. 1
677 2091 1715 2239 7 zu Hirhbrunnen uf einem hauß ohngefehr 3
796 2173 1478 2290 auch uß den rauch entwendet.
667 2271 1514 2390 76 an einem anderen ohrt ein par schu
661 2343 1694 2482 77 zu Hochloumen uß einem hauß otwaß geg
642 2441 1690 2562 78 b oben für buchsi in einem hauß einleihen
781 2507 1408 2633 brotd ab dem tisch genommen.
654 2593 1668 2725 79 zu Mooß Geedorff ein halten leib brotten
644 2680 1671 2814 80 zu Bellach uß einem hauß den vierteil in
733 2745 1317 2912 gantzen brotß genommen.
673 2866 1670 3031 Ic die nen hochgedacht mein gedig geren
739 2923 1676 3124 Oberren Disers sein Gotterbergs Jetza
693 3040 1655 3196 leßne, auch ohne marter bekhendt vlt
713 3082 1652 3274 seine diebstäl anghart und verrote
731 3161 1655 3375 auch wolerachten khonen, das er hind
720 3240 1663 3462 sein hertz nicht gerumpt, onder ehil
712 3302 1653 3538 derglychen vnd mehrere durch Im ic
711 3385 1612 3631 debstul im syeemhertzt versteckt.
688 3475 1641 3744 hatt Ihr Gbeden beuelch geben, das erite
717 3543 1641 3843 gngen nd verhend gel
2856 843 2958 934 105
1850 891 2907 1088 gefeckt werde, wie dan beschechen vnder hotten
1826 977 2959 1140 werg erstlichen den 9. martii diß gegenwertig
1818 1043 2940 1207 b38 ihnes im beysyn anhören und gegen
1835 1124 2939 1286 wertig khey der hochgeachten ehrermesten
1805 1206 2919 1364 fromen fernemen, fersichege wysen herren
1803 1283 2885 1434 Herren Jocans Rodolp Steigers deß Raths
1809 1355 2883 1493 Herren Sebastian Rors deß Watmeisters
1792 1435 2902 1588 heren vnnd von Bankers Großweybels
1804 1565 2861 1678 sampt ettlich weiblen meiner g. Herren
1760 1617 2869 1740 Vnd Oberren dieneren, vnd hernachden
1794 1685 2895 1815 rert zu Barzeli nachbeschribne dieb
1791 1769 2838 1908 stal und miißhandlunge zu Marztli
1786 1859 2855 1977 nit und ohne marter bekhent und ver
1772 1938 2836 2062 ehen, auch letstlich den 2a junii an der
1766 2003 2739 2145 Marter erhalten und bestähliget.
1969 2096 2742 2231 1t und zusampt den vorghenden.
1719 2159 2792 2332 eß ersten habeee mit hilff synes gesellen
1741 2244 2725 2395 kndees genant an einem märit ud
1757 2337 2796 2491 Soldthun etliche zueth gestalen vnd umb
1742 2417 2390 2556 Shguldern wihaufft
1767 2565 2846 2737 Mich hilff seiner gespänen die hievor angegebnen 6t
1727 2625 1905 2739 destolen
1743 2708 2790 2900 am letsten lugien marit einem farber alhier in der
1738 2784 2806 2983 statt thuch genommen, daßelbig einem hernach luter,
1745 2874 2468 3023 sach kramer verkaufft umb 2 lb
1708 2931 2761 3177 eynem pauren zu waberen uß einem treg darann
1721 3046 2795 3252 der schlußell gesteckt 30f anbahren gelt ent
1728 3109 2769 3342 wrendet und daßelbig gernech Hanß Springen zu
1721 3168 2569 3368 Cueger khofen ihme uff zu behalten geben.
1717 3266 2787 3526 abermahlen zu weberen mit hilff seynergespanen
1729 3351 2763 3579 s eineß panren Hanß w0 leiben brott genomen.
1693 3431 2733 3676 zu korserz uß einem hauß fünffleiben broth
1705 3534 1926 3631 entwendet.
