3024 4032
673 584 1617 913 der Sthtlig er
684 732 1619 1028 s es helgeng
546 832 1632 1157 n andtnen
651 951 1608 1212 Sochabert s auch inselbigem dorff In ein
653 1043 1601 1280 Spycher brecher wellen syenteber
661 1172 1590 1372 durch den Bauren verragt worden
657 1288 1593 1489 glychermassen habint sy vßien kelden
650 1391 1584 1557 etliche Zönen stuhlen wollen, hahigen
637 1484 1583 1669 aber den Keller nit öffren khömen.
649 1586 1540 1760 wyln ein persen darin glegen e¬
566 1662 1571 1877 Nichtwysch dadarnen heigertschaben
606 1811 1572 2005 tangen vor dem huß 10 strangengen
622 1896 964 2049 erwüttsiht.
577 1999 1547 2160 by Langnoue vfff einem hooff Imn
536 2087 1539 2259 Der kuchi das fleisch aß dem hafen
581 2186 1539 2357 gnomen vvnd mntemanderen geste¬
583 2283 1534 2443 nicht wyth da dannen vor einem au
577 2393 1540 2540 huß. den hembder, von dieent
590 2492 1521 2646 aun zinem leyb trage, die anderen s
581 2553 1524 2726 mit ampt obichem garn, habent sy durch
549 2667 1515 2818 ein bättler frauwen zu Guegdorf
540 2766 1513 2930 verkhauffen lassen vnd dzs erlösses
533 2878 839 3055 getheilt
465 2991 1486 3195 by Grundiß habent sy ein kellerg
423 3096 1424 3254 Dnet aber nützit funden, dan milch
459 3174 1488 3388 Bery kilchberg mit hilff erstget
476 3248 1476 3481 o ffemichen garn gestolen nd
470 3345 1465 3569 Bbergdorff umb 20 b ekhanft
440 3424 1465 3715 Nicht wyth dedannen, uß einen helbe
474 3550 1449 3827 zwen huß fhästen, die sy vmb z
458 3711 1290 3948 gulden khönfflich hingeben.
2572 655 2742 749 123.
1670 731 2704 943 sners hater auch angeben, das gedachte
1684 830 2693 1046 ie geller zworacht, jeder ein dienen
1651 913 2696 1145 sy sich imeiner scheüren uff dem höüw
1648 1003 2733 1259 ehabt ihren schandtlichen mutwillen vor
1659 1105 2744 1293 ybt, er aber habe sich deren aichtange¬
1645 1303 1805 1390 somen.
1623 1299 2740 1483 Item ann einem anderen Ihme namenshalber
1635 1391 2734 1585 gebekhandten orth hiegent sy drrüffigstrang
1643 1477 2712 1663 gam er fr�mbdet wild zu Solothuren
1614 1593 2668 1743 sek verkhaufft, da ihme zu synem theyl
1649 1672 2487 1847 rentzig batzen worden Ient.
1631 1800 2694 1921 Vin einem anderen Dorff zwey kässli ent¬
1598 1900 2576 2048 sikt vnd vmb 20 b. verkhaufft
1606 1985 2643 2155 Widals er gefangne von LandtBenmer
1600 2110 2679 2253 Cimmer seelichen Zur Matten by Inter¬
1605 2191 2697 2349 lichen, Inem getwessenn Neyster khommen
1600 2267 2679 2429 habe er zu Anderseenem ein sack vnnd
1611 2374 2229 2531 in huß kaßsli enfunckt
1590 2474 2673 2668 übermalen neit hilff vilgesagter syhner
1587 2582 2615 2728 conserten zu Kergstetten vier
1580 2673 2562 2826 Zulachen gstolten vnd verkhaufft
1579 2766 2679 2929 nit wyth dadannen ein ehrmen hafen den
1585 2860 2603 3006 senem Kessler vmb zwo tronen
1569 2944 1833 3052 hiegeben.
1546 3045 2657 3238 Hu Grientz herg er entzig ein lynlachen
1569 3147 2421 3291 und zwey hinbder gestolen
1555 3212 2625 3427 zu Anderstewes einehemen hafen,
1550 3322 2555 3489 zwey stuck fleisch und bin werseht
1530 3395 2668 3588 welche sachen er all einer frouwen zur
1543 3485 2671 3672 Matten daselbst worhafft. Die Schmide¬
1570 3582 2596 3783 ven sonst Trena genant, zubbracht
1574 3654 2161 3811 vnd verkhaufft habe.
