3024 4032
759 683 1655 989 ende en sesate
783 848 1649 1083 Ihr Teman, zwei Wesen wwas Schn
772 930 1646 1148 vnd vier froue angelt gestolen, snd
768 1027 1222 1184 ihren znbracht.
776 1133 1644 1368 Wichmensto ser zu destig s
787 1273 1618 1417 brochen und mit einsi synter gesellen
785 1349 1630 1500 etwas Schwyinenn Schmaltzes ge¬
777 1439 1643 1593 nomen, osy vmb viertzig batze erhen
749 1547 1628 1717 Band als er Caor tharen vnder vurbhe
744 1660 1617 1803 Hauptman Anders Gon Gonstette
760 1764 1607 1897 Inn wundten gemnet, habe er Im
771 1845 1584 1984 einem dorff genant Katz selbs
729 1924 1586 2082 Deit einhundert Sechözig gulden ent
769 2018 1602 2177 fröubdet, so Ihnen aber widerumb
754 2114 1396 2270 abgenomen worden sye.
719 2231 1603 2414 Zu Muleren in einem haß fürfle
764 2348 969 2461 brodt
720 2414 1590 2593 Im Kurtzerberg zwen leiben beide
746 2484 1582 2674 einhalben Kaß, Vndricht ellen thun
756 2604 1591 2733 ertnckt, das thuch sr ihren abgüht
693 2644 1578 2830 worden, das übrig aber habend sy
740 2804 1221 2935 darvon gebracht.
709 2851 1576 3062 Item vff einem Horf genant Im
713 2938 1591 3134 Vneffell, habe er zwen leiben bei
739 3046 1582 3225 ein stuck künß ein ancken ballen
726 3100 1586 3335 und zwer Juppen entragt, die hs
742 3182 1597 3444 s en en
693 3276 1592 3530 Das eis beig aber mit ein anderen gessen.
2604 673 2733 738 139.
1674 743 2719 954 Imallen habe ihrman, mit zusprung rünff
1697 821 2734 1060 sier gesellen, zu wangen vß einem glnse
1681 882 2711 1109 sacht brodt vnd vier maßancken genomen.
2035 1046 2102 1128 zu
1675 1057 2743 1223 Eheemassen sye er Man mit hilff noch zweyen
1705 1126 2713 1340 zuer grsellen, zu Lyß ann dem orth da
1682 1212 2728 1400 Ihr Reisgelt gelegen, durch ein verschafft
1676 1282 2739 1469 meren yngebrochen, das kißgelt samfft
1694 1365 2670 1537 ich daruß gestolen, da feere man zu
1698 1440 2754 1623 sem ditter theyl achthunders pfund worden.
1683 1592 2700 1753 shabt mit hilff deß shnlangst hingerichten
1686 1676 2644 1814 votzeimauwers vnd nach ies anderen
1676 1740 2716 1898 sner Gesellen, glychermassen understanden
1695 1849 2679 2007 Bußwyl zrzebrachen und Ihr eenß
1667 1952 2711 2090 selt zustälen habind aber ohngeschaffet
1679 2034 2118 2164 abzeichte müessen.
1661 2121 2644 2263 In Cr duchiberg heiger seichs brodt
1644 2211 2611 2356 vnd zwo auckenbalden entwerdt.
1679 2314 2701 2457 S E dreting habe er auch zubrechtn wellen,
1679 2408 2368 2542 se aber verragt worden.
1653 2489 2672 2657 zu Vießbach bey Eenren heigiert s ein
1656 2600 2685 2711 eller geoffnet wolß aber anders nicht
1654 2664 2732 2836 dan keyn darin gefunden, hengueet sy dessen
1679 2754 2157 2858 we getruncken.
1643 2804 2628 2985 Glichergstalten, se er dem Kirth zu
1648 2918 2621 3057 Efalteren in Kellerbrochen, wern
1651 2992 2641 3145 getruncken, darzu etliche stuck fleisch
1669 3093 2647 3218 ein halben laß vnd vier brodt
1663 3160 2640 3321 gestolen vnd Ihren Zubracht welches
1638 3264 2654 3416 so mit einanderen gnosen vnd verbrucht
1655 3340 1893 3452 habert.
