2448 3264
479 527 1192 662 wegenthal am wucheemarit den Gen
482 597 1182 724 lerert hutten, räff vnd krutzenten
479 652 748 733 verkhauffnet.
414 710 1192 873 Sonst wohne einer nicht wißh da dannen
479 786 1199 924 dem fuchli genant, der derglyche gsellen
488 877 1193 1000 velmalen herberg vnnd vnderschloaffges
478 937 1193 1063 heisse Hauß. den zunamen aberwest
483 994 635 1083 nicht.
434 1040 1184 1184 Sowohne nicht wißh von Freisen ein Sch¬
484 1123 1201 1240 macher, der thuen nicht allemn Herberg, vond
484 1175 1187 1302 auch anwysung gebe, wo etwas gefinden
471 1252 577 1337 7p
428 1308 1172 1408 Nehr vff dem Gleichenberg, habe er mit
456 1370 1177 1484 hilff synr gesellen einlice hußkäßli
432 1441 1168 1553 deren jeder ahnzuerdt 12 lb gewägen.
459 1509 965 1600 gholffen entfrömbden.
442 1590 1167 1715 zu Eiiladings uß einem durch zeröffenten
450 1666 1185 1768 F�ller habeit sy 3 breit ein ancken,
457 1740 1068 1832 ballen, vnd 1. käßli entrag.
432 1811 1181 1923 Dannotlinß habe er ouch inn letstbeschechee
419 1879 1172 1976 Frantzusischen werbung von einem hontman
447 1931 1165 2041 zu Solothurn, mit benelich ihme Sokdaten
419 1998 1195 2101 Zedingen vnd zuzefhurenn Siben krommen,
431 2047 1187 2161 pfargl mit denn er sich aber fortgemacht
415 2120 1175 2244 Bey Geeicht habe er zum Kirbachen 2
411 2197 1178 2302 Grodt, vnd zum Stecken mit durein fleis
433 2245 1167 2373 Ieß einem Reenchbuß entwendt, das fleg¬
418 2322 1178 2443 sye ihnen aber widerumb abgeagt worden
388 2398 1185 2550 In iderösth ein haupküsi und zwe mäß
424 2478 1094 2599 khorn dem Paster Zurichentzuckt.
384 2542 1185 2665 Konst habe er ouchhin vund weiner da er fröschl.
439 2615 1175 2745 mit hilff und anwysung yner frouwen iu
384 2646 1214 2791 Vermchner theüren Pisch, etliche mußthorn
442 2750 733 2851 ntfrömbdet.
1973 409 2032 457 15
1223 460 1999 678 zu Limpach mit zethun vilgemelten Haanß
1232 534 1993 729 Sllins habe er vorohngeschar 8 Jharen
1251 590 2021 799 20 leyben brodt, so fristhen uß dem ofenkhomen,
1246 742 1372 848 gestellen
1223 754 1966 921 Hargarten syenter und syre gesparen.
1257 807 1999 992 sonderlich Schredter, Inn ein Seyscherbrochen
1255 863 2011 1035 Vß denselben 10 hembder etliches bradtbem
1257 930 1986 1092 anderen sachen ertenndt, so Ihnen aber alles
1238 1016 1830 1149 widerumbabgenon werden se.
1233 1084 2023 1250 Item Hanß Fanckhuser zum Kanckhuß, habent
1269 1155 2015 1308 auchstin sycher geöffnet, vnd Eß demselbe
1269 1203 2025 1363 nthofen 3 mahkhäsen, ein halbe ythen
1272 1335 1544 1425 speck gestolen.
1269 1374 2042 1532 Diptschen Hanssen Kupfferschin Roff Stauffen,
1274 1463 2033 1567 eß zun Spycher drey thäfen 2 wyber
1263 1529 2048 1629 Söck ein halbe sthen schweynn fleisch Eand den
1263 1604 1550 1680 brodt georden.
1266 1668 2012 1776 Berners zu Marpoch heigent, vn ichauch In ein
1281 1731 2038 1831 bycher getrungen. zmldaruß 3 täck drey
1269 1799 1979 1895 khäsen vnd ein anckenballen entwendt.
1277 1870 2073 1998 zu Yberhvierkhäsen, die syuber restitu¬
1254 1969 1544 2048 Seesenmuessen.
1266 2024 2065 2150 Item Gilgen Marpacher im Endtlibuch eß
1283 2113 2068 2209 semseycher 2 tock 2 schürlitz 2
1287 2158 2066 2298 strken mit eindtfleisch und zwey huß kegtli
1294 2247 2116 2406 Hainel Sschiman von holtz by Erachselwaldt
1292 2321 2114 2445 zertsorch in spycher brochen daruß 2 rock
1248 2376 2113 2514 2. Ithen becken 12 ellenhußthuch entwent
1276 2445 2038 2595 und eß jeder all fünffbatze erlässt.
1284 2500 1495 2572 e Iea
1358 2541 2120 2657 vnherfal vß einem Spych 3 Röck ein
1288 2587 2066 2740 Schüklitz 3 bar schuech und zweybar
1293 2662 1725 2794 yyberhosen entragen.
