3024 4032
755 799 1772 1124 87 zue eff nsten e
875 935 1693 1162 wyb brott und ein strangen gaarn entzuckt.
734 1038 1786 1288 88 mehr mit hilff seyner gespanen zwey par willin ges
848 1144 1780 1364 genommen, selbige Hanß Gweigkhofer zu Ruch pff
812 1154 978 1295 geben.
720 1277 1761 1504 89 Im Buchi berg mit vriger hulff ein halben kelte
836 1377 1768 1568 Ankhen genommen, selbigen hernach den wirt zu faen
829 1453 1757 1641 khinden (welchem er angezeigt, daß er ihn gestelen
821 1513 1207 1637 zu behalten geben.
703 1629 1746 1811 Item zu Patterkhinden mit vordriger hulff er sehen
812 1718 1738 1870 Ochwegung fleisih genommen, selbige ger nach den enger
819 1779 1477 1922 sach krauwer umb i un verkaufft
676 1893 1748 2025 Aber auß einem ihme unbekhandten hauß daselbsten
809 1955 1739 2093 voriger hilff ein seiten fleisch entwendet und eih
803 2031 1632 2170 kramer gleichfahls umb ji sae verkaufft
652 2114 1709 2258 zu Eimppach mit vorger hilff einwesch genommen
773 2203 1699 2327 darunder  gembder und 70d 8 lb garn, welche
777 2294 1704 2405 sy hernach dem Lurgerbach krrmer umb 2t verkeen,
645 2390 1702 2513 zu milchin selbst ander nachts in einem spycher
774 2471 1705 2587 brochen daruß 2 kübell mit ancken und ein
761 2540 1684 2648 entfrombdet, selbiges alleß dem Cuterbach
761 2610 1685 2731 umb ein g verkaufft ist ohngefahr e der  sah
622 2710 1678 2846 zu Muli dorff uß einem gendterlin ein gerdign
752 2789 1671 2906 mit anckhen genommen, selbigen dem enperbachte
736 2863 1255 2973 umb 10 bazen erkauffen.
602 2941 1663 3093 zu Ophupbach selbst ander us einem gaden eh
733 3041 1661 3185 seiten fleisch entwendet selbige herrach deß sig
722 3079 1669 3259 bachs bruder zu Buchi umb ein gulden verkaufet
578 3163 1653 3379 Abermahlen zu Hagickhofen selbs ander in einen kale
707 3235 1655 3447 nachtf gebrochen und darauß 2 seiten fleishn eit
696 3315 1631 3483 wendet und die hernach unß Steyner zu Iegen
698 3449 1173 3581 umb 4 lb verkaufft.
572 3460 1638 3687 zu Beüren zum Hooff aber ein halbe seiten entweden
701 3540 1609 3752 und hernach den Lutterbach kremmer umb 2 g ve
700 3729 834 3825 kauff
2845 851 2954 968 160
1806 957 2935 1105 so zu Azickhofen bey nacht in ein kaller selbst ander
1849 1047 2895 1150 gebrochen undt daruß drey seiten fleisch gestolen,
1852 1099 2916 1216 eine darvon dem wirt zu Lußlungen ummb 1 aber die
1854 1168 2869 1297 anderen zwo den wirt buch ser zu Patterkhinden
1853 1229 2217 1323 mb 2 b verkaufft
1760 1320 2879 1437 zu Mulidorff mit hilff eines anderen 4 hynlachen
1835 1380 2900 1510 und 8 ell tuch entfrombdet und selbiges ger
1821 1441 2910 1569 nach dem lutterbach kremmer umb 2 g verkaufft
1751 1558 2889 1679 abermehlen obnfehr von gchupoffen mit
1828 1640 2814 1752 biger hilff nachts in ein keller gebrochen undt
1799 1710 2867 1838 darauß 1/seiten flisch entwendet zu Barißwyl
1822 1780 2847 1928 einem buren verkaufft, habe noch mitt darfur
1800 1852 2758 2008 empfangen, wüßte auch nit wie der pür geyße.
1744 1923 2849 2087 zu Rottenbuel einem pauren bey tag mit obiger
1808 2013 2795 2183 hilff ein kaß genommen und einen unbekhandten
1805 2089 2424 2227 grempler umbt verkaufft
1728 2187 2741 2348 uff einem Hooff im holz genandt mit voriger
1788 2280 2833 2450 huff i ein kalder gebrochen und zwen kaßen daruß
1792 2349 2779 2495 entwendt, aber einem unbeckhandten frempler
1789 2412 2254 2527 umb 2 l verkaufft.
1710 2488 2796 2676 zu Bnoswyl mit hilff eines anderen in einem
1774 2566 2792 2780 Kaller nachts gebrachen und ein seiten fleisch aruß
1762 2630 2788 2822 entwendt, auch einem unbekhandten kramer umb
1783 2705 2076 2834 d verkaufft.
1698 2762 2780 2998 zu wyningen uß eines unbekhandten puren hause
1763 2891 2751 3075 nit vordriger hiff us einem gaden ein ganzen
1754 2970 2836 3163 bacheten brof genommen umb 6 batzen dar von ver
1750 3039 1887 3117 kaufft.
1672 3074 2719 3333 zu Dignamw nachts auß einem keller2 krrs
1739 3203 2794 3377 entfrombdet den ganzen einem gschirtrager umb
1736 3244 2139 3383 sgulden verkaufft
1661 3321 2806 3557 zu Eys mit hilff eineß anderen us einem keller
1721 3421 2736 3620 leiben broff 2 anckenballen entfromdet
1718 3486 2038 3586 vndt genoßen.
1653 3518 2810 3766 Im dureigreben nachts uß einem kalterr käßen, stock
1721 3603 2802 3837 ankhen genommen, alles einer frauwen zu Burgdorff umb
1714 3671 2049 3820 d verkauff.
