3024 4032
724 813 1748 1070 30 an einem anderen ohrt mit hilff einmurbiel un
833 921 1758 1164 ein ax genommen, darvon ihme in seinen theis e
820 962 989 1070 worden.
710 1052 1537 1229 31 zu sympach ein grauwen tschoppen.
694 1147 1721 1384 32 zu ihnochwyl ein stuckli gott und zu reden
811 1246 1368 1387 Hemmbdli entragen helffen
692 1331 1734 1520 33 zu Graffenried mit hilff w leiben brott genmn
823 1413 1465 1552 und mit einanderen getheilt
688 1501 1720 1712 34 zu Frießwyl eintzig 5 kronen genommen selbet
815 1597 1392 1733 seiner frauwen zugebracht
674 1703 1647 1863 35 zu he lohn ein halbe seiten fleisch genommen
668 1818 1538 1959 36 zu Patter kinden ein halbenbachen
678 1903 1315 2020 37 zu Egg 6 leyben brott
679 1983 1703 2136 38 zu Mesen in Yfelins hauß ein halbe seiten frysh
795 2089 951 2153 nommen
677 2137 1696 2271 39 zu Wangen mit hilff v leiben brott ein halben kos
673 2254 1711 2377 40 und enthalb Staffis burg ein leib brotf, ein he
793 2337 1708 2456 rüllenst tuch und ein strangen grebeß garn ge
643 2403 1702 2567 41 Im Ammenthal bey affalteren ein halbe auf
794 2516 1701 2614 und ein schwarzen vock genommen, davon ihne en
770 2571 1417 2699 halbe kronen zu theil worden
651 2647 1691 2813 42 mntt hilff etlichen battlerbuben ein halb erß
767 2752 1688 2888 batleteß brott und nit weyth von e schangen
656 2802 1694 2936 1 enckl soollader ein eynlachen auch nit
644 2853 1679 3044 44 von Venzingen ein hatt (us welchen sy ein geb
769 2989 1354 3100 kronnen erloßt) genommen.
620 3008 1690 3223 45 Im Stampfli Graben ein halben leib brott, byß
637 3098 1673 3301 46 niseberg ein naw Hembdli, daß er hernach uit
744 3230 992 3334 verkaufft.
622 3239 1671 3449 41 zu Wyler dem Stümpli schnyder ein murge
619 3321 1667 3520 8 im graben ein gammen und bey pellen geben
612 3373 1675 3628 49 tuch, (da er die ellen seynem bruder umb 6 f
748 3538 1270 3653 aberkaufft entragt
2786 802 2875 892 1
1734 898 2887 1088 zu Boumgarten 3 ell grnen wullin tuch genomen
1802 962 2911 1133 das selbign verkauffen und seye ihme darvon 6 baten
1804 1114 1937 1197 worden
1715 1134 2908 1298 bey büell us einem hauß ein stuckli eynigs tuch sambt
1804 1212 2906 1344 zweyen par Hoosen vost ganz neüw rotten strumpfl
1753 1287 2780 1432 so wie in gleichen zu mett einstuckli ven weyses
1800 1399 2031 1514 auch gestolen.
1718 1478 2857 1611 sor ohngefahr einem jahr zu Rutti us der underen
1804 1591 2823 1652 Uli ungefarlich bey 3 vierlingmal in einem
1796 1646 2383 1751 eckli erwütscht und entragen
1728 1729 2836 1860 zu Brentzickhofen uß Stukins hauß ein halben
1786 1817 2588 1897 eib brott und 2 lb kaß ertfromledet
1731 1883 2785 2007 zu Buenplen uß einem hauß ein halben leib brott
1780 1972 2692 2076 und ein halb  ziger gnommen und großen
1719 2066 2862 2191 zu Eimpach in eines puren hauß ein stuck der rindt
1774 2150 2497 2259 fleisch und ein stuck brott genommen.
1719 2219 2873 2383 er zu Gylenbach Hanß Winten 4 ell zwilchen, daruß
1781 2323 2543 2423 rein wansell machen laßen genommen.
1719 2365 2801 2525 zu Dippein mans hemb genommen und an seyn leib
1785 2458 1905 2530 gelegt
1701 2492 2808 2649 zu Heymhaußen uß eines bauren hauß ein leib brott
1768 2584 2585 2728 entzwackt und zu Niderauß 1lb ziger
1699 2633 2811 2822 zu Ober Galdtburg uff einem horff einpar zwilch
1760 2748 2854 2905 Josen genommen, selbige usmangell an sein leib gelegt
1702 2775 2806 2951 zu Hindellbanck in wirts hauß en halben leib brott
1699 2844 2835 3044 zu Oberburg auch ein halben leib brott sambt 2 lben
1764 2945 2138 3066 Hüßertherimnadet
1685 2977 2801 3201 zu Wattenwyl uf einen huß ohngefahr 2 lb
1761 3097 2502 3256 unndtfleisch genommen und verbrucht.
1689 3126 2798 3353 In einem dorff nit weych von der pappyrkilen uß
1754 3242 2798 3399 einem hauß ohngefahr den 3. theil vor einem leiben
1769 3301 1905 3366 grott.
1684 3302 2364 3497 zu nider lindach ein stuck diger
1684 3399 2861 3627 Oberhalb suberg uß einen hauß ein nuwen schin hutt
1763 3514 1937 3578 genomen
