3024 4032
545 378 1524 779 bit v da p
961 658 1392 845 Von Ginregln
484 785 1546 1076 Alß dan selbige sich leyder wider die Seth
489 923 1528 1150 Gotteß vnnd Erbe deß nechsten, sowgl
493 1039 1536 1219 geßen, daß sy sich nit allein mit vorgenante
475 1111 1541 1310 Hanß Tugsfürger vor etwaß zeitß in he
493 1196 1543 1387 unnd Uppigkheit fleischlich vermicht, sonder
469 1297 1527 1471 disem Hanßen Laderacg sein Rugspirger
495 1388 1535 1554 nache blutß verwandten(alß der mit seyn
492 1469 1534 1633 Augspurgerß Mutter geschwustert khindis
482 1571 1513 1729 urch verkupplung geehlichet, vnnd hiene
496 1659 1513 1796 Blutchand begangen.ander nach disem es
518 1766 1545 1885 sonderem unwillen unnd wider ihne tugst
482 1844 1524 1969 Alß der so ihrer eheren pruciert, geschendt und
484 1920 1525 2049 mit seynem vetteren Läderach ehelich versegt
499 2009 1513 2157 unnd verpflichten helffen unnd gefaßere
448 2106 1528 2217 dyrigkheit uß trib deß boßen heists swe
499 2179 1513 2328 verfüehren laßen. Daß sy dem Ammant
503 2252 1512 2415 spurger zu Sinringen obgedachts ihreß beben
487 2349 1532 2493 bruder, wyl er dohmahlen by ihme gedirent
470 2423 1512 2587 hauß angehundet unnd ob seynen hopff zee
476 2509 1510 2664 bronnen ihren vorgesezt unnd (wo der
489 2595 1507 2762 mechtig Gott nit gnedig abgewendt) in daß
477 2669 1501 2829 werck gerichtet, hie mit vil unschuldige wit
481 2758 1492 2946 in ußersteß verderben, ja umb Eyben
472 2833 1518 3039 leben gebracht unnd gestarct hette, welle
458 2887 1502 3133 wegen dan meyn gnedig erren unnd
467 3014 1508 3243 beren gnngsame ursach gehebt, sr vonr selch
443 3096 1503 3320 schweren vnndt Crimialischen nußgen
464 3147 1509 3415 lingen wegen an lyb vnndt Ereben gestraffe
451 3255 1508 3506 wyle aber ihr gnaden mehr zur guette da
464 3302 1516 3629 zur chreyse genecgt  a n
477 3414 1512 3698 vnndt gefallen.  sy die gedachte Auhse
461 3529 1479 3810 zu eyner gnedigen, vnndt Jedoch mehr dem
464 3608 1477 3881 wol verdienten strafft, dahin zuer hane
2521 310 2635 404 104
1553 426 2626 776 gng e
1569 499 2722 849 t in geten gete
1578 637 2677 908 ahe unnd dannethm in daß hallen werken
1582 690 2714 997 Eß uff schembahre beßer auch gefeßlet werden.
1584 976 1705 1059 b
1586 942 2644 1193 diser urtheil ist an ihme den 11. julii 1677
1570 1132 1899 1288 gesuertuerden.
1780 1325 2618 1551 Jdolff Brhyblin
1741 1473 2573 1629 von Walperswyll im ambt
1733 1552 2597 1702 olten Solothurinsch gebiets
1837 1669 2157 1783 Anheinich.
1571 1797 2713 1942 d ach dem derselbig gfänglich alhero ge¬
1563 1874 2707 2001 pracht und uß beuelih meiner gnädigen
1607 1969 2702 2102 meeren und oberen den 17. auguistii 1687.
1579 2029 2587 2172 durch mein hochehrende Henren hr.
1557 2123 2774 2228 Wilhelm Hirtz das Rhattis, Hr Jeronmunß
1593 2217 2805 2324 Huber der bürgeren und hr Grosweibell
1579 2292 2763 2438 andt von Bürmn im Thurm zu Marzeli
1593 2381 2768 2491 kinlich examminiert worden, hat er
1584 2468 2813 2615 nach volgende diebställ daselbst angeben
1593 2536 2788 2686 ud bekehendt, fur das erste, das
1591 2628 2832 2816 habe er vor etwas wenigk zeites an einem
1593 2736 2817 2864 gnstag einen genambt Loelehen Hans, (von
1581 2768 2826 2952 Bünher derselbig sey könne er nit wüssen)
1590 2853 2775 3026 hme in der Statt in einem Keller an¬
1600 2958 2846 3161 etroffen, der inne, alls sy mit ein andren
1597 3005 2800 3193 Metrunckhl gefragt, ob er mit im wolle
1601 3143 2750 3281 er wusse an einem ohrtt bratt, Alls
1586 3188 2785 3366 st nun darin verwilliget, vnd geg. Kuntz
1592 3268 2811 3454 mit ein anderen konnen, habe der gemelt
1585 3325 2775 3511 lockhl hauß in einer matten, allda er e
1599 3431 2761 3608 von den junigl so inne alhero gebracht
1586 3506 2841 3695 gegryffen und verwendt worden, geheisen
1588 3594 2796 3746 wortten, achtung zugeben, daß niemandt
1593 3653 2753 3830 komme, seyendt aber ob der thatt alls
1605 3704 2756 3927 ynbreeht wollen in einen spieher,
1591 3781 2559 3981 verstort und er drüber ergriffen,
