3024 4032
817 839 1679 1074 die jungen seme fürgehaltee kleider
848 961 1662 1152 sachen, obgleich woll er gleichfalt
854 1043 1674 1225 gewüst, das es gestolne und andtwege
849 1141 1663 1300 fachl wahren, gewesen, angenomen,
850 1225 1666 1375 vnd abgekhaufft, namblichen Vier an
844 1298 1678 1469 egmen kleider (da aber im uß
830 1380 1651 1486 der deß zu Burdorff in banden
833 1453 1660 1604 ligenden Waldhausis vergiecht, zec
848 1533 1680 1674 anlegginen vermeldet) jede e 1gu
825 1617 1663 1744 Ein wallen hußthueh von 40 ell i
831 1694 1663 1812 a 1 batze 6 ell zwilch. 3 phar s
831 1761 1658 1906 iedes ec 10 batn habe es glichen
832 1862 1394 1995 mit bahr gelt bezält,
810 1977 1656 2130 Wie Ingleichem vff ein ander Ich
772 2091 1621 2197 habe er imme fluckhing 8 oder 1
830 2156 1632 2296 Eylachen in obigem wahrt oder
826 2221 1637 2347 pryß und i beth zweehen, umb 1it
832 2282 1642 2413 abgenomen, auch abenmessig gebest
803 2366 1620 2502 daß es endtwendtes gndt
850 2457 1609 2587 Vbrige habe er der gleichen, nath
811 2521 1623 2660 anders von verdächtigen personen
811 2591 1617 2770 oder sonst solich gutt nicht abge¬
812 2682 1626 2828 nomen, nach an sich erkhaufft, auc
775 2752 1626 2922 kein unzug oder gemeinchafft
793 2807 1629 3017 somklichen bösen buben gehabt und
793 2883 1637 3112 gehalten sy vill weniger zu derse
795 2992 1617 3180 Mißhandlungen angewysen und zr
786 3168 1019 3275 geben
766 3171 1595 3401 Ist ein mahl ledig, daß ander ei
780 3203 1598 3467 n en en dhal
928 3327 1494 3519 gegelt woren.
768 3380 1593 3649 gee
1505 3497 1609 3582 und
797 3431 1611 3708 ae n en
775 3528 1525 3781 Aen berde
785 3657 1439 3852 deheren gen ale
789 3625 1592 3937 e
779 3758 1482 4005 g ddt agen
531 3789 791 3950 2 werden uind
2666 720 2802 810 148.
1799 798 2661 1008 Andiß Bonnid von
1746 929 2520 1129 frauwen Caß pelen, des Ampts
1902 1005 2527 1154 sonst der Cappelen bub
1960 1098 2240 1214 genambts
1761 1229 2698 1382 Nach dem derselbig In enwer meiner
1731 1310 2746 1459 gnädigen herren und oberen gefangen,
1740 1374 2737 1541 haff alhier ingebracht worden. ist er
1719 1474 2739 1654 D ihre a gesimen, so woll den 5. mari
1747 1538 2772 1697 638 In beysein und gegenwahrtt meines
1736 1625 2724 1785 hochgeachten, auch ehren vesten, fromen
1743 1720 2680 1872 fürnemmen, fürsichtigen, wysen Herren
1738 1816 2789 1944 Herr Obraham von Werdts des kleinen
1733 1908 2691 2026 ghattes, hr Sammell Fischers der
1711 1988 2676 2094 Burgeren, hr Bauid von Beurm
1734 2090 2709 2201 Großwreibels,. Allß auch hernach vff
1717 2170 2773 2300 frintag den 25. dito iras abenmässiger g
1730 2268 2746 2384 gegenwurddigkheit Ehrengemeltes meines
1730 2347 2710 2459 orhehrenden Herren von Werdts, Se
1722 2432 2773 2583 Hnß Ullrich Bundelinß der burgeren
1750 2517 2689 2641 und hr Großweibels von Bengen,
1730 2605 2653 2718 und etlich meiner (g herren, dienes
1719 2688 2645 2837 der weiblen, im thuen zu Marzili
1720 2761 2705 2899 erstlich mit ernsthafftigen und berregliche.
1720 2859 2703 2972 wortten, hernach auch mit der Marttes
1726 2933 2659 3074 in examiniert und befragt worden
1711 3046 2725 3152 hatt er nachvolgende unßhandlungen
1714 3105 2702 3250 und diebställ begangen und gethan zu
1685 3183 2650 3314 haben bekhendt und volgendts an der
1717 3270 2732 3402 martter erhalten Deß ersten
1719 3342 2744 3481 nach dem e g banden deß gehallen
1717 3416 2782 3557 wereekihs, (daß er sich billich zu einer wahre,
1720 3500 2655 3606 nung, züehtigung und besserer anstellung
1732 3578 2773 3701 seines geubten Casterhafften Läbens, (so aber
1736 3628 2717 3771 leider nicht bescheehen) hate gereichen und
1722 3722 2787 3879 dienen lassen sollen) widerumb erlassen
