3024 4032
409 465 1335 681 Hans Gunrad Beringer
496 591 1290 750 Eirthzum Faren ann der
775 703 1020 814 Sonsen.
344 828 1393 1032 Reckhendt. (ie das sich vor ettwas zuse
400 933 1394 1086 begeben, das der hingerichte Janso Jacab
389 1026 1394 1208 Vesser vnd noch einer siuer gesellen, s
364 1132 1392 1285 Ihme aun die Senssen thonen feder im
364 1236 1394 1411 bende thuchgehapt, das sy ihme fheil
394 1322 1405 1497 gepotten. Nch dem er sölichen gebhat
388 1426 1379 1594 abgeschlagen. Habendt sy dasselbigk
388 1544 1376 1703 Syner Feirtschafft nun ein besonder
343 1635 1391 1793 edoch unbeschlossees ortt zu behalten
380 1732 1396 1865 Als sich nun hernach befunden, das diser
388 1821 1414 1986 shuch hans wisen gsinse und solches
373 1922 1396 2084 Iner feirtschafft vnnd wardt heige
401 1996 1402 2190 sich derselbig erklagt, das ihme nachme
407 2120 1413 2260 sachen entfraubdet worden yen und al
384 2192 1406 2366 Shliessen wellen, das auch dan ander zud
382 2300 1403 2493 Ihme sein muesse, anne deßhalb eestlich
380 2379 1408 2553 erfucht, vnd seinsach so wysch gebracht
398 2488 1416 2683 er ihne speüchlich we d 28 f ge
404 2583 1403 2796 müeser ohngeacht erüilzit wsche
385 2719 1113 2885 hinder Ihme ghan heige
344 2817 1413 3023 Demnach sie auch nicht weiniger d
415 2914 1420 3119 ein fragte unt dem Kryblirger
389 2979 1421 3265 byt 40 pfunden wirdchn gebracht, so
384 3119 1417 3376 frew vmb 3 F khaufftlehe
407 3174 1427 3444 aber im nnuesten nicht gedacht e
406 3273 1414 3602 grest andet sale getut
391 3416 1420 3670 des es selbig frauren eigenthun
395 3645 664 3856 ghinse.
2452 223 2541 319 60.
1431 316 2440 683 et e
1451 438 2592 812 enter he obe
1450 557 2602 846 en eeg
1472 666 2568 939 eben, habe sy aber nicht khent nach vernemt
1456 790 2270 1059 stichi eie arset
1506 1337 2397 1607 Einn Müller Cori
1564 1463 2419 1713 Furkein Er ampt buendorff.
1487 1637 2546 1870 Inselbig bekhendt, das als sy vor disem
1481 1770 2580 1941 beyder frome Erruggkers dienet habe
1487 1883 2570 2062 sy einer ihrer mit vlagt 13 batzen aß
1455 2010 1997 2171 Den dock genomen,
1490 2116 2569 2237 unnd mit hilff nach einer anderen magt
1484 2216 2497 2369 zu wysse ziecht, de deren
1502 2302 2606 2472 . Curthurch malchn lassen, vnd ihren eins
1474 2404 2552 2589 farken worden sye, es sye aber die
1479 2530 2626 2691 renn dessen gueich Innen warden Ihren
1459 2620 2569 2795 vnthäler verzigen und das sürthuh
1472 2688 1725 2868 chunke.
1487 2814 2660 3036 vsonstnusgut wychers bekhenne, Wellen.
