2448 3264
683 520 1148 661 Bistina gost von
731 653 1064 727 Eangro
459 707 1193 867 Alls daß E. G. beelchders die
519 791 1181 923 Großweybell und Grichtschryben
510 862 1189 1006 diesern Signau gefencklich allha
528 936 1194 1060 vberschickte Tatha Christina Joh¬
485 1000 1199 1127 ven Langnauw vber die Ihren für
533 1058 1195 1186 gehalten vnd von Signauschrifft
480 1131 1201 1233 ech zngelangte gundten examon
474 1187 1207 1317 und wort ernstlich befragt worden
506 1261 1199 1362 hatt s vber den einen Vondanden
465 1314 1198 1454 Wendten geantworßet, wie vollge
486 1439 1189 1542 Erstlich wer der Schnyder ann der
510 1505 1200 1598 seygen gassen sye, dem man Ihrem Ir
508 1572 1197 1674 vedn gethanem furgeben nach
487 1635 1198 1725 Vilgestolen zeug, zn sonderlich kleid
512 1705 1198 1800 zutrage, de er anderst mache vm
488 1760 1205 1847 dan sein trauw ann der auffenwag
468 1819 1199 1921 verkhouffe? hat sy geantwortet, si
491 1878 1199 1994 khenne denstubers nicht aber wol Iu
495 1938 1187 2042 fromen die ein grose Fleiche trkoue,
484 2005 1183 2100 Endetum genamt ze. Sy habe aber
464 2055 1181 2165 das er gestoben Zeug abneme, nit selbs
477 2099 1176 2235 gesechen, sonder ferudrigen Jats, von
451 2166 1181 2289 Semem alhie gefangnen schwartzenn
494 2232 1200 2358 meidtli Elsi genant uß dem Frybes
471 2314 1188 2439 piet purtig, verstanden, wie er dann
452 2369 1174 2487 Domalen by 18 wyberröcken, die
471 2427 1185 2556 erverkherffen wollen by einander
466 2495 1195 2645 gehapt haben solle, dem s ouch domalt
477 2552 1200 2689 ein schleichten schwortzkrock Amb
478 2598 1209 2762 abkhaufft hernge, Vnnd habe Ih eren gedacht
471 2683 1193 2828 schwartz Elsi das huß zeigt, sye ander
457 2764 1175 2909 Herren gutzter vff der linggen ham
1952 411 2029 465 23
1223 490 1996 695 wol vnden, es sie aber deser Schnyder in
1293 536 2016 724 ein angerotnen burger, dan sy wol gefecen
1267 607 2041 782 vnd ver Ihne verstanden, Als sy ferndengen
1269 674 1991 848 das dem Prck khaufft, das er vmb das
1277 726 1954 894 beuegrecht anhalten vnd nachhin lauffe
1263 795 1989 956 Vnd habe deß Scheyders frauw domalen
1289 838 1988 998 alle zinsthag ander ancken wagen kleider
1299 904 2007 1051 und indere derglychen sachen theilghalte.
1246 1031 1994 1190 Bredals me sy für das andere befragt
1273 1116 1961 1239 worden, was sih für khundtsame zu der
1213 1154 2068 1284 Vileralten fromwen gehept habe, vnd ob dieselbe
1211 1226 2004 1369 ar gedachter schwyeder gestolen zeüg zu
1283 1277 2003 1428 trage, hat sy fürgeben. s ehenme die
1281 1352 1988 1476 selbige nit sonders, allein ferndergen
1282 1416 2003 1552 dreß he s wnder deß Schryders haß¬
1306 1492 2014 1609 thüren gestanden, mit einem haffn vnd
1284 1553 1997 1654 habe vorgemeltes Elsi sy bericttet
1270 1614 2023 1725 das disere Geyßleren dem schnyder
1296 1694 2066 1787 vilzeüg zutragen thüge, welche auch
1303 1760 2085 1852 Ir der gefangenn gengem dochterli von
1281 1814 2040 1914 deigen dars ein opffelküechl zuessen
1305 1887 2086 1984 geben, deob woruf ersehr franck
1266 1938 2079 2035 worden und sidtherd mit einem sanderbar
1274 2001 2093 2119 doch behafftet zu anders sy Ehlem khunk,
1323 2073 2032 2199 ane zu diser Gzeyßkeren heige.
1287 2123 2042 2260 wusse auch nicht wo sy sich Jethander
1309 2190 1657 2304 enthalten thüge .
1272 2277 2086 2455 Dans iht disere Christina Jost mit sampt Vrß
1301 2364 2030 2507 igeli von Morste Ihreem Jüerind, alhie
1313 2414 2075 2566 af bey einem Monatlang gfangen gwesen
1307 2466 2067 2615 von theil darum, das sy mit Ihme also Inn
1291 2497 2080 2679 Burswys umbeianderen Jogl eheil
1274 2586 2077 2732 dan das man verhafft Caß vaß Ihren Zerr¬
1297 2631 2091 2793 thuren, wer inen gsellenzent, wyl sy
1301 2713 2081 2867 aber derontkhine kentnoch angeben. Ist
1287 2750 2084 2934 daraben ohne wischere traff ledig gelassen
1801 2921 2053 3020 werden.
