3024 4032
247 458 1412 722 vn Varbara Vielandt, sein dicke dise
394 577 1427 824 in, einalte wolbetagte frouw Zeuge
357 650 1429 913 Alls ann dem tag, da diekein has mit ei
385 796 1421 987 ngelassen, sin Schwacher Gten Gu
381 871 1416 1051 gueedt daher khomen, habe er denselben
390 974 1417 1157 lich empfangen, also bald hinder das huß
388 1074 1419 1238 Ihr zeugen khomen, vnd yner frauwen
393 1161 1411 1330 Käller schlüsslen nachgfragt, Als un
415 1280 1414 1443 nun sein frouw daher khomen, habe er zu
384 1333 1417 1498 Ihren gesagt, du soltese dich fröuwen wa
387 1430 1402 1605 dem Vatter zu die kompt Ihme guts
376 1546 1401 1678 dann ich ein gut verthuetwen von dme trag¬
380 1636 1413 1783 daruff sy die Tochter gfluchet vnnd ge
356 1728 1414 1875 das Ihme der Jagell Schlach und der
377 1823 1419 1966 Donner Schieß, so ich Jetzetwas hab, wi
393 1913 1261 2054 er khomen gind mirs abzëchen.
346 2036 1401 2194 Hans Stebler von Ziegeleind in ehrlich
386 2145 1401 2290 vierlumbdeterersen habet, als a
344 2252 1400 2395 Dicks frauw vber ihres Widersetzen
399 2350 1392 2503 eineem beschalten, vnd Ihren gesagt
378 2434 1391 2596 solle Ihrem Vatter guts thun, habe s
362 2543 1385 2715 hatt Inne der Schmuffell hartrag, sol
377 2615 1377 2820 er eune nder hinweg, der Schalm
396 2817 1385 3010 Zammel blbracht, ein auch zumerlie
352 2919 1383 3106 person halet. Als sy offtaezegen
374 2990 1387 3211 ein fassmit irzn Cholffen vrlegge
377 3084 1380 3324 erihnen ein ernnet geben. Als mud
375 3193 1381 3396 brodt vorhandetn ware, haber ghe
362 3291 1378 3495 michen Sein from aller sie vmb
368 3335 1390 3641 t alg tal e d
339 3476 1381 3734 kere nun er vutter gschlacht wellt
356 3557 1368 3838 habe Isten allem Fliethern gredt, das
300 3773 1057 3978 Der Zagell Schlage.
2559 309 2657 390 68
1490 420 2622 669 Hebent hiemit vorgemelte Zeugl Ihre Cnstag, mit
1500 509 2500 763 den kynt bestähtiget und geendet.
1476 602 2458 851 Aitom 24. Augus ti. Anno 1636
1487 763 2641 1017 Istdurch mnste herren die Rätherkhent
1501 858 2590 1052 ds sy vor der gmeind  schapffen inn
1499 942 2605 1156 ifmer versamelung eim widerruff thu¬
1510 1031 2583 1226 sölle und uff abtrag erstens dann
1487 1176 2107 1343 ledig gelassen wirdt.
1488 1294 2663 1486 Anna Rucht Petter Ruchtis deßzieg¬
2358 1398 2637 1473 tochter.
1526 1420 2088 1524 lero von Bürens eheliche
1475 1501 2649 1657 Aedanit dieselbige den 26. tag verschinenn
1493 1588 2622 1707 aucftmonats wegenn eines gwüßen diebstals so sy
1508 1657 2654 1753 Tuggenstein begangenn, Inn der Herrschafft Worb
1514 1711 2639 1843 ghingeklichenn eingezogenn vnd volgents durch den
1515 1762 2647 1883 vierenn daselbstenn meinen g ht und oberenn
1515 1833 2622 1935 verschickt. Ist nun dieselbe uff den 2. tag herpst
1509 1898 2629 2006 nonnts us hochgedachtes meiner g h beuelch durch
1498 2019 2604 2116 und h. Andres Goatteu aman zur rathhuß, daß
1501 2070 2633 2169 gestenn raths, darüber zu red gestelt und befragt
1496 1952 2557 2047 H Samnel Has daß klemen, sr Dietrich Baye
1504 2100 2687 2250 worden, die hat nun ohne marter bekent, wie volget
1468 2216 2629 2373 Erstlichem, es sye unquerdt 14 tag vor gschinem st
1493 2312 2636 2420 dhanstag ein gwüster müllerknecht urs genamptn
1493 2383 2657 2472 dissem zunamen iren unbekant, so sunsten von Mürch
1497 2443 2652 2541 ingenn sein sölle und domalenn zu Madretsch ge
1488 2492 2643 2608 dint habe, zu ira zu ires vatters huß kommenn.
1497 2564 2641 2678 daselbstenn sy inn der Hofstatt geharket habe, der
1490 2615 2650 2734 habe sy gegrnstt und ira früntlich zugsprochen, welche
1489 2695 2661 2810 ein sy gedanckt, Der habe sy darrüber gheisten imme zu
1484 2737 2639 2865 s sutters müli nachnotgenn, er wolle mit demen
1475 2808 2652 2935 Müllerknecht daselbsten einen trunck thun, wellichem
1479 2857 2618 3004 hybald daruff gefolget. inne dorten angetroffen und
1484 2917 2622 3046 by den 2. gleseren mit wyn abgenommen und bald sy
1472 2976 2673 3131 denselbenn getrunckenn, seye sy dergstalten in iung ver-
1479 3041 2667 3197 iebt worden, das sy nit gemeint, das sy zun verlaßen könde.
1479 3097 2610 3230 ütdestomen der sye sy widerumb heimb inn ires
1468 3141 2653 3276 vatters hus gangenn. Inn angehender nacht aber
1477 3230 2682 3353 eyn er der müllerknecht zu Ira zu Ires vatters husen
1464 3280 2666 3426 komen, bey dem sy ohnwüstent irer eiteren bis ohne
1460 3338 2669 3478 gfardt umb zechen uhren hinder dem huß geseßen, der
1468 3398 2623 3544 hbe zra dorgstaltenn gutte und glatte wort
1473 3476 2661 3597 ürgebenn, das sy sich ze langere mehr gegen im verliebt
1462 3517 2634 3659 Jeoch seye er domalenn henregg gangen und sy hab
1452 3565 2653 3721 den nit mehr gesechenn biß uff s Johans Tag am Bü
1455 3637 2633 3791 ein merit daselbstenn hab er sy widerumb ange
1450 3690 2666 3857 treffenn und mit im hirüber nach beiben zn das wirts
1461 3747 2667 3905 zus gefürt, daselbsten sy abermalen mit imme getrunckenn
