3024 4032
2521 643 2662 719 133.
1681 793 2379 997 Weiten naa
1768 882 2517 1063 von Gamppenen in der
1754 990 2406 1128 Ampthey Murtten an¬
1916 1062 2155 1127 Heinisch
1651 1120 2687 1298 Nach dem er wegen ettlicher zu
1657 1194 2707 1392 entzkhaffen andtführed und verlahrnen
1664 1293 2672 1469 ee Creuerenter gehwynen, daß er
1649 1351 2641 1542 deselben genomen haben solle, verdächtig
1658 1443 2719 1625 gefallen, Vmb welcheren Vrsach willen
1667 1530 2603 1683 er dan in tewer meiner gnädigen
1665 1631 2649 1748 herren und oberen gefangenschafft ge
1662 1698 2616 1814 fracht worden, und darüber hin
1652 1776 2599 1897 V G dero geliebten mittrath allß
1663 1873 2679 1988 meinem hochehrenden Herren ierr Johans
1663 1926 2671 2059 Hallern bauwhern, jnne Gnagi diser
1669 1999 2688 2132 sag halber zu exammieren, freündtlichen
1672 2089 2713 2201 ingefolchen, hatt woll ermelter mein
1667 2156 2680 2266 vochehrender Herr Haller selbige ex,
1660 2219 2611 2356 ammation sambstags den 10. martii
1674 2298 2648 2408 tzo in gegenwahrtt Hh Hanß Jacob
1672 2365 2632 2490 von Greynrtts der Burgern und
1675 2442 2708 2564 s. Großweibells dauidt von Heurens
1660 2515 2673 2645 in thurn zu Marzili fürgenommen
1659 2583 2647 2729 darüber hatt er Gnägi nach vill ge¬
1671 2674 2623 2799 rauchten uß schläuffend endtliehen
1649 2742 2703 2886 bekhandt. das er sich vff ein gewusse
1659 2836 2635 2944 mitd nacher merkehilehen begeben, alda
1658 2907 2722 3032 er einen genandt Gendicht geütigkhoffer
1654 2965 2665 3129 von Gaazwyll unsehr von Beysach
1645 3036 2660 3188 gelegen) sambt einem khaiaben ange-
1659 3114 2656 3271 troffen,zu dem er Hiebenor et-
1654 3198 2749 3347 veeleher gesthalten kundtsame und bekhandt
1645 3266 2714 3422 schafft gehabt, in dem er jane in kurtz
1650 3313 2737 3487 verwiehnen Jahren ein pferdt zu khauffen
1630 3397 2690 3561 geben) der inne als allsbald ohne
1651 3476 2659 3624 biderbahr vorhergehende, mit
1652 3538 2661 3703 disen wortfen angeredt, er geütig
