<?xml version="1.0" encoding="UTF-8" standalone="yes"?>
<PcGts xmlns="http://schema.primaresearch.org/PAGE/gts/pagecontent/2013-07-15" xmlns:xsi="http://www.w3.org/2001/XMLSchema-instance" xsi:schemaLocation="http://schema.primaresearch.org/PAGE/gts/pagecontent/2013-07-15 http://schema.primaresearch.org/PAGE/gts/pagecontent/2013-07-15/pagecontent.xsd">
    <Metadata>
        <Creator>prov=University of Rostock/Institute of Mathematics/CITlab|PLANET AI GmbH/Gundram Leifert/gundram.leifert@planet-ai.de:name=German_Kurrent_XVI-XVIII_M1(htr_id=19584)::::v=2.6.7
prov=University of Rostock/Institute of Mathematics/CITlab|PLANET AI GmbH/Tobias Gruening/tobias.gruening@planet-ai.de:name=de.uros.citlab.module.baseline2polygon.B2PSeamMultiOriented:v=2.6.7
prov=University of Rostock/Institute of Mathematics/CITlab|PLANET AI GmbH/Gundram Leifert/gundram.leifert@planet-ai.de:name=German_Kurrent_XIX_comb-Huber_M2(htr_id=23847)::::v=2.6.6
prov=University of Rostock/Institute of Mathematics/CITlab|PLANET AI GmbH/Tobias Gruening/tobias.gruening@planet-ai.de:name=de.uros.citlab.module.baseline2polygon.B2PSeamMultiOriented:v=2.6.6
prov=University of Rostock/Institute of Mathematics/CITlab|PLANET AI GmbH/Tobias Gruening/tobias.gruening@planet-ai.de:name=/net_tf/LA73_249_0mod360.pb:de.uros.citlab.segmentation.CITlab_LA_ML:v=2.6.6
Transkribus</Creator>
        <Created>2020-10-05T12:34:30.698+02:00</Created>
        <LastChange>2023-01-25T11:43:48.499+01:00</LastChange>
        <TranskribusMetadata docId="1334819" pageId="52360254" pageNr="94" tsid="114642014" status="IN_PROGRESS" userId="141590" imgUrl="https://files.transkribus.eu/Get?id=MGXHJLLPMLHPAKLMAFDOMTEI&amp;fileType=view" xmlUrl="https://files.transkribus.eu/Get?id=GPPXGVZIMJVDKBACUTIIFZBO" imageId="16049468"/>
    </Metadata>
    <Page imageFilename="IMG_3425.jpeg" imageWidth="3024" imageHeight="4032">
        <ReadingOrder>
            <OrderedGroup id="ro_1687513776675" caption="Regions reading order">
                <RegionRefIndexed index="0" regionRef="r1"/>
                <RegionRefIndexed index="1" regionRef="r2"/>
            </OrderedGroup>
        </ReadingOrder>
        <TextRegion orientation="0.0" type="paragraph" id="r1" custom="readingOrder {index:0;} structure {type:paragraph;}">
            <Coords points="423,313 423,3968 1466,3968 1466,313"/>
            <TextLine id="r1l1" custom="readingOrder {index:0;}">
                <Coords points="468,567 593,494 721,526 821,503 974,562 1126,547 1249,633 1329,600 1433,676 1448,564 1324,555 1215,473 1117,500 1003,427 837,485 675,443 482,463"/>
                <Baseline points="486,494 533,495 580,498 627,500 674,502 722,504 769,507 816,510 863,513 910,517 958,522 1005,528 1052,534 1099,541 1146,550 1194,561 1241,572 1288,585 1335,601 1382,618 1430,636"/>
                <TextEquiv>
                    <Unicode>gner frouwen khomen bey dem </Unicode>
                </TextEquiv>
            </TextLine>
            <TextLine id="r1l2" custom="readingOrder {index:1;}">
                <Coords points="422,645 509,604 700,597 857,644 907,621 974,673 1036,634 1149,640 1215,692 1302,684 1449,753 1457,678 1385,626 1249,633 1121,559 1043,584 910,534 792,581 635,501 505,561 434,535"/>
                <Baseline points="435,596 485,598 536,600 586,602 637,603 687,604 738,606 788,608 839,609 889,612 940,615 990,620 1041,626 1091,632 1142,640 1192,650 1243,661 1293,674 1344,690 1394,707 1445,726"/>
                <TextEquiv>
                    <Unicode>zwen andere Jungen thme vnbekhanten</Unicode>
                </TextEquiv>
            </TextLine>
            <TextLine id="r1l3" custom="readingOrder {index:2;}">
                <Coords points="413,715 644,711 727,788 844,731 1207,737 1459,859 1465,787 1378,723 1301,740 1094,634 952,696 908,644 797,617 699,683 623,641 419,654"/>
                <Baseline points="423,692 474,698 526,702 577,705 629,708 680,710 732,711 783,713 835,714 886,716 938,718 990,720 1041,724 1093,729 1144,735 1196,743 1247,753 1299,765 1350,781 1402,798 1454,819"/>
                <TextEquiv>
                    <Unicode>knrben gsin sert Alls sum der</Unicode>
                </TextEquiv>
            </TextLine>
            <TextLine id="r1l4" custom="readingOrder {index:3;} person {offset:3; length:14;}">
                <Coords points="441,814 513,879 635,893 839,811 1012,910 1225,841 1367,875 1448,939 1455,849 1207,737 1081,798 986,787 922,730 843,732 778,785 668,733 447,745"/>
                <Baseline points="450,803 499,804 549,806 598,807 648,809 698,809 747,810 797,810 847,813 896,815 946,816 996,819 1045,823 1095,828 1145,834 1194,840 1244,847 1294,858 1343,868 1393,882 1443,896"/>
                <TextEquiv>
                    <Unicode>He Glweger Zürich pare dad elih</Unicode>
                </TextEquiv>
            </TextLine>
            <TextLine id="r1l5" custom="readingOrder {index:4;}">
                <Coords points="423,964 525,912 735,948 910,918 1293,947 1362,1013 1449,995 1452,937 1226,841 1130,907 989,851 515,880 431,830"/>
                <Baseline points="435,903 485,905 535,906 586,908 636,909 686,909 737,911 787,912 837,913 888,914 938,917 988,919 1039,922 1089,926 1139,929 1190,935 1240,940 1290,947 1341,956 1391,964 1442,975"/>
                <TextEquiv>
                    <Unicode>verorderen habe den einte Ihnen geben</Unicode>
                </TextEquiv>
            </TextLine>
            <TextLine id="r1l6" custom="readingOrder {index:5;}">
                <Coords points="430,1012 572,1011 651,1063 751,1059 839,1004 877,1036 1060,1012 1183,1097 1293,1045 1441,1096 1458,1042 1394,986 1364,1012 1290,967 1236,999 1136,938 961,979 864,917 738,964 597,970 542,933 432,968"/>
                <Baseline points="438,1002 488,1005 539,1007 589,1008 640,1008 690,1010 741,1010 791,1010 842,1010 892,1011 943,1012 994,1013 1044,1015 1095,1019 1145,1023 1196,1029 1246,1035 1297,1043 1347,1052 1398,1064 1449,1077"/>
                <TextEquiv>
                    <Unicode>aber sy, als starcke Jurge leih zu</Unicode>
                </TextEquiv>
            </TextLine>
            <TextLine id="r1l7" custom="readingOrder {index:6;} person {offset:33; length:2; continued:true;}">
                <Coords points="444,1129 727,1147 764,1185 846,1132 1040,1120 1108,1159 1177,1125 1459,1195 1462,1099 1264,1046 1185,1097 1143,1055 1038,1073 992,1024 895,1059 839,1005 754,1061 545,1022 446,1076"/>
                <Baseline points="452,1122 502,1122 552,1122 602,1122 652,1121 702,1119 752,1118 802,1118 852,1116 902,1116 952,1116 1002,1117 1052,1118 1102,1121 1152,1124 1202,1130 1252,1136 1302,1143 1352,1153 1402,1163 1452,1176"/>
                <TextEquiv>
                    <Unicode>keit vnnd hiemit abgenwisen, dem de</Unicode>
                </TextEquiv>
            </TextLine>
            <TextLine id="r1l8" custom="readingOrder {index:7;} person {offset:0; length:5; continued:true;}">
                <Coords points="457,1280 690,1223 826,1274 863,1238 1092,1233 1255,1308 1344,1261 1444,1298 1447,1182 1177,1126 1105,1159 999,1121 857,1194 762,1197 713,1155 602,1197 460,1169"/>
                <Baseline points="465,1229 513,1229 562,1229 610,1229 659,1229 708,1229 756,1227 805,1227 853,1226 902,1226 951,1226 999,1226 1048,1227 1096,1229 1145,1231 1194,1234 1242,1239 1291,1244 1339,1252 1388,1259 1437,1269"/>
                <TextEquiv>
                    <Unicode>harer angentztrutzigs sschidge</Unicode>
                </TextEquiv>
            </TextLine>
            <TextLine id="r1l9" custom="readingOrder {index:8;}">
                <Coords points="449,1399 527,1357 597,1417 805,1322 1003,1423 1153,1340 1451,1395 1452,1337 1361,1272 1261,1308 1195,1254 1120,1278 984,1247 812,1297 758,1259 676,1297 566,1257 452,1282"/>
                <Baseline points="459,1335 508,1337 557,1338 606,1338 655,1338 705,1338 754,1337 803,1337 852,1337 901,1335 951,1335 1000,1336 1049,1337 1098,1338 1147,1340 1197,1344 1246,1347 1295,1353 1344,1360 1393,1368 1443,1377"/>
                <TextEquiv>
                    <Unicode>gleichwol vene sy samptlich di dar</Unicode>
                </TextEquiv>
            </TextLine>
            <TextLine id="r1l10" custom="readingOrder {index:9;}">
                <Coords points="469,1455 1082,1449 1119,1479 1319,1468 1419,1529 1467,1509 1468,1438 1281,1363 1142,1426 976,1417 811,1321 705,1396 598,1417 528,1358 471,1365"/>
                <Baseline points="477,1440 526,1442 575,1443 624,1443 673,1445 723,1445 772,1445 821,1443 870,1443 919,1443 969,1443 1018,1445 1067,1445 1116,1447 1165,1448 1215,1452 1264,1455 1313,1460 1362,1466 1411,1473 1461,1481"/>
                <TextEquiv>
                    <Unicode>zu einem anderen alten huß so gant</Unicode>
                </TextEquiv>
            </TextLine>
            <TextLine id="r1l11" custom="readingOrder {index:10;}">
                <Coords points="440,1567 592,1555 672,1595 737,1546 861,1587 964,1551 1235,1551 1454,1632 1455,1517 1388,1520 1317,1467 1182,1525 976,1453 777,1498 727,1463 637,1511 547,1463 440,1521"/>
                <Baseline points="447,1548 499,1548 552,1550 604,1550 657,1548 709,1548 762,1547 815,1545 867,1545 920,1544 972,1544 1025,1544 1077,1544 1130,1545 1183,1548 1235,1550 1288,1554 1340,1559 1393,1564 1446,1571"/>
                <TextEquiv>
                    <Unicode>ofen gfin vnd od, darinen min</Unicode>
                </TextEquiv>
            </TextLine>
            <TextLine id="r1l12" custom="readingOrder {index:11;}">
                <Coords points="466,1680 648,1655 731,1722 817,1661 861,1700 922,1657 1012,1691 1189,1636 1368,1684 1460,1670 1421,1609 1220,1563 1131,1594 1069,1564 977,1616 897,1586 822,1614 721,1553 645,1621 577,1587 467,1600"/>
                <Baseline points="474,1649 522,1650 571,1650 620,1649 669,1649 718,1647 767,1647 816,1646 865,1644 914,1643 963,1643 1011,1641 1060,1641 1109,1642 1158,1643 1207,1644 1256,1647 1305,1650 1354,1655 1403,1659 1452,1665"/>
                <TextEquiv>
                    <Unicode>vohret gangen, inn welchen</Unicode>
                </TextEquiv>
            </TextLine>
            <TextLine id="r1l13" custom="readingOrder {index:12;}">
                <Coords points="469,1828 603,1764 876,1770 909,1742 1155,1778 1202,1745 1370,1746 1459,1799 1468,1669 1136,1700 1073,1655 993,1700 928,1654 862,1699 817,1661 731,1723 688,1688 547,1728 467,1691"/>
                <Baseline points="476,1760 525,1760 574,1758 623,1757 673,1755 722,1752 771,1751 820,1749 870,1747 919,1746 968,1745 1017,1743 1067,1743 1116,1743 1165,1743 1214,1743 1264,1745 1313,1746 1362,1750 1411,1754 1461,1758"/>
                <TextEquiv>
                    <Unicode>gemelten beide bunge buben g</Unicode>
                </TextEquiv>
            </TextLine>
            <TextLine id="r1l14" custom="readingOrder {index:13;}">
                <Coords points="451,1875 621,1892 742,1854 810,1897 989,1867 1131,1903 1254,1852 1474,1897 1472,1775 1370,1747 1316,1794 1023,1741 930,1813 851,1765 666,1756 450,1825"/>
                <Baseline points="458,1869 508,1868 558,1866 609,1865 659,1863 710,1862 760,1861 810,1859 861,1859 911,1857 962,1856 1012,1854 1062,1854 1113,1853 1163,1852 1214,1851 1264,1850 1314,1850 1365,1848 1415,1848 1466,1847"/>
                <TextEquiv>
                    <Unicode>ter vor Eirer G. zumelden n</Unicode>
                </TextEquiv>
            </TextLine>
            <TextLine id="r1l15" custom="readingOrder {index:14;}">
                <Coords points="446,2016 568,1967 871,1956 922,1997 1377,1952 1460,1986 1473,1896 1246,1852 1123,1923 985,1874 893,1923 716,1865 443,1923"/>
                <Baseline points="452,1968 502,1968 553,1967 604,1967 654,1964 705,1964 756,1962 806,1961 857,1959 908,1958 959,1956 1009,1955 1060,1953 1111,1952 1161,1950 1212,1949 1263,1949 1313,1947 1364,1946 1415,1946 1466,1944"/>
                <TextEquiv>
                    <Unicode>gebent stuben Ihre nothurfft vo</Unicode>
                </TextEquiv>
            </TextLine>
            <TextLine id="r1l16" custom="readingOrder {index:15;}">
                <Coords points="460,2104 715,2057 1000,2064 1069,2120 1153,2064 1230,2117 1306,2044 1376,2089 1453,2066 1451,1978 1377,1957 1210,2026 1151,1991 1011,2039 771,1959 459,2034"/>
                <Baseline points="467,2066 515,2066 564,2066 613,2064 662,2064 711,2063 760,2063 809,2061 858,2060 907,2058 956,2057 1004,2057 1053,2054 1102,2053 1151,2052 1200,2051 1249,2049 1298,2048 1347,2046 1396,2045 1445,2043"/>
                <TextEquiv>
                    <Unicode>richtet. Alls nun gleich hieruff</Unicode>
                </TextEquiv>
            </TextLine>
            <TextLine id="r1l17" custom="readingOrder {index:16;}">
                <Coords points="463,2192 636,2163 711,2232 827,2166 1055,2202 1102,2162 1204,2217 1464,2182 1462,2094 1307,2044 1231,2118 1138,2128 1032,2088 963,2122 839,2071 658,2131 582,2084 461,2104"/>
                <Baseline points="470,2168 519,2169 568,2168 617,2168 667,2168 716,2166 765,2165 814,2165 864,2163 913,2162 962,2160 1011,2159 1061,2157 1110,2156 1159,2154 1208,2153 1258,2151 1307,2150 1356,2148 1405,2147 1455,2147"/>
                <TextEquiv>
                    <Unicode>Cue dessen das haß gsin, Ehomn</Unicode>
                </TextEquiv>
            </TextLine>
            <TextLine id="r1l18" custom="readingOrder {index:17;}">
                <Coords points="449,2291 579,2256 680,2312 788,2266 868,2295 1015,2255 1120,2300 1291,2253 1381,2280 1462,2239 1460,2184 1204,2218 1078,2185 797,2232 445,2194"/>
                <Baseline points="455,2270 507,2268 560,2267 612,2265 665,2264 717,2263 770,2262 823,2261 875,2259 928,2258 980,2256 1033,2255 1085,2253 1138,2251 1191,2248 1243,2246 1296,2243 1348,2239 1401,2235 1454,2231"/>
                <TextEquiv>
                    <Unicode>und sölchen uerath gefunden, haben</Unicode>
                </TextEquiv>
            </TextLine>
            <TextLine id="r1l19" custom="readingOrder {index:18;}">
                <Coords points="447,2439 609,2364 723,2434 922,2343 1036,2375 1213,2334 1371,2382 1462,2325 1459,2245 1380,2287 1015,2283 849,2326 680,2331 614,2283 441,2299"/>
                <Baseline points="452,2378 502,2374 552,2369 602,2366 652,2363 702,2360 752,2357 802,2355 852,2354 902,2352 953,2351 1003,2349 1053,2348 1103,2346 1153,2343 1203,2341 1253,2338 1303,2335 1353,2330 1403,2326 1454,2319"/>
                <TextEquiv>
                    <Unicode>sy Inn geem wer Ihme dergsil</Unicode>
                </TextEquiv>
            </TextLine>
            <TextLine id="r1l20" custom="readingOrder {index:19;}">
                <Coords points="462,2514 820,2499 883,2458 1019,2490 1191,2431 1365,2476 1462,2405 1458,2347 1337,2400 1253,2351 1160,2406 1091,2357 996,2423 807,2373 710,2439 654,2397 600,2450 531,2404 457,2438"/>
                <Baseline points="467,2480 516,2478 565,2475 615,2473 664,2471 714,2469 763,2466 812,2465 862,2462 911,2460 961,2457 1010,2454 1059,2450 1109,2447 1158,2443 1208,2438 1257,2433 1306,2427 1356,2421 1405,2414 1455,2406"/>
                <TextEquiv>
                    <Unicode>sein haß Cerruestet Scharpffan</Unicode>
                </TextEquiv>
            </TextLine>
            <TextLine id="r1l21" custom="readingOrder {index:20;}">
                <Coords points="442,2606 970,2563 1145,2596 1279,2528 1434,2529 1455,2420 1357,2477 1168,2435 1092,2509 991,2535 862,2459 767,2544 646,2497 438,2556"/>
                <Baseline points="449,2600 499,2593 549,2588 599,2583 650,2579 700,2576 750,2573 800,2571 851,2568 901,2565 951,2562 1001,2561 1052,2558 1102,2555 1152,2551 1202,2547 1253,2543 1303,2538 1353,2532 1403,2525 1454,2517"/>
                <TextEquiv>
                    <Unicode>redt, dem Scharen vnnd sin </Unicode>
                </TextEquiv>
            </TextLine>
            <TextLine id="r1l22" custom="readingOrder {index:21;}">
                <Coords points="443,2718 559,2761 649,2689 896,2703 966,2663 1132,2712 1198,2658 1288,2678 1445,2625 1454,2528 1279,2527 1124,2627 976,2563 847,2621 749,2573 648,2656 440,2672"/>
                <Baseline points="449,2703 499,2697 549,2692 599,2688 650,2684 700,2681 750,2678 800,2675 851,2672 901,2669 951,2667 1001,2664 1052,2661 1102,2657 1152,2654 1202,2649 1253,2644 1303,2640 1353,2634 1403,2626 1454,2618"/>
                <TextEquiv>
                    <Unicode>angentz mit feutzegen bshe</Unicode>
                </TextEquiv>
            </TextLine>
            <TextLine id="r1l23" custom="readingOrder {index:22;}">
                <Coords points="457,2815 751,2836 815,2784 936,2770 1013,2808 1265,2732 1417,2773 1465,2743 1455,2624 1325,2714 1120,2721 1072,2687 952,2734 823,2694 756,2728 650,2689 573,2762 453,2764"/>
                <Baseline points="465,2811 514,2805 564,2799 613,2795 663,2790 712,2787 762,2782 811,2779 861,2776 910,2773 960,2771 1009,2767 1059,2764 1108,2760 1158,2756 1207,2751 1257,2747 1306,2740 1356,2733 1405,2726 1455,2718"/>
                <TextEquiv>
                    <Unicode>vert, vnd diegstalten um s</Unicode>
                </TextEquiv>
            </TextLine>
            <TextLine id="r1l24" custom="readingOrder {index:23;}">
                <Coords points="471,2981 523,2931 611,2965 789,2874 843,2903 1146,2868 1206,2901 1469,2815 1464,2766 1356,2780 1271,2733 1211,2796 965,2785 920,2825 815,2784 674,2866 462,2888"/>
                <Baseline points="474,2924 523,2918 572,2911 622,2907 671,2901 720,2897 770,2891 819,2888 868,2882 918,2878 967,2873 1016,2869 1066,2864 1115,2860 1164,2855 1214,2850 1263,2846 1312,2839 1362,2833 1411,2828 1461,2822"/>
                <TextEquiv>
                    <Unicode>gereist, das er siise Schlurs</Unicode>
                </TextEquiv>
            </TextLine>
            <TextLine id="r1l25" custom="readingOrder {index:24;}">
                <Coords points="463,3110 610,3018 991,2978 1089,3035 1198,2955 1369,2945 1422,2979 1463,2950 1452,2852 1389,2849 1339,2903 1253,2875 1129,2928 1002,2920 701,2993 608,2988 528,2931 448,2980"/>
                <Baseline points="464,3051 513,3043 563,3035 612,3027 662,3020 711,3013 761,3007 810,3001 860,2996 909,2990 959,2985 1008,2981 1058,2975 1107,2971 1157,2965 1206,2961 1256,2955 1305,2951 1355,2945 1404,2940 1454,2934"/>
                <TextEquiv>
                    <Unicode>znem gertell vff den kops</Unicode>
                </TextEquiv>
            </TextLine>
            <TextLine id="r1l26" custom="readingOrder {index:25;}">
                <Coords points="445,3172 890,3152 1079,3083 1290,3135 1459,3017 1453,2973 1366,2946 1286,3025 1181,2974 1074,3046 977,2988 874,3036 757,3011 440,3136"/>
                <Baseline points="452,3171 504,3160 557,3150 609,3141 662,3133 714,3126 767,3119 820,3112 872,3106 925,3101 977,3096 1030,3089 1082,3083 1135,3076 1188,3069 1240,3062 1293,3053 1345,3043 1398,3032 1451,3020"/>
                <TextEquiv>
                    <Unicode>schlag vnnd veradt, der schde</Unicode>
                </TextEquiv>
            </TextLine>
            <TextLine id="r1l27" custom="readingOrder {index:26;}">
                <Coords points="443,3291 781,3265 837,3213 1071,3194 1224,3246 1290,3169 1453,3123 1449,3088 1245,3140 999,3089 905,3170 817,3185 745,3150 435,3232"/>
                <Baseline points="449,3275 498,3266 548,3256 598,3248 648,3240 698,3234 748,3228 797,3223 847,3216 897,3210 947,3205 997,3198 1047,3193 1097,3185 1146,3180 1196,3171 1246,3164 1296,3155 1346,3145 1396,3134 1446,3123"/>
                <TextEquiv>
                    <Unicode>wert zuer frauwen fur ve</Unicode>
                </TextEquiv>
            </TextLine>
            <TextLine id="r1l28" custom="readingOrder {index:27;}">
                <Coords points="473,3478 599,3385 721,3378 772,3339 992,3345 1267,3269 1343,3292 1461,3236 1442,3123 1296,3165 1222,3251 1107,3267 877,3210 738,3276 643,3256 452,3349"/>
                <Baseline points="468,3402 517,3390 566,3379 615,3369 664,3360 713,3352 762,3344 812,3338 861,3332 910,3325 959,3319 1008,3311 1057,3305 1106,3297 1156,3290 1205,3282 1254,3272 1303,3262 1352,3250 1401,3236 1451,3221"/>
                <TextEquiv>
                    <Unicode>e ande ser  </Unicode>
                </TextEquiv>
            </TextLine>
            <TextLine id="r1l29" custom="readingOrder {index:28;}">
                <Coords points="440,3526 1014,3412 1183,3425 1440,3319 1447,3237 1359,3304 1240,3279 1115,3345 968,3332 878,3395 750,3356 570,3449 426,3443"/>
                <Baseline points="444,3506 494,3494 544,3482 595,3472 645,3463 696,3455 746,3447 796,3440 847,3434 897,3426 948,3419 998,3412 1048,3405 1099,3397 1149,3389 1200,3380 1250,3371 1300,3360 1351,3348 1401,3334 1452,3320"/>
                <TextEquiv>
                    <Unicode>der Mann nach dem Guebnte</Unicode>
                </TextEquiv>
            </TextLine>
            <TextLine id="r1l30" custom="readingOrder {index:29;}">
                <Coords points="484,3625 806,3537 908,3557 1063,3497 1215,3532 1426,3464 1469,3422 1451,3320 1364,3387 1279,3378 1211,3448 1128,3417 1069,3459 1011,3439 733,3529 636,3485 585,3539 468,3533"/>
                <Baseline points="486,3593 534,3583 583,3575 631,3566 680,3557 729,3551 777,3544 826,3537 874,3531 923,3524 972,3517 1020,3510 1069,3501 1117,3494 1166,3484 1215,3474 1263,3463 1312,3451 1360,3436 1409,3420 1458,3404"/>
                <TextEquiv>
                    <Unicode>beno aber dis fri</Unicode>
                </TextEquiv>
            </TextLine>
            <TextLine id="r1l31" custom="readingOrder {index:30;}">
                <Coords points="457,3783 561,3684 652,3721 771,3675 807,3695 881,3641 943,3671 1227,3586 1326,3593 1460,3520 1447,3450 1330,3470 1253,3532 1127,3530 1061,3583 952,3551 857,3613 579,3580 437,3671"/>
                <Baseline points="452,3713 501,3701 551,3690 601,3679 651,3672 701,3664 751,3657 800,3651 850,3645 900,3639 950,3631 1000,3625 1050,3617 1100,3609 1149,3600 1199,3589 1249,3577 1299,3563 1349,3546 1399,3528 1449,3506"/>
                <TextEquiv>
                    <Unicode>in i elh</Unicode>
                </TextEquiv>
            </TextLine>
            <TextLine id="r1l32" custom="readingOrder {index:31;}">
                <Coords points="434,3832 1162,3727 1425,3631 1464,3599 1444,3501 1333,3603 1278,3589 1237,3637 1081,3683 969,3704 916,3671 816,3732 706,3741 543,3707 482,3771 422,3773"/>
                <Baseline points="441,3830 491,3818 542,3808 593,3798 644,3788 695,3779 745,3772 796,3762 847,3755 898,3746 949,3738 999,3729 1050,3719 1101,3709 1152,3698 1203,3686 1253,3672 1304,3656 1355,3640 1406,3620 1457,3600"/>
                <TextEquiv>
                    <Unicode>beecbenn end</Unicode>
                </TextEquiv>
            </TextLine>
            <TextLine id="r1l33" custom="readingOrder {index:32;}">
                <Coords points="453,3959 632,3921 775,3945 846,3878 985,3843 1061,3870 1224,3791 1348,3821 1469,3712 1449,3627 1339,3659 1244,3746 1099,3729 954,3800 832,3764 660,3820 566,3898 475,3886 444,3919"/>
                <Baseline points="458,3945 508,3935 558,3925 608,3915 658,3905 708,3895 758,3886 808,3876 858,3867 908,3857 958,3847 1008,3836 1058,3825 1108,3813 1158,3800 1208,3786 1258,3772 1308,3757 1358,3739 1408,3722 1458,3701"/>
                <TextEquiv>
                    <Unicode>ehen  d</Unicode>
                </TextEquiv>
            </TextLine>
            <TextEquiv>
                <Unicode>gner frouwen khomen bey dem 
zwen andere Jungen thme vnbekhanten
knrben gsin sert Alls sum der
He Glweger Zürich pare dad elih
verorderen habe den einte Ihnen geben
aber sy, als starcke Jurge leih zu
keit vnnd hiemit abgenwisen, dem de
harer angentztrutzigs sschidge
gleichwol vene sy samptlich di dar
zu einem anderen alten huß so gant
ofen gfin vnd od, darinen min
vohret gangen, inn welchen
gemelten beide bunge buben g
ter vor Eirer G. zumelden n
gebent stuben Ihre nothurfft vo
richtet. Alls nun gleich hieruff
Cue dessen das haß gsin, Ehomn
und sölchen uerath gefunden, haben
sy Inn geem wer Ihme dergsil
sein haß Cerruestet Scharpffan
redt, dem Scharen vnnd sin 
angentz mit feutzegen bshe
vert, vnd diegstalten um s
gereist, das er siise Schlurs
znem gertell vff den kops
schlag vnnd veradt, der schde
wert zuer frauwen fur ve
e ande ser  
der Mann nach dem Guebnte
beno aber dis fri
in i elh
beecbenn end
ehen  d</Unicode>
            </TextEquiv>
        </TextRegion>
        <TextRegion orientation="0.0" type="paragraph" id="r2" custom="readingOrder {index:1;} structure {type:paragraph;}">
            <Coords points="1490,215 1482,3959 2747,3959 2755,215"/>
            <TextLine id="r2l1" custom="readingOrder {index:0;}">
                <Coords points="1534,667 1620,591 1668,600 1701,557 1743,582 1884,497 2045,500 2204,404 2480,389 2520,360 2491,248 2375,326 2286,287 2183,396 2130,379 1958,455 1817,440 1698,499 1623,491 1516,597"/>
                <Baseline points="1530,621 1579,602 1628,585 1677,567 1726,552 1775,535 1824,521 1874,508 1923,493 1972,481 2021,468 2070,456 2119,445 2168,433 2218,423 2267,412 2316,402 2365,393 2414,383 2463,375 2513,365"/>
                <TextEquiv>
                    <Unicode> n</Unicode>
                </TextEquiv>
            </TextLine>
            <TextLine id="r2l2" custom="readingOrder {index:1;}">
                <Coords points="1546,773 1652,654 1915,641 2000,557 2150,582 2208,542 2272,574 2330,490 2618,448 2589,332 2516,399 2448,376 2337,453 2231,420 2174,488 2047,532 1949,498 1813,577 1696,560 1523,680"/>
                <Baseline points="1538,710 1591,689 1644,671 1698,653 1751,636 1805,622 1858,607 1911,593 1965,581 2018,568 2072,556 2125,543 2178,531 2232,520 2285,508 2339,497 2392,485 2445,472 2499,459 2552,446 2606,432"/>
                <TextEquiv>
                    <Unicode>t afer </Unicode>
                </TextEquiv>
            </TextLine>
            <TextLine id="r2l3" custom="readingOrder {index:2;}">
                <Coords points="1521,863 1584,798 1780,725 1924,777 1977,737 2024,750 2064,687 2163,643 2368,642 2426,590 2514,584 2499,521 2287,591 2218,553 2142,589 2082,564 2005,631 1837,637 1786,683 1652,656 1568,769 1501,775"/>
                <Baseline points="1518,819 1567,801 1616,782 1665,766 1715,750 1764,736 1813,723 1863,709 1912,697 1961,686 2011,674 2060,663 2109,654 2158,644 2208,633 2257,624 2306,614 2356,605 2405,595 2454,585 2504,575"/>
                <TextEquiv>
                    <Unicode>she gscheenbt</Unicode>
                </TextEquiv>
            </TextLine>
            <TextLine id="r2l4" custom="readingOrder {index:3;}">
                <Coords points="1515,911 1648,914 1725,846 1874,840 1902,804 2214,789 2282,717 2348,748 2474,690 2562,733 2531,599 2284,640 2228,704 2133,694 1919,777 1735,744 1701,793 1636,783 1574,858 1504,863"/>
                <Baseline points="1523,911 1573,893 1624,877 1675,861 1726,847 1777,833 1828,821 1878,810 1929,798 1980,787 2031,777 2082,767 2133,756 2184,747 2234,737 2285,727 2336,717 2387,705 2438,693 2489,682 2540,668"/>
                <TextEquiv>
                    <Unicode>  an se</Unicode>
                </TextEquiv>
            </TextLine>
            <TextLine id="r2l5" custom="readingOrder {index:4;}">
                <Coords points="1495,1096 1709,953 1797,993 1867,925 2018,882 2421,815 2512,837 2558,731 2388,791 2264,764 2175,819 2097,782 1997,861 1728,850 1650,913 1542,903 1466,959"/>
                <Baseline points="1488,1023 1541,1004 1595,987 1648,970 1702,955 1756,942 1809,928 1863,917 1917,906 1970,896 2024,885 2078,875 2131,867 2185,856 2239,847 2292,837 2346,827 2400,817 2453,805 2507,794 2561,782"/>
                <TextEquiv>
                    <Unicode>Eteen gette</Unicode>
                </TextEquiv>
            </TextLine>
            <TextLine id="r2l6" custom="readingOrder {index:5;}">
                <Coords points="1534,1109 1643,1071 1728,1109 1786,1073 1836,1098 1935,1018 2150,972 2303,1013 2368,944 2427,977 2563,929 2550,858 2370,884 2237,844 2130,916 2041,875 1858,979 1778,994 1706,955 1644,1028 1527,1075"/>
                <Baseline points="1539,1098 1589,1083 1640,1068 1690,1054 1741,1042 1791,1031 1842,1019 1892,1009 1943,999 1993,991 2044,981 2094,973 2145,964 2195,957 2246,948 2296,939 2347,930 2397,922 2448,912 2498,901 2549,891"/>
                <TextEquiv>
                    <Unicode>ir mitgefangen werdint bezangen</Unicode>
                </TextEquiv>
            </TextLine>
            <TextLine id="r2l7" custom="readingOrder {index:6;}">
                <Coords points="1529,1265 1568,1236 1581,1244 1604,1230 1618,1238 1652,1208 1670,1176 1699,1171 1728,1144 1707,1059 1626,1094 1586,1152 1507,1176"/>
                <Baseline points="1520,1199 1545,1192 1570,1185 1595,1178 1620,1173 1645,1166 1670,1161 1695,1154 1721,1148"/>
                <TextEquiv>
                    <Unicode></Unicode>
                </TextEquiv>
            </TextLine>
            <TextLine id="r2l8" custom="readingOrder {index:7;}">
                <Coords points="1522,1348 1696,1278 1766,1306 1948,1221 2200,1234 2254,1192 2626,1174 2625,1091 2560,1123 2343,1070 2278,1132 2134,1165 2030,1105 1894,1115 1803,1199 1750,1183 1513,1278"/>
                <Baseline points="1524,1308 1579,1297 1634,1287 1689,1276 1744,1265 1799,1254 1854,1244 1910,1234 1965,1225 2020,1216 2075,1207 2130,1200 2185,1192 2240,1186 2296,1179 2351,1174 2406,1169 2461,1165 2516,1163 2571,1160 2627,1160"/>
                <TextEquiv>
                    <Unicode>hiebey vermeldet er auch das er dorf</Unicode>
                </TextEquiv>
            </TextLine>
            <TextLine id="r2l9" custom="readingOrder {index:8;}">
                <Coords points="1535,1412 1798,1339 1942,1372 2192,1290 2320,1303 2560,1248 2555,1213 2342,1182 2207,1250 2148,1215 2046,1271 1948,1222 1739,1325 1611,1301 1525,1342"/>
                <Baseline points="1541,1401 1591,1389 1642,1377 1692,1366 1743,1356 1793,1346 1844,1337 1894,1329 1945,1322 1995,1314 2046,1308 2097,1301 2147,1296 2198,1289 2248,1283 2299,1278 2349,1272 2400,1266 2450,1260 2501,1253 2552,1247"/>
                <TextEquiv>
                    <Unicode>3 Melwen mit gedachtem Schärer</Unicode>
                </TextEquiv>
            </TextLine>
            <TextLine id="r2l10" custom="readingOrder {index:9;}">
                <Coords points="1511,1524 1586,1474 1959,1424 2082,1445 2212,1399 2286,1431 2412,1360 2581,1385 2626,1369 2609,1236 2499,1309 2361,1276 2169,1371 2047,1348 1959,1386 1803,1346 1743,1415 1574,1416 1504,1470"/>
                <Baseline points="1514,1493 1569,1482 1624,1471 1679,1461 1734,1452 1789,1443 1844,1435 1899,1427 1954,1420 2009,1414 2064,1407 2119,1400 2174,1394 2229,1387 2284,1381 2339,1376 2394,1369 2449,1363 2504,1356 2559,1348 2615,1341"/>
                <TextEquiv>
                    <Unicode>und imer frauwen ein maß fruneken</Unicode>
                </TextEquiv>
            </TextLine>
            <TextLine id="r2l11" custom="readingOrder {index:10;}">
                <Coords points="1516,1650 1596,1584 1714,1602 1878,1533 2332,1509 2439,1556 2502,1491 2553,1518 2611,1488 2603,1426 2334,1444 2215,1401 2033,1491 1911,1437 1851,1508 1755,1464 1665,1522 1587,1474 1546,1516 1498,1497"/>
                <Baseline points="1517,1598 1571,1586 1625,1575 1679,1565 1733,1557 1787,1549 1841,1542 1896,1535 1950,1528 2004,1523 2058,1517 2112,1512 2166,1507 2220,1502 2275,1495 2329,1490 2383,1484 2437,1478 2491,1472 2545,1464 2600,1455"/>
                <TextEquiv>
                    <Unicode>u das sy die trouer uß ihrem eignen</Unicode>
                </TextEquiv>
            </TextLine>
            <TextLine id="r2l12" custom="readingOrder {index:11;}">
                <Coords points="1527,1694 1665,1709 1761,1663 2242,1600 2337,1646 2374,1605 2574,1605 2628,1593 2619,1498 2460,1560 2381,1513 2298,1555 2089,1512 1989,1574 1927,1543 1800,1611 1742,1568 1522,1652"/>
                <Baseline points="1533,1685 1587,1676 1641,1668 1695,1662 1750,1655 1804,1648 1858,1642 1913,1636 1967,1630 2021,1623 2076,1618 2130,1613 2184,1608 2238,1604 2293,1599 2347,1594 2401,1589 2456,1585 2510,1581 2564,1577 2619,1572"/>
                <TextEquiv>
                    <Unicode>wil vnd ancken(als den jder endt</Unicode>
                </TextEquiv>
            </TextLine>
            <TextLine id="r2l13" custom="readingOrder {index:12;}">
                <Coords points="1541,1825 1616,1771 1838,1824 1944,1812 2016,1741 2474,1741 2610,1680 2604,1613 2381,1668 2275,1612 2186,1661 2007,1627 1872,1691 1795,1671 1534,1738"/>
                <Baseline points="1544,1776 1599,1770 1655,1763 1711,1756 1766,1751 1822,1745 1878,1739 1934,1733 1989,1729 2045,1724 2101,1719 2157,1715 2212,1709 2268,1706 2324,1702 2380,1698 2435,1695 2491,1692 2547,1689 2603,1686"/>
                <TextEquiv>
                    <Unicode>sye lubsuchen und brandten wyd</Unicode>
                </TextEquiv>
            </TextLine>
            <TextLine id="r2l14" custom="readingOrder {index:13;}">
                <Coords points="1530,1906 1635,1917 1833,1848 1959,1892 2044,1835 2263,1871 2396,1798 2547,1848 2624,1813 2619,1761 2403,1726 2320,1777 2062,1766 1884,1822 1619,1770 1524,1827"/>
                <Baseline points="1535,1877 1589,1872 1643,1867 1697,1863 1751,1857 1805,1853 1859,1848 1913,1844 1967,1839 2021,1835 2075,1831 2129,1826 2183,1823 2237,1819 2291,1815 2345,1810 2399,1807 2453,1803 2507,1800 2561,1796 2615,1793"/>
                <TextEquiv>
                    <Unicode>uschet) Eechli darzu bachen.</Unicode>
                </TextEquiv>
            </TextLine>
            <TextLine id="r2l15" custom="readingOrder {index:14;}">
                <Coords points="1539,2019 1654,1965 1862,1954 2102,2024 2145,1985 2215,2018 2341,1924 2398,1957 2513,1915 2655,1972 2703,1947 2673,1819 2596,1873 2442,1817 2239,1901 2045,1835 1958,1893 1832,1849 1746,1921 1534,1923"/>
                <Baseline points="1544,1968 1601,1967 1659,1964 1716,1961 1774,1956 1831,1953 1889,1950 1946,1946 2004,1941 2061,1937 2119,1933 2176,1930 2234,1926 2291,1924 2349,1921 2406,1919 2464,1917 2521,1916 2579,1916 2636,1917 2694,1917"/>
                <TextEquiv>
                    <Unicode>Er aber vor disem sy wride gmantsch</Unicode>
                </TextEquiv>
            </TextLine>
            <TextLine id="r2l16" custom="readingOrder {index:15;}">
                <Coords points="1504,2094 2045,2064 2138,2126 2317,2042 2574,2116 2638,2074 2634,1937 2480,1983 2333,1928 2215,2017 2090,1956 2028,2007 1900,2017 1706,1966 1569,2022 1501,1977"/>
                <Baseline points="1511,2076 1569,2070 1628,2065 1687,2061 1746,2058 1805,2054 1864,2051 1923,2048 1982,2046 2041,2043 2099,2042 2158,2040 2217,2040 2276,2039 2335,2039 2394,2039 2453,2039 2512,2039 2571,2040 2630,2040"/>
                <TextEquiv>
                    <Unicode>dn disem niemalen khent, sonder s</Unicode>
                </TextEquiv>
            </TextLine>
            <TextLine id="r2l17" custom="readingOrder {index:16;} place {offset:6; length:7;}">
                <Coords points="1537,2209 1893,2163 2060,2228 2247,2151 2448,2136 2614,2182 2645,2099 2454,2092 2388,2039 2248,2118 2138,2126 2067,2081 1906,2125 1835,2067 1615,2116 1535,2073"/>
                <Baseline points="1544,2165 1598,2165 1653,2163 1708,2162 1763,2160 1817,2157 1872,2156 1927,2154 1982,2153 2036,2151 2091,2150 2146,2148 2201,2147 2255,2147 2310,2147 2365,2147 2420,2147 2474,2147 2529,2149 2584,2151 2639,2153"/>
                <TextEquiv>
                    <Unicode>Vn zu Muleren zum ersten mah</Unicode>
                </TextEquiv>
            </TextLine>
            <TextLine id="r2l18" custom="readingOrder {index:17;}">
                <Coords points="1533,2288 2020,2302 2321,2247 2398,2287 2567,2248 2698,2290 2673,2176 2236,2232 2182,2186 2059,2227 1906,2173 1532,2224"/>
                <Baseline points="1541,2261 1598,2264 1655,2267 1713,2268 1770,2268 1828,2268 1885,2267 1943,2265 2000,2262 2058,2261 2115,2258 2172,2255 2230,2253 2287,2250 2345,2249 2402,2247 2460,2247 2517,2247 2575,2249 2632,2252 2690,2256"/>
                <TextEquiv>
                    <Unicode>antraffen, Die beide jungen brabe</Unicode>
                </TextEquiv>
            </TextLine>
            <TextLine id="r2l19" custom="readingOrder {index:18;}">
                <Coords points="1542,2409 1948,2374 2019,2436 2087,2378 2284,2441 2460,2379 2590,2418 2678,2367 2676,2288 2591,2314 2258,2251 2110,2336 1818,2343 1725,2282 1665,2323 1540,2312"/>
                <Baseline points="1548,2378 1604,2378 1660,2378 1716,2378 1772,2378 1828,2378 1884,2376 1940,2375 1996,2373 2052,2372 2109,2371 2165,2369 2221,2367 2277,2366 2333,2366 2389,2364 2445,2363 2501,2363 2557,2363 2613,2363 2670,2363"/>
                <TextEquiv>
                    <Unicode>der kheine er gantz nicht, welche</Unicode>
                </TextEquiv>
            </TextLine>
            <TextLine id="r2l20" custom="readingOrder {index:19;}">
                <Coords points="1543,2523 2261,2483 2319,2520 2409,2483 2475,2533 2549,2476 2679,2532 2675,2382 2358,2451 2125,2416 2032,2448 1932,2383 1826,2436 1714,2387 1626,2442 1540,2409"/>
                <Baseline points="1550,2486 1606,2490 1662,2493 1718,2495 1774,2496 1830,2495 1886,2495 1942,2493 1998,2492 2054,2489 2110,2487 2166,2484 2222,2481 2278,2478 2334,2475 2390,2472 2446,2471 2502,2468 2558,2466 2614,2466 2670,2466"/>
                <TextEquiv>
                    <Unicode>shalls baldt der lärmen angangen</Unicode>
                </TextEquiv>
            </TextLine>
            <TextLine id="r2l21" custom="readingOrder {index:20;}">
                <Coords points="1528,2632 1622,2599 1844,2609 1932,2677 2044,2607 2128,2642 2270,2622 2337,2672 2422,2605 2542,2581 2541,2490 2475,2533 2418,2491 2319,2533 2224,2502 2140,2555 1796,2502 1695,2554 1607,2497 1527,2530"/>
                <Baseline points="1535,2595 1587,2598 1640,2600 1692,2601 1745,2603 1797,2603 1850,2603 1903,2603 1955,2603 2008,2601 2060,2601 2113,2600 2165,2598 2218,2597 2271,2595 2323,2595 2376,2594 2428,2592 2481,2592 2534,2592"/>
                <TextEquiv>
                    <Unicode>un dem staub gemacht heinint</Unicode>
                </TextEquiv>
            </TextLine>
            <TextLine id="r2l22" custom="readingOrder {index:21;}">
                <Coords points="1529,2793 1646,2793 1712,2733 1818,2772 2075,2738 2149,2774 2217,2734 2636,2728 2675,2689 2520,2688 2383,2631 2340,2674 2267,2622 2145,2709 2035,2708 1667,2597 1527,2632"/>
                <Baseline points="1536,2714 1592,2721 1649,2727 1705,2731 1762,2733 1818,2736 1875,2736 1931,2736 1988,2736 2044,2735 2101,2733 2158,2732 2214,2729 2271,2727 2327,2724 2384,2723 2440,2721 2497,2719 2553,2717 2610,2717 2667,2717"/>
                <TextEquiv>
                    <Unicode>ythers hatt er nicht bekhannen</Unicode>
                </TextEquiv>
            </TextLine>
            <TextLine id="r2l23" custom="readingOrder {index:22;}">
                <Coords points="1523,2852 1719,2828 1819,2903 1993,2845 2510,2876 2728,2832 2728,2781 2314,2821 2185,2744 2148,2773 1900,2736 1666,2797 1523,2770"/>
                <Baseline points="1530,2825 1589,2829 1649,2834 1708,2836 1768,2838 1827,2840 1887,2841 1946,2841 2006,2841 2065,2841 2125,2841 2184,2840 2244,2840 2303,2840 2363,2838 2422,2838 2482,2839 2541,2840 2601,2841 2660,2842 2720,2844"/>
                <TextEquiv>
                    <Unicode>sellen Cnd ister Mordt auch durch</Unicode>
                </TextEquiv>
            </TextLine>
            <TextLine id="r2l24" custom="readingOrder {index:23;}">
                <Coords points="1510,2985 1545,3006 1670,2935 1958,3010 2348,2931 2709,3009 2709,2875 2616,2843 2472,2882 2336,2856 2193,2917 1766,2908 1682,2839 1602,2883 1510,2849"/>
                <Baseline points="1518,2922 1577,2928 1636,2933 1695,2936 1754,2938 1814,2939 1873,2940 1932,2940 1991,2940 2050,2939 2110,2938 2169,2937 2228,2936 2287,2934 2346,2934 2406,2933 2465,2933 2524,2933 2583,2934 2642,2937 2702,2939"/>
                <TextEquiv>
                    <Unicode>die beide mit gefangne Ermöntsch</Unicode>
                </TextEquiv>
            </TextLine>
            <TextLine id="r2l25" custom="readingOrder {index:24;}">
                <Coords points="1545,3029 1814,3113 1938,3051 2157,3082 2232,3036 2325,3070 2424,3034 2503,3103 2583,3040 2715,3032 2584,2958 2462,2991 2267,2931 2124,2997 2069,2972 1912,3013 1851,2981 1764,3009 1670,2934 1545,2971"/>
                <Baseline points="1553,3024 1610,3028 1668,3032 1726,3035 1784,3038 1841,3039 1899,3039 1957,3039 2015,3039 2072,3039 2130,3038 2188,3038 2246,3036 2303,3036 2361,3035 2419,3035 2477,3035 2534,3035 2592,3035 2650,3036 2708,3039"/>
                <TextEquiv>
                    <Unicode>erschlegenen nschuldig erkhent</Unicode>
                </TextEquiv>
            </TextLine>
            <TextLine id="r2l26" custom="readingOrder {index:25;}">
                <Coords points="1520,3134 1804,3171 2056,3144 2162,3197 2288,3141 2434,3191 2678,3138 2679,3040 2526,3119 2348,3062 2235,3128 2120,3060 1976,3131 1885,3095 1799,3125 1711,3058 1521,3039"/>
                <Baseline points="1527,3122 1584,3131 1641,3137 1698,3143 1755,3147 1812,3150 1869,3153 1927,3155 1984,3155 2041,3155 2098,3155 2155,3153 2212,3152 2269,3152 2327,3150 2384,3150 2441,3149 2498,3149 2555,3149 2612,3150 2670,3152"/>
                <TextEquiv>
                    <Unicode>vnd das er allem Mischendt begert</Unicode>
                </TextEquiv>
            </TextLine>
            <TextLine id="r2l27" custom="readingOrder {index:26;}">
                <Coords points="1520,3264 1651,3319 1806,3240 1925,3318 1996,3261 2143,3284 2224,3260 2412,3332 2415,3154 2347,3182 2287,3142 2187,3226 2047,3227 2012,3196 1897,3229 1799,3168 1741,3203 1645,3194 1522,3133"/>
                <Baseline points="1529,3228 1572,3235 1616,3240 1660,3246 1704,3250 1748,3252 1792,3254 1835,3256 1879,3257 1923,3257 1967,3257 2011,3257 2055,3256 2099,3255 2142,3254 2186,3254 2230,3252 2274,3252 2318,3251 2362,3251 2406,3251"/>
                <TextEquiv>
                    <Unicode>durch y bezenget worden.</Unicode>
                </TextEquiv>
            </TextLine>
            <TextLine id="r2l28" custom="readingOrder {index:27;} person {offset:6; length:12;}">
                <Coords points="1516,3426 2068,3430 2169,3471 2333,3440 2436,3505 2626,3450 2630,3342 2483,3379 2314,3306 2099,3334 1995,3298 1862,3392 1519,3361"/>
                <Baseline points="1524,3410 1578,3414 1633,3418 1688,3422 1742,3425 1797,3426 1852,3429 1906,3431 1961,3432 2016,3434 2071,3435 2125,3437 2180,3438 2235,3440 2289,3441 2344,3444 2399,3447 2453,3449 2508,3452 2563,3456 2618,3459"/>
                <TextEquiv>
                    <Unicode>diser geter Karisz ist das ersee</Unicode>
                </TextEquiv>
            </TextLine>
            <TextLine id="r2l29" custom="readingOrder {index:28;}">
                <Coords points="1527,3506 1604,3566 1731,3527 1918,3614 2012,3555 2162,3570 2222,3530 2306,3602 2389,3547 2760,3580 2743,3506 2617,3527 2509,3480 2433,3512 2241,3445 2008,3497 1531,3420"/>
                <Baseline points="1535,3501 1595,3508 1656,3515 1717,3521 1778,3525 1839,3527 1900,3530 1961,3531 2022,3533 2083,3534 2144,3534 2204,3535 2265,3536 2326,3537 2387,3539 2448,3542 2509,3546 2570,3550 2631,3556 2692,3563 2753,3572"/>
                <TextEquiv>
                    <Unicode>necht lähr ufzogen und das andere mal</Unicode>
                </TextEquiv>
            </TextLine>
            <TextLine id="r2l30" custom="readingOrder {index:29;}">
                <Coords points="1538,3609 2126,3643 2227,3720 2317,3660 2745,3685 2749,3592 2636,3618 2441,3558 2377,3610 2190,3610 2085,3538 1924,3615 1842,3577 1736,3600 1680,3556 1633,3585 1542,3535"/>
                <Baseline points="1547,3597 1606,3608 1666,3616 1725,3623 1785,3629 1844,3633 1904,3635 1963,3638 2023,3639 2082,3641 2142,3642 2202,3642 2261,3644 2321,3645 2380,3647 2440,3649 2499,3651 2559,3656 2618,3660 2678,3667 2738,3675"/>
                <TextEquiv>
                    <Unicode>nit dem kleinenstein geferkt worden.</Unicode>
                </TextEquiv>
            </TextLine>
            <TextLine id="r2l31" custom="readingOrder {index:30;}">
                <Coords points="1516,3775 1557,3805 1652,3760 2228,3794 2334,3859 2442,3801 2677,3818 2693,3773 2464,3708 2265,3740 2166,3691 2001,3758 1872,3751 1523,3609"/>
                <Baseline points="1524,3741 1582,3749 1640,3757 1698,3763 1756,3767 1814,3772 1872,3775 1930,3779 1988,3780 2046,3783 2104,3784 2162,3786 2220,3788 2278,3789 2336,3791 2394,3792 2452,3795 2510,3797 2568,3800 2626,3804 2684,3809"/>
                <TextEquiv>
                    <Unicode>Ist mit iner guten Kahne viß, vnnd</Unicode>
                </TextEquiv>
            </TextLine>
            <TextLine id="r2l32" custom="readingOrder {index:31;}">
                <Coords points="1553,3916 1677,3877 1721,3927 1764,3906 1820,3921 1903,3874 2003,3901 2063,3881 2139,3910 2195,3966 2216,3837 2154,3812 1987,3852 1892,3781 1837,3826 1707,3822 1647,3771 1563,3784"/>
                <Baseline points="1568,3828 1599,3834 1631,3840 1663,3846 1695,3851 1727,3855 1759,3858 1790,3863 1822,3866 1854,3868 1886,3871 1918,3874 1950,3875 1982,3878 2013,3879 2045,3879 2077,3881 2109,3881 2141,3881 2173,3882 2205,3881"/>
                <TextEquiv>
                    <Unicode>ledig gelassen worden.</Unicode>
                </TextEquiv>
            </TextLine>
            <TextEquiv>
                <Unicode> n
t afer 
she gscheenbt
  an se
Eteen gette
ir mitgefangen werdint bezangen

hiebey vermeldet er auch das er dorf
3 Melwen mit gedachtem Schärer
und imer frauwen ein maß fruneken
u das sy die trouer uß ihrem eignen
wil vnd ancken(als den jder endt
sye lubsuchen und brandten wyd
uschet) Eechli darzu bachen.
Er aber vor disem sy wride gmantsch
dn disem niemalen khent, sonder s
Vn zu Muleren zum ersten mah
antraffen, Die beide jungen brabe
der kheine er gantz nicht, welche
shalls baldt der lärmen angangen
un dem staub gemacht heinint
ythers hatt er nicht bekhannen
sellen Cnd ister Mordt auch durch
die beide mit gefangne Ermöntsch
erschlegenen nschuldig erkhent
vnd das er allem Mischendt begert
durch y bezenget worden.
diser geter Karisz ist das ersee
necht lähr ufzogen und das andere mal
nit dem kleinenstein geferkt worden.
Ist mit iner guten Kahne viß, vnnd
ledig gelassen worden.</Unicode>
            </TextEquiv>
        </TextRegion>
    </Page>
</PcGts>
