2448 3264
418 516 1212 722 71. Voffen dem Gerygerant Lueeme¬
530 609 1197 772 piets habindter und ettliche ser sen
506 676 1197 833 larten, vnß einem durchi vffgebrochnen
500 751 1203 885 Spycher drey wyber vork ein schüelt
503 809 1187 946 deü var schu und zwey bar leyben
497 864 915 993 strümpffentragen.
374 934 1206 1089 72 Im Cntherthal uß einem spycher dreybh
532 1014 1198 1123 ein faubi sythen fleisch und eier liben
407 1115 1207 1236 73. Beychermassen sie durch s vff dem Badt
528 1181 1199 1296 kerg ein pycher vebrochen werden
480 1230 1194 1361 Daruß zwen wyberrock, zwey par
519 1309 1189 1411 hosen vnd zwey bars zhu entwendt
511 1357 677 1431 worden
425 1426 1191 1552 14 Abermalen zu kiechten uß demspycher
519 1493 1189 1591 13. ellen rifftigsthuch 8 lyerbachen zwen
478 1552 1188 1648 wyber Röck und funff brodt, die brat
488 1612 1213 1725 habundt von gessen, das ebrig zu langen tha
498 1664 708 1756 verkhaufft
406 1741 1172 1865 75. zu Hiningershuß uß einem pycher
480 1820 1174 1923 den sy geöffnet 2 parhosen3 gott
506 1884 1141 1987 im gremen schuleeitz und in khus.
391 1964 1171 2093 76 Christen Liechti Im Liestgut leß vnn
494 2030 1174 2154 Spycher dru perhosen, vnd acht ellen
489 2113 1051 2222 grobs bynigsthuch gestolen.
378 2190 1167 2305 77. Im schwärengraben hinderthrub uß
491 2257 1157 2373 endem stopther zwei mäßkhäsen, ein
484 2318 1155 2425 habli sythen sporf und drüparschuch.
376 2388 1161 2553 78 zu Pothlisperg Im Eregraben Ceßt
473 2480 1173 2594 einem spycher 2 khäsen zweyspar
463 2526 1124 2676 hosen vndemnstecken vol rindtleisch.
489 2605 1166 2748 . Wistelbuel habeindt sy ein gaden ofge
361 2674 1170 2793 73 brochen sind uß denselben 2 röck
465 2727 1163 2882 2. Gippen ein batr wyberstrümppff
479 2817 958 2946 und 2 barschuch gestolen.
1995 419 2070 476 22
1241 479 2041 702 80 zu sochstalden habend gabermalen ein seyser
1279 573 2038 742 vsbershen, vß demselbige 3 thafen, 3 bar
1272 643 1830 798 schuch und ein leybbrodt entwendt.
1283 703 1997 886 etstlichen, zu langeneyg habint er und zur
1316 752 2008 940 esarek uß einem durch veröffnen syg
1315 815 1995 1013 wyparhofen, der wybertöck und
1274 912 1679 1052 de an ds hgsfale.
1219 986 1995 1137 S fudtlichen hatt gegenwirtiger Velahar
1304 1033 2013 1187 waich bekhendt vnd veriechen, das er sich
1308 1121 1999 1244 en sölcher jmer landtstrychenen hin und
1285 1158 2073 1321 wißerschweyffen, Gottlichem Gesaltz Christen
1303 1243 2033 1358 lich tucht und ferbarkheysh, se fleischlich
1302 1285 2047 1432 pedigkhei hurey und Lebrach so vil
1313 1353 2027 1476 taltig verthiefft habe, das er die anziht
1311 1398 2011 1527 vrdmenge solcher thäleren nicht namsen
1311 1491 1727 1599 nach erhallen khönnde.
1289 1556 2066 1702 Hoff disere deß gedachten Kelcherr Größen,
1323 1652 2035 1766 vnb begangne Wilthaltige diebstal
1310 1717 2089 1814 hoche vnd ihwere mißhandlungk habent
1312 1763 2090 1868 lochgmank min gnedig herren vnd Obereen
1290 1845 2073 1952 Schuldtheis Päthe und berger aff
1285 1901 2085 1993 ynt zu vef erkhent zngpechen das
1291 1961 2095 2067 disebe loplichen statts dern uff ihren eydt
1306 2020 2076 2132 zu rechterkhendt und gsprochen, das man
1323 2073 2073 2177 Pun dem Nachrichter beuelcht, der Inne
1325 2131 2052 2243 Oben Eß vffgewonliche Richestatt
1329 2188 2091 2296 hüwen janemit dem strauchen vom leben
1290 2225 2074 2369 Kunthodnach Keiserlichem rechten richten,
1306 2308 2079 2426 hiemit die seel gott ihrem schopffer und
1308 2361 2097 2512 erlöser, den leis aber dem lufft vnd
1316 2432 2010 2551 seglen deß himmels bemelchen solle.
1290 2508 2104 2649 diser ertheil ist an ihme dem h
1306 2592 2041 2707 uombs 1685 erstattet worden.
