3024 4032
796 841 1771 1083 gfengefrlich ashar geschüert, volgent it w
812 963 1745 1155 rendig marter eaminiert worden, da
807 1075 1753 1241 er dan bey 2 diebstül edoch nehrthe
769 1140 1734 1301 von asiger seys bekhent, und wyl er mit
797 1226 1747 1392 Vnd neben demselben den Eidt Obersechen,
790 1325 1748 1459 Zebentmein g. Herren suenthalben erkhendt
787 1418 1745 1555 das er im Crphet Euff sich vermitlstin
777 1521 1738 1675 glüpt am Eydtsstat geloben, deß ihlt
790 1609 1714 1748 so er negthers Inen Ihr G. Landl. vnnd
783 1716 1731 1852 gebieten betretten wurde man Innchi
788 1793 1726 1940 alle gnad vom leben zume thad rüchten lasen
802 1890 1717 2043 sollle, ist welche blupt er gethansed
781 1980 1719 2132 nach demselben mit ruthen geschuedzg
783 2071 1339 2223 und zeichnet worden.
739 2176 1707 2333 Darbey es aber auch nit verbliben, apt
696 2281 1694 2432 hat sich gantz fürsetzlich mein eydr wyß
726 2372 1687 2499 widerumb dan Ihr G. landt, daro gelese
750 2443 1691 2604 Anderthanen wythers zuberouken Ihr
768 2536 1693 2693 teeteren lassen, gestalten er kurtz ved¬
771 2603 1687 2756 nichter tagen, wirrmb, alsfurds virt
753 2684 1690 2905 mahl gfengebt ich vnbracht, Kolgub de
749 2795 1680 2991 Ißgeheyß Ihr G. Den 18. pul d
731 2852 1689 3088 Jars unnd 11 Jeli im anhären Adges
737 2961 1684 3183 wertig kheyt deht hochgrachten Ehrenste
740 3077 1687 3269 fromen versichlichen wysen zeert se
754 3124 1688 3365 samel erbers deß Baschs, herren Zus
750 3198 1671 3446 man Etters vnd Johans Melcheor Schur
747 3271 1675 3543 veisters, der bergeren vnd genenn Cun
741 3396 1677 3650 Een Geurens Großwenbels zu o
723 3446 1670 3769 lhen nhen
726 3562 1656 3895 Ae nd
2823 816 2924 924 1
1852 895 2950 1050 verahere, noch disere hernach volgende diebstäl
1845 990 2904 1153 begangen zu haben, verrecht vnd bekhent, auch
1844 1067 2955 1235 Solche an der Marter erhalten vnd bestätiget
1812 1198 2925 1368 Namliche vnd deßersten, das er sich wie obange¬
1835 1308 2893 1445 ehört, gleich nach letster ihme widerscharner
1849 1389 2879 1529 gnndin ezrichtigarg und uff sich gelapten
1800 1475 2880 1618 Mehedts, als baldt widerumb zue Ihr G¬
1791 1560 2904 1688 Kandt nachdem ideren Sibenthal gezogt, da
1832 1631 2874 1782 er dan zu Brouting ein salben leib beodt
1829 1721 2856 1870 sin anderen huß daselbst ein halbs käßli
1840 1811 2097 1916 entwendt.
1831 1862 2581 2032 Dene zustorben, ein fuckhleisch,
1813 1979 2884 2138 und beßinden widerumbein stuck fleisch
1810 2079 2565 2209 vnd im stuck beodt gestolen
1768 2163 2854 2359 Item in einem anderen hiß ohnsher dadannen
1824 2266 2225 2392 ein stuck fleiß,
1821 2345 2400 2497 zu Echwyl ein brodt
1801 2437 2817 2604 Vnd aller nechst darby zwey bradt
1813 2528 2864 2675 erefrombdet von denen er eins Cmcbdrey
1766 2612 2846 2786 batzl verkhaufft, die vbrig vbergassen.
1767 2713 2859 2900 Creeners zu Göringschabere das Habdt
1787 2836 2855 3000 soer deßmalen ansnem lyb tret en¬
1796 2911 1980 3050 zuekt.
1776 2992 2864 3182 nd daselbsten auch einbar kyim strupff
1791 3111 2796 3279 gewornen vnd vmb 5 b Kerkhaupfs
1745 3209 2775 3377 Glychermassen nicht nch dadannen ein
1786 3289 2834 3489 alten kninentschopen, dan er vmb drey
1787 3360 2213 3512 bortzt hingeben
1737 3449 2871 3659 Ennd vun einem anderen shme namens halber
1765 3537 2831 3758 Vnbekhandtenort, ein alts bar Sohn Eler
1780 3655 2119 3759 vnthreiet.
