2448 3264
428 503 1143 679 Gschers habe er voretlichen Jharen nit
460 607 1158 738 hilff vnd zu thun syner trompen, Imsanen
417 674 1170 810 klandtein Kästli gestolen und su fey
436 734 1068 846 burg vmb 13 b. verkhaufft
424 808 1183 963 deßglychen zu Ridenrthalb Osch heige wen
447 900 1191 1024 buren zen khäsen erwürscht, der inneabe
450 958 1188 1082 ergriffen, die khäsen widerumgn genamen
438 1018 1179 1135 dem er ouch ein dicken geben, daser Iun
432 1070 728 1179 lauffen lasse.
429 1162 1185 1311 Item zu Günicken mit vilanzognen s
451 1238 1189 1352 beiden mitgsellen Nigli Höüwberger n
448 1311 1181 1422 Hanß Jagli Gasser habe er ein kellen
441 1374 1173 1467 geöffnet und uß demselben 3 fäßen
421 1439 1068 1539 und 4 leiben brodt ertragtn.
399 1523 1175 1644 Zur Rüegseag by signome mit hilff
430 1603 1190 1706 Schëöters uß einem sücher 3 schwytze
420 1664 1163 1761 Khäsen einsterken mit rinderigs flüsch
405 1722 1180 1805 gestolen, V z vmb zuerthalle kronen
398 1773 883 1884 Verkhaufft habindt.
405 1853 1193 1955 zu Geuren zum zoge als er daselbst
438 1915 1181 2023 tröschen, habe er dem Buren künffmeß
413 1976 1177 2074 thoten enttrömbdet nach Jegenstorff ge¬
437 2038 1187 2136 tragen, da er aber ußospacht worde.
418 2099 1118 2205 vnd dasselb restituleren muessen.
382 2168 1188 2298 Mehr zu Grüttellen vert er sonstIhren
410 2252 1175 2359 dern Aß dem Luepen piet hum k ein
414 2308 1189 2435 Kellen thomen und acht maß wy
421 2394 799 2481 daruß entwant
416 2418 1070 2588 zu Mülhi s leiben brodt.
424 2505 1188 2657 Bnd zu Subinger sechs brodt, ein ancke-
403 2578 1199 2710 ballen und zwey huß fäßli entragen
326 2233 374 2303 7
1961 409 2022 480 12
1202 474 1960 714 e  he
1241 549 1993 756 biberdt 3maßancken 3 hußkäßli und
1256 639 1806 813 etgefalde
1245 710 2018 940 endeengets teher
1239 763 2034 1001 eeeliche  e
1264 824 2046 1056 n efelteget
1232 971 2010 1151 Damerthin nit einsi genant Hanß Töffler
1253 1023 2049 1181 Ldi genant der Groß Stemk vnd Kratzen,
1269 1094 2050 1238 noturers, siie er glech nach lebst verwichnen
1253 1147 2018 1303 Ninrenblerger mahrit an zweyen orthen,
1266 1218 2022 1344 tnn zwen wycht brochen, vß welchen sy
1277 1278 2021 1427 einhalbe sythensteck, 6 brodt, ein bar
1270 1333 2071 1480 schu, stag aller lyninthuch ein korb sol eyer
1256 1414 2001 1536 1. Lyrlachen 7 ell wilchen und ein glu
1293 1470 2042 1593 huchinen wyber rock gestolen und das thun
1255 1522 2063 1639 Dauel wabers frauw alhie In der Statt
1268 1601 1738 1694 Vmb 3. t verkhaūffts
1268 1641 2030 1762 sonstgibt er für, das er nach zwen andere
1284 1726 2012 1831 companen gehapt, die Landtthagierende
1272 1802 2063 1907 krämer syents, hesse der eine E dantz heige
1279 1863 2013 1962 Im Liteebach dienet sie bauw kleydt,
1258 1923 2064 2025 vnd fhouffe stüths von obgemeltem Damel
1282 1987 2022 2085 Waber bulffer sye deyßmündig mit
1302 2042 2097 2151 imem halben batetli und im angsicht etwas
1282 2098 1448 2169 Dupfflet
1285 2159 2046 2276 der andersce ein schwartze person, mit
1295 2223 2105 2351 ernm schwartzen bäptli und schwartzen.
1288 2265 1540 2366 Lorerhuth.
1302 2329 2093 2465 nit welcheren hilffer auch in einem keller
1299 2391 2040 2522 gsen, (daruß sy furff maß aneben ein
1296 2466 2038 2607 anckenballen, etliche Eyer vndem
1288 2506 1647 2643 sheheli enragen.
1290 2585 2106 2731 Sonsthater auch als man imne gfragt, wo s
1308 2639 2077 2795 mit derglychen gstolnem zeügshin khommt,
1295 2697 2079 2873 bericht geben, das sy den mehrerer theil zu
