3024 4032
363 415 1458 664 Naggenberg gut darfür sein und vo degsgestelt und sy beid also gegt ein an-
399 551 1458 791 Geselben zum Gdern Widerumb sc
399 640 1458 863 sfiluieren welle. Alls sich al
408 767 1458 956 nach disem bey hochen Langeren, vo
402 848 1453 1028 gedachter Brovos erklagt, das er ni
414 953 1458 1148 meihr geltt habe, vnd deswegen I
406 1056 1458 1244 Naggenberg angesprochen, das er In
406 1154 1456 1358 hun vmb ei mehreren fuestand gel
412 1251 1458 1412 ersuchen wollte. So er gethan aber
429 1338 1458 1522 ein abschlegige antwort empfan
429 1453 1452 1628 habe dessen ohngeacht, der Pros
429 1547 1457 1714 als dem gantz wol bewüst worden.
418 1654 1458 1820 zun nach vil gelts habe, zure zu
428 1735 1451 1919 gstalten ernstliche ngredt, das e
433 1833 1448 2017 prouosen nochettwans gelts Imer
434 1935 1458 2113 russen Lumppen vngebunden (
406 2033 1449 2192 ul aber dessen gfiße, möge er in
409 2103 1449 2286 wüssen) geben habe, Da aber ihn
416 2207 1445 2389 genberg n�tzit daruon zu theil
439 2320 1439 2485 ye, sonder Frey der prouos hab
426 2387 1443 2547 eintzig behallten und verbucht
412 2481 1427 2654 ouch nichtt wenig, dan das er dem 1
406 2572 1446 2771 heissen, vß besagtem gelt ein Ross
406 2646 1443 2845 damit er alls ein branckner dese
409 2749 1419 2965 fortkhomen möchte. Es sie aber
386 2829 1431 3039 prouosen dessen khein ernst gsin
408 2933 1428 3137 diß sein vrsprechen auch im mntsten aht
400 3086 883 3232 leitstet habe.
399 3077 1435 3415 hen derpfage ach
470 3212 1429 3484 schuld der stherung uff den
424 3326 1427 3616 prouosen Torents dern werfen
453 3423 1429 3707 sich selber also mit glattem fürg
405 3481 1423 3811 tschedige wlr hu
389 3568 1420 3916 gebetkenn he det
2477 330 2631 425 80
1458 408 2680 680 Naggenberg gut darfür sein und vo degsgestelt und sy beid also gegt ein an-
1458 710 1464 779 Geselben zum Gdern Widerumb sc
1458 807 1467 864 sfiluieren welle. Alls sich al
1458 864 1460 894 nach disem bey hochen Langeren, vo
1482 508 2596 811 dem confrontiert, a dantzug das eine
1458 1048 1461 1108 meihr geltt habe, vnd deswegen I
1458 1157 1466 1239 Naggenberg angesprochen, das er In
1465 592 2674 861 vndandere, desen er sich vor Ir Gnad ab Mag¬
1458 1337 1460 1405 ersuchen wollte. So er gethan aber
1482 664 2696 971 geberg grklagt, Ihme vnder ongs fürgeworffen
1458 760 2672 1071 und huster bezeüget, das er und der pronos
1474 884 2603 1155 frusanstat sulals ehgliebende officiore
1480 995 2719 1237 synes saptmans eine schiltgen unnd sehirmen,
1484 1064 2673 1284 Ahalls ihn krancken uff yner reüß befür-
1481 1169 2630 1373 derm solleneine alles zues gelts In auch
1458 1940 1466 2034 russen Lumppen vngebunden (
1498 1264 2661 1450 V vterwehrs vnd coltimiss sackeberaubet
1483 1361 2639 1557 ndalß schwanech und fruk dahinde
1493 1443 2648 1664 glassen habindt. und hiemit einer so gut
1493 1568 2124 1735 alls der ander gsul ss.
1494 1637 2617 1828 Nich dem nun disere Confrontation be¬
1495 1757 2652 1937 ich vnd bis Maggerberg im wen reden
1492 1837 2680 2021 urdt wanefelmüetig khëiht eeierekt,
1512 1962 2697 2100 worden. Habent die Herren examinatt¬
1509 2051 2649 2202 WIre dergstalten, die Warhuß zuber
1484 2146 2671 2292 komn etenstlich zugesprochen, auch die
1482 2228 2639 2424 grosse glar vnd sehnach Im die er sich
1484 2326 2644 2494 sllb (oer uff yner verleügnen be-
1492 2436 2680 2570 haeren wollte, und er doch besten theils
1480 2508 2712 2699 aberyt überzeüget s den stürkzen wurde.
1527 2592 1956 2693 et die auhh geheficht.
1492 2624 2694 2793 mbereidtlich bekhendt, das er vnd der
1484 2689 2696 2846 ufffanzogne Beknoh, ermelgen sen¬
1475 2769 2710 2995 sicht kun syres geltb mitgwalt beraubet,
1485 2863 2688 3069 Ic solches vnderwegs verschlempt vnd
1485 2997 2703 3186 verhert habindt ohngeacht er saggen.
1470 3043 2711 3267 berg oohne zwo Danblonen Greyfronen
1483 3161 2692 3359 vndachtzeehen batze, die ihne sein her
1479 3233 2732 3472 Haupftman geben, noch bey achtt daublonen
1472 3330 2730 3557 beysih und also gang gelt gehabt habe.
1473 3403 2697 3656 Eetbitte aber Gottden herrnn andern
1474 3501 2678 3752 predige Oberkheyten onderthenigist Imb
1472 3611 2670 3859 wad und verzyehung, das man nicht nach
