4000 3000
2322 210 2554 270 pfarrlich
2601 197 2675 257 vor
2722 186 2861 246 einem
2917 176 3020 236 der
3057 176 3206 236 verlas¬

2326 289 2417 349 und
2474 281 2565 341 den
2622 260 3055 320 Bergen,
3078 250 3215 310 dem¬

2321 369 2399 429 nach
2414 358 2623 418 etwas
2662 347 2755 407 es
2848 334 3018 394 hievor
3057 329 3204 389 wider¬

2325 453 2405 513 uns
2458 439 2710 499 aneinisch
2763 419 2949 479 worden,
3003 411 3096 471 sich
3109 410 3189 470 eine

2316 528 2521 588 anderen
2575 511 2769 571 Magen
2790 496 3070 556 zugehen,
3103 495 3146 555 die

2333 612 2440 672 elbig
2488 606 2576 666 zur
2624 596 2818 656 zu
2838 586 2954 646 und
3042 579 3158 639 wider

2333 693 2606 753 schleiff,
2641 679 2807 739 entlich
2843 671 2914 731 zu
2949 666 3080 726 Wolen
3127 664 3186 724 einer

2317 778 2502 838 Wegeren
2559 763 2859 823 verringer,
2871 755 2951 815 und
2997 751 3044 811 er
3067 751 3113 811 sie

2322 861 2392 921 auch
2452 856 2552 916 alda
2572 847 2812 907 zedienen
2852 835 3082 895 Ingstell¬

2303 937 2417 997 zu
2487 937 2565 997 den
2627 932 2688 992 in
2723 920 3020 980 gegnet,
3037 913 3116 973 und

2352 1012 2410 1072 für
2440 1012 2731 1072 nommen,
2750 1006 2799 1066 und
2886 1003 2915 1063 so

2352 1099 2407 1159 zu
2439 1096 2710 1156 hoffen
2775 1090 2960 1150 vorgter
2992 1087 3198 1147 Gewerben

2334 1191 2439 1251 Das
2477 1180 2725 1240 gesenen,
2801 1177 2963 1237 wenn
2991 1176 3039 1236 er
3058 1175 3115 1235 als
3163 1170 3229 1230 off

2354 1261 2626 1321 derselbigen
2673 1255 2815 1315 Hoff
2886 1252 3110 1312 Mythoffen

2348 1347 2637 1407 kommen,
2668 1345 2741 1405 er
2761 1343 2834 1403 er
2854 1341 2968 1401 mir
3061 1333 3226 1393 ganzen

2344 1435 2469 1495 floß
2521 1429 2625 1489 und
2667 1427 2802 1487 ernst
2844 1422 3104 1482 gewerben
3156 1417 3198 1477 und

2346 1514 2635 1574 Bearbeiten
2679 1514 2767 1574 wol
2846 1511 3117 1571 zustellen,
3135 1504 3213 1564 ver¬

2345 1603 2426 1663 lich
2457 1601 2569 1661 und
2600 1601 2631 1661 des
2825 1596 3100 1656 Zustellen
3121 1590 3233 1650 woll¬

2342 1675 2615 1735 masse,
2658 1674 2731 1734 das
2784 1673 2857 1733 den
2931 1670 3194 1730 darufsvil¬

2374 1751 2445 1811 mir
2541 1751 2656 1811 und
2682 1750 2840 1810 was
2867 1749 3052 1809 entstan
3096 1745 3192 1805 und

2378 1824 2515 1884 folgen
2564 1825 2769 1885 mußt,
2789 1827 2887 1887 und
2926 1828 2985 1888 als
3033 1825 3112 1885 des
3121 1820 3229 1880 vor¬

2359 1898 2533 1958 gabens
2589 1902 2726 1962 vor
2772 1907 2864 1967 und
2910 1908 2984 1968 er,
3002 1907 3030 1967 er
3067 1899 3232 1959 nachbe¬

2375 1981 2557 2041 legt,
2577 1981 2608 2041 ob
2628 1981 2689 2041 sie
2729 1984 3023 2044 vorgenamt
3094 1974 3205 2034 be¬

2345 2064 2456 2124 Frau
2558 2060 2808 2120 Anna
2855 2063 3086 2123 Paralle,
3095 2060 3133 2120 die
3151 2058 3207 2118 er

2367 2144 2605 2204 pfarrlich
2651 2143 2730 2203 vor
2764 2143 2901 2203 einem
2957 2141 3037 2201 der
3082 2133 3218 2193 verlas¬

2378 2228 2467 2288 noch
2543 2228 2720 2288 lebend
2784 2230 2872 2290 oder
2923 2228 3024 2288 und
3075 2222 3176 2282 wer

2364 2309 2727 2369 gemelten
2803 2312 2898 2372 Lesen
2898 2307 3251 2367 erach¬

2362 2392 2483 2452 halb
2516 2392 2593 2452 den
2648 2392 2703 2452 der
2747 2390 2967 2450 Werbung
3022 2386 3110 2446 für
3110 2380 3231 2440 pfarr¬

2378 2481 2500 2541 vnnd
2540 2478 2621 2538 dann
2784 2474 3089 2534 gegemelte
3149 2462 3251 2522 Koch¬

2380 2566 2643 2626 bringlich
2675 2562 2917 2622 fürgeben
2949 2556 3054 2616 und
3096 2547 3201 2607 an¬

2375 2654 2480 2714 Wie
2504 2650 2550 2710 das
2597 2648 2655 2708 er,
2690 2648 2749 2708 ein
2807 2648 2830 2708 sie
2900 2645 3017 2705 nur
3064 2638 3134 2698 zu
3157 2628 3250 2688 Mu¬

2389 2736 2536 2796 wyler
2582 2732 2764 2792 plagen,
2809 2734 2900 2794 was
2923 2735 2968 2795 in
2979 2734 3104 2794 und
3127 2731 3161 2791 in
