4000 3000
2343 166 2463 226 wolle
2527 156 2647 216 zu,
2695 145 2735 205 an
2783 135 2919 195 einen
2975 124 3263 184 Unzeit

2357 241 2479 301 sonne
2541 228 2651 288 vnd
2676 212 3044 272 finden
3080 202 3277 262 wis¬

2364 327 2421 387 von
2478 308 2741 368 Frey,
2776 294 2833 354 ein
2913 283 3119 343 Brieff
3153 280 3256 340 sches

2350 411 2401 471 des
2462 391 2749 451 Inhaltes,
2759 372 2892 432 wir
2923 364 3005 424 das
3045 360 3076 420 er
3127 359 3219 419 mit

2355 483 2467 543 Inn,
2523 476 2601 536 und
2658 466 2747 526 das
2792 450 3028 510 Schein,
3050 440 3084 500 so
3106 438 3151 498 er
3207 435 3263 495 zu

2376 557 2550 617 München
2583 548 2746 608 ler
2768 537 2876 597 gel
2931 527 3061 587 von
3181 523 3311 583 meh¬

2374 716 2529 776 der
2583 713 2674 773 den
2738 706 2902 766 willen
2939 700 3121 760 kommen
3194 698 3294 758 und

2362 813 2499 873 wolle
2561 805 2649 865 der
2686 799 2935 859 und
2985 793 3334 853 ih¬

2361 900 2503 960 dem
2567 892 2772 952 haben,
2798 889 3003 949 dieselbe
3119 886 3260 946 Huf¬

2354 979 2446 1039 ben
2559 976 2610 1036 zu
2651 973 2795 1033 diesen
2826 970 3000 1030 Posten,
3041 967 3133 1027 und
3185 967 3287 1027 zwei¬

2353 1070 2627 1130 zubezalen,
2687 1061 2901 1121 deshalb
2925 1058 3020 1118 wo
3044 1058 3128 1118 im
3175 1060 3247 1120 ge¬

2356 1152 2505 1212 lieben
2571 1150 2673 1210 mit
2729 1148 2804 1208 dem
2813 1148 3122 1208 zwecke

2365 1235 2460 1295 solle
2527 1234 2555 1294 er
2612 1232 2660 1292 zu
2707 1231 2774 1291 den
2774 1228 2964 1288 an
3002 1223 3277 1283 Menschen¬

2378 1309 2529 1369 ler
2592 1313 2856 1373 kommen
2932 1312 3347 1372 Casse

2384 1393 2427 1453 in
2470 1396 2673 1456 angaben
2726 1396 2844 1456 habe
2919 1393 3122 1453 bemeldte
3154 1393 3315 1453 Ge¬

2384 1488 2446 1548 er,
2470 1484 2569 1544 den
2631 1483 2705 1543 ein
2730 1484 2965 1544 mischiff
2977 1486 3224 1546 verzeigen

2382 1574 2564 1634 wöllige
2620 1579 2844 1639 Mischiffe
2857 1583 3137 1643 bezalt
3165 1580 3277 1640 und

2386 1663 2444 1723 zu
2479 1663 2607 1723 einen
2642 1664 2887 1724 Faden
2934 1669 3213 1729 gnomen,
3236 1669 3306 1729 sich

2395 1745 2567 1805 damit
2644 1742 2788 1802 gegen
2855 1746 3094 1806 lassen
3133 1750 3257 1810 zugen

2394 1832 2475 1892 Da
2509 1832 2521 1892 im
2670 1834 3050 1894 vnderwägen,
3096 1835 3165 1895 ein
3200 1833 3338 1893 welsch

2383 1916 2557 1976 Grab,
2592 1918 2650 1978 der
2696 1921 2858 1981 Tische
2904 1921 3090 1981 sprach
3124 1913 3298 1973 Rhein¬

2392 2002 2496 2062 was
2574 2006 2808 2066 händig
2860 2008 2990 2068 sei,
3055 2003 3237 2063 per

2379 2087 2449 2147 den
2499 2088 2539 2148 er
2579 2089 2650 2149 zu
2680 2089 2820 2149 einem
2891 2087 3232 2147 Dienstsache

2391 2168 2643 2228 gedinger,
2703 2169 2751 2229 ou
2787 2173 3051 2233 augendes
3111 2173 3183 2233 dem
3195 2170 3339 2230 selbig¬

2403 2258 2546 2318 erlich
2586 2259 2782 2319 alle,
2808 2264 2887 2324 die
3004 2269 3096 2329 für
3096 2266 3266 2326 gesez¬

2406 2338 2728 2398 abschwere,
2750 2347 2894 2407 und
2972 2355 3161 2415 darmit
3194 2349 3283 2409 ver¬

2413 2426 2609 2486 Lesen,
2637 2428 2762 2488 die
2790 2433 2887 2493 ein
2901 2441 3362 2501 Schuldbrieffe¬

2415 2514 2592 2574 richten
2647 2525 2902 2585 zulassen.
2957 2533 3211 2593 Kölliger
3245 2523 3377 2583 Mey¬

2418 2598 2507 2658 mit
2558 2602 2673 2662 er
2698 2604 2774 2664 der
2800 2608 2978 2668 welsch
2991 2610 3194 2670 ab,
3220 2612 3309 2672 mit

2392 2679 2454 2739 Im
2528 2687 2849 2747 Hause
2961 2700 3059 2760 zum
3109 2703 3344 2763 Scheiber

3096 2830 3310 2890 (welcher
