4000 3000
2287 140 2466 200 gern
2500 118 2724 178 gehalte.
2780 109 2959 169 Darnach
2982 109 3083 169 er¬

2287 221 2389 281 selbe
2457 211 2537 271 ein
2593 203 2707 263 schad
2752 198 2832 258 zu
2877 193 3127 253 Diesbach
3150 193 3229 253 über¬

2301 298 2528 358 Schönen,
2562 285 2698 345 und
2743 277 2845 337 den
2868 273 2947 333 ein
3072 267 3185 327 alda

2278 388 2350 448 zu
2386 377 2660 437 Diesbach
2707 366 2755 426 zu
2791 359 2934 419 einem
2981 349 3184 409 Pater¬

2297 460 2550 520 gerinnen,
2587 452 2765 512 welches
2812 444 2943 504 Kind
2971 440 3027 500 ein
3120 432 3223 492 zwey

2288 550 2352 610 an
2390 545 2467 605 sie
2556 541 2670 601 und
2721 539 2798 599 heisst
2874 536 3040 596 ab,
3065 530 3243 590 welche

2295 634 2353 694 gen
2508 628 2596 688 sie
2663 625 2799 685 mir
2828 623 3100 683 unta¬

2309 713 2426 773 einen
2500 712 2639 772 wiff
2670 712 2681 772 in
2755 710 2925 770 Land
2968 712 3170 772 einbe¬

2297 804 2400 864 und
2411 800 2493 860 sich
2504 796 2679 856 dieselb
2690 793 2752 853 sie
2803 791 2958 851 befrau
3041 787 3103 847 ge¬

2302 874 2478 934 abermals
2511 874 2765 934 schwanger,
2798 875 3107 935 völlicher

2302 965 2311 1025 er
2340 961 2446 1021 vor
2484 958 2581 1018 diese
2658 958 2783 1018 ich
2879 958 2956 1018 zu
2976 958 3159 1018 änder¬

2299 1045 2873 1105 Preis,
2923 1036 3143 1096 und

2287 1124 2309 1184 er
2342 1127 2537 1187 deßhalb
2548 1129 2624 1189 von
2668 1130 2874 1190 sollicher
2918 1127 3015 1187 ge¬

2286 1205 2398 1265 ganz
2439 1206 2562 1266 und
2583 1209 2685 1269 gar
2706 1211 2787 1271 mit
2900 1213 3013 1273 doch
3043 1213 3166 1273 vol¬

2273 1300 2401 1360 haber
2454 1303 2507 1363 har
2602 1303 2677 1363 sey,
2804 1302 2889 1362 das
2921 1298 3176 1358 eigener

2281 1387 2461 1447 Planda
2495 1388 2608 1448 eine
2676 1393 2823 1453 Zuchten
2868 1393 3082 1453 Zerden)
3094 1384 3195 1444 an¬

2272 1472 2388 1532 men
2484 1475 2580 1535 mich
2647 1480 2724 1540 p.

2297 1799 2450 1859 anderen
2482 1806 2587 1866 mal
2660 1812 2756 1872 nicht
2813 1819 2894 1879 dem
2958 1825 3136 1885 Weise

2303 1883 2384 1943 sein
2420 1888 2546 1948 zog
2646 1893 2817 1953 worden,
2853 1895 2980 1955 und
3025 1897 3097 1957 will

2299 1956 2408 2016 ander
2487 1965 2644 2025 gestellt
2713 1972 2773 2032 dann
2832 1976 3078 2036 allgeschabe

2291 2032 2393 2092 mit
2495 2045 2916 2105 schaulich
