4000 3000
2233 121 2333 181 Die
2345 116 2420 176 so
2482 112 2619 172 einer
2706 110 2768 170 zu
2768 110 2905 170 Osten
3005 112 3067 172 zu
3067 112 3129 172 den

2246 197 2356 257 selben
2437 188 2588 248 Pfaffen
2649 184 2911 244 waren
3032 182 3112 242 ge¬

2234 279 2370 339 esse,
2454 275 2548 335 und
2610 271 2694 331 b.
2725 268 2778 328 Im
2830 265 2903 325 einen
3018 263 3154 323 Zwe¬

2242 359 2388 419 monat
2444 355 2550 415 lang
2623 352 2874 412 gewust,
2907 348 2988 408 und
3028 344 3085 404 je

2244 440 2498 500 dasselbe
2515 440 2651 500 der
2701 439 2888 499 Kind
2989 432 3074 492 zu

2239 515 2338 575 und
2363 515 2470 575 durch
2512 516 2603 576 das
2636 518 2776 578 Land
2810 520 2851 580 ich
2909 521 2992 581 bis
3049 520 3099 580 zu

2232 596 2464 656 Diesbach
2489 596 2599 656 von
2770 598 3052 658 Willens,

2221 680 2298 740 Dr
2326 677 2441 737 Gene
2585 676 2690 736 wider
2824 679 2919 739 gen
2948 676 3063 736 Rest

2228 754 2285 814 In
2370 755 2521 815 Wallis
2549 758 2691 818 Gesuch
2776 760 2842 820 an
2861 760 3002 820 welche

2224 831 2282 891 ort
2333 829 2499 889 aber
2506 832 2621 892 der
2672 837 2813 897 Unfall
2909 841 3076 901 nur

2228 902 2293 962 als
2325 902 2400 962 das
2411 902 2476 962 sy
2508 904 2605 964 alda
2648 908 2906 968 gefänglich
2906 911 3067 971 ange¬

2477 975 2668 1035 daher
2719 985 2910 1045 gebracht
2971 985 3102 1045 worden.

2185 1175 2417 1235 Deine
2478 1180 2564 1240 hat
2637 1184 2711 1244 man
2747 1189 3041 1249 sehr,
3077 1184 3114 1244 ob

2224 1250 2436 1310 beundig
2472 1256 2523 1316 sich
2567 1260 2698 1320 will,
2735 1262 2888 1322 alsdann
2961 1260 3005 1320 in

2250 1319 2314 1379 man
2362 1327 2489 1387 und
2529 1334 2648 1394 feuer
2680 1337 2791 1397 sonst
2831 1337 2942 1397 sie

2233 1395 2407 1455 Diensten
2477 1408 2628 1468 etwas
2663 1412 2710 1472 an
2768 1414 2919 1474 kleiden
2977 1418 3093 1478 Huf¬

2237 1459 2256 1519 ren
2266 1466 2572 1526 sie
2648 1483 2754 1543 es
2773 1490 2907 1550 vor
3012 1495 3088 1555 ge¬

2219 1549 2357 1609 esse,
2389 1558 2590 1618 alda
2621 1563 2854 1623 hieben
2897 1568 2960 1628 vnd
2992 1572 3087 1632 zu¬

2234 1640 2394 1700 rogen
2451 1643 2574 1703 habe,
2611 1643 2668 1703 da
2687 1645 2828 1705 wenn
2866 1648 2970 1708 man
3008 1654 3055 1714 sy

2234 1721 2447 1781 eben,
2484 1725 2597 1785 wolle
2622 1729 3010 1789 geschaffen,
3060 1743 3098 1803 das

2216 1799 2330 1859 nen
2368 1804 2510 1864 solliche
2558 1810 2624 1870 von
2814 1818 2919 1878 Zug,
2947 1819 3004 1879 wie

2216 1871 2261 1931 zu
2297 1876 2369 1936 drei
2413 1882 2583 1942 Handen
2619 1888 2771 1948 gestelle
2825 1891 2959 1951 weden
2995 1889 3103 1949 solle.

2228 1944 2297 2004 und
2337 1948 2415 2008 der
2455 1951 2494 2011 es
2523 1957 2730 2017 gehen,
2750 1961 2858 2021 hen
2927 1963 2966 2023 zu

2216 2099 2249 2159 er
2272 2101 2463 2161 sollichs
2508 2109 2665 2169 wider
2710 2117 3035 2177 hatte,

2215 2178 2367 2238 darf
2367 2185 2625 2245 damalen
2701 2197 2996 2257 erlichlich,
3015 2194 3053 2254 die

2237 2253 2518 2313 dasselbe
2583 2262 2993 2322 gehn,

2170 2446 2300 2506 ff
2327 2449 2444 2509 sollich
2523 2464 3033 2524 gesponnenen

2192 2521 2404 2581 Nämlich
2447 2529 2510 2589 wir
2531 2535 2606 2595 so,
2606 2541 2701 2601 alda
2733 2549 2807 2609 zu
2828 2556 3051 2616 Diesbach

2186 2595 2280 2655 den
2327 2604 2460 2664 eines
2497 2614 2733 2674 Termins
2780 2625 2865 2685 Fuß
2922 2635 3101 2695 über¬

2190 2675 2270 2735 es,
2349 2680 2448 2740 und
2498 2684 2568 2744 sich
2587 2687 2657 2747 ein
2716 2694 2836 2754 Frau,
2885 2700 2945 2760 den
2984 2706 3064 2766 das

2192 2749 2272 2809 es
2338 2760 2738 2820 was,
2760 2782 3059 2842 oblag
