4000 3000
2355 119 2683 179 Fische,
2727 86 2771 146 das
2815 75 2880 135 er
2880 68 2946 128 den
3055 47 3230 107 Kund¬

2397 185 2844 245 seront
2894 140 2993 200 einen
3043 117 3241 177 We¬

2388 292 2462 352 und
2518 270 2629 330 eine
2648 243 2926 303 Anfallen,
3000 215 3111 275 zwölf
3185 195 3315 255 er¬

2384 374 2504 434 lang
2538 356 2641 416 eines
2641 342 2795 402 hohen,
2829 329 2880 389 sie
2966 312 3086 372 und
3120 294 3274 354 eines

2369 455 2556 515 Emeres
2556 436 2776 496 Weges
2861 411 3014 471 Frau,
3081 395 3149 455 mit
3200 381 3319 441 Zu¬

2349 549 2436 609 Im
2486 533 2623 593 Land
2636 514 2885 574 empfür
2973 492 3085 552 habt
3122 476 3347 536 wunder¬

2359 643 2496 703 sagen
2553 629 2725 689 stelle,
2771 616 2920 676 und
2954 603 3148 663 darüber
3217 589 3274 649 die

2362 726 2585 786 wachheit
2692 701 3003 761 erkennen
3080 678 3274 738 verein

2364 812 2509 872 worden

2354 979 2565 1039 Stufe
2591 966 2723 1026 hat
2750 962 2829 1022 er
2855 959 3066 1019 angezeige
3185 954 3304 1014 des

2385 1056 2411 1116 er
2438 1050 2635 1110 allein,
2661 1046 2720 1106 ein
2779 1043 2884 1103 der
2924 1041 3035 1101 lang
3094 1038 3147 1098 ein

2382 1138 2462 1198 dem
2511 1135 2670 1195 manell
2729 1130 2759 1190 und
2898 1117 3195 1177 klaffellen,
3215 1109 3334 1169 und

2393 1211 2546 1271 gegen
2593 1211 2688 1271 sie,
2723 1211 2829 1271 und
2853 1211 2923 1271 es
2970 1210 3006 1270 im
3100 1199 3312 1259 densel¬

2379 1295 2580 1355 Mariell
2627 1297 2698 1357 ein
2733 1297 2969 1357 scheide,
2992 1295 3134 1355 allhier
3205 1291 3275 1351 zum

2387 1385 2525 1445 Dorfe
2677 1387 2898 1447 gemachen.

2342 1567 2469 1627 Denn
2576 1567 2671 1627 uns
2735 1567 2798 1627 das
2851 1567 2904 1627 er
2968 1574 3223 1634 befragt,
3244 1586 3318 1646 wo

2381 1633 2393 1693 ren
2393 1635 2952 1695 ab,
3035 1661 3273 1721 sie

2397 1716 2608 1776 uns,
2624 1722 2734 1782 das
2751 1726 2801 1786 er
2827 1729 2953 1789 schein
3020 1738 3231 1798 frouwen¬

2386 1788 2441 1848 mer
2540 1803 2640 1863 habe
2695 1810 2806 1870 aber
2861 1815 2949 1875 wol
3016 1819 3159 1879 und

2372 1887 2479 1947 und
2542 1896 2585 1956 es
2649 1904 2745 1964 hab
2766 1909 2872 1969 sich
2894 1915 3053 1975 bin
3245 1929 3330 1989 das

2374 1971 2558 2031 Humor
2587 1982 2698 2042 und
2742 1993 2978 2053 wenn
3029 2002 3118 2062 es

2371 2052 2466 2112 from
2520 2066 2819 2126 sein,
3171 2093 3239 2153 zu

2377 2140 2662 2200 können,
2709 2157 2833 2217 inne
2889 2174 3136 2234 gesagen,
3165 2179 3231 2239 im

2373 2229 2958 2289 ergönnen,
3017 2256 3160 2316 mit
3256 2257 3304 2317 den

2370 2296 2611 2356 Allmüssen
2659 2311 2767 2371 nach
2779 2323 2948 2383 Zeich
3044 2337 3237 2397 welcher

2387 2371 2387 2431 er
2439 2389 2791 2449 bewilligen,
2822 2406 2926 2466 und
2998 2419 3174 2479 dieselbe
3195 2428 3299 2488 als

2377 2456 2437 2516 ein
2477 2467 2588 2527 der
2598 2475 2729 2535 lang
2749 2483 2850 2543 mit
2931 2493 3051 2553 der
3082 2505 3253 2565 Pfar¬

2329 2602 2498 2662 Denn
2589 2615 2693 2675 als
2719 2621 2771 2681 er
2797 2633 3004 2693 erfrage,
3043 2649 3199 2709 wessen
3238 2660 3303 2720 die

2383 2676 2588 2736 den
2627 2693 2768 2753 Gemd
2845 2714 3037 2774 send,
3063 2725 3114 2785 s.
3127 2735 3293 2795 Jen¬
