4000 3000
1903 182 2090 242 deshalb
2111 193 2225 253 Ihnen
2257 207 2600 267 nachfolgen,
2621 219 2714 279 und

1934 249 1987 309 in
2127 267 2189 327 der
2206 276 2399 336 Frauen
2425 285 2566 345 erweich
2601 293 2662 353 mal

1830 342 2103 402 ruft,
2133 349 2204 409 als
2234 353 2264 413 sie
2275 358 2396 418 im
2436 366 2517 426 aber
2537 372 2588 432 mit
2639 380 2730 440 waren

1925 425 2092 485 wollen,
2124 433 2155 493 sie
2187 436 2353 496 gar
2385 439 2441 499 zu
2464 443 2575 503 inen
2599 451 2694 511 ganz

1911 500 2016 560 und
2065 505 2122 565 in
2203 512 2268 572 dem
2309 516 2447 576 Im
2471 520 2577 580 selbs
2601 528 2756 588 bedach¬

1923 577 1956 637 Es
2022 579 2146 639 wolle
2204 584 2353 644 einer
2477 595 2609 655 Bucher
2642 601 2667 661 in

1927 655 2102 715 sollichs
2157 656 2212 716 zu
2231 659 2341 719 eyd
2378 664 2461 724 und
2507 667 2627 727 einen

1949 733 2041 793 hoffe
2078 735 2244 795 ihm,
2272 739 2327 799 als
2355 741 2382 801 er
2429 743 2613 803 heiligen

1963 813 2504 873 ren,
2522 823 2583 883 zu

2019 881 2085 941 re,
2200 883 2283 943 und
2324 886 2456 946 damit
2489 889 2588 949 als
2596 890 2638 950 er
2671 892 2728 952 ein

2099 954 2182 1014 weil
2213 958 2281 1018 nie
2319 959 2418 1019 zu
2524 961 2645 1021 gange

1924 1028 1982 1088 In
2070 1031 2274 1091 origen
2325 1034 2485 1094 mit,
2514 1038 2653 1098 jedoch

1931 1108 2118 1168 Wucheren
2184 1112 2258 1172 mit
2324 1114 2446 1174 Chefs
2492 1115 2577 1175 und
2614 1114 2698 1174 alle

1951 1187 2055 1247 der
2083 1191 2310 1251 schlagen
2377 1195 2566 1255 aus
2670 1190 2717 1250 als

1952 1265 2101 1325 der
2261 1268 2303 1328 so
2325 1268 2388 1328 sich
2388 1270 2740 1330 welche

1986 1343 2220 1403 ferne
2288 1345 2714 1405 neue

1937 1423 2009 1483 Da
2051 1421 2175 1481 haber
2217 1421 2341 1481 Locher
2403 1421 2538 1481 ermell
2642 1420 2735 1480 auch

1979 1502 2190 1562 wird
2227 1501 2438 1561 offen,
2456 1499 2530 1559 und
2576 1499 2704 1559 desselb
2723 1501 2796 1561 der¬

1973 1582 2058 1642 nach
2095 1582 2449 1642 jedoch
2534 1578 2729 1638 welche

1959 1659 2012 1719 die
2043 1660 2170 1720 Tag
2244 1661 2328 1721 zum
2381 1661 2508 1721 Scherer
2582 1661 2677 1721 für

2018 1732 2121 1792 den
2224 1736 2496 1796 inzwischen
2543 1736 2609 1796 sich
2637 1733 2712 1793 er¬

1959 1816 2103 1876 Lacher
2114 1820 2147 1880 um
2259 1823 2525 1883 vorgedache
2581 1820 2725 1880 Klug¬

1973 1901 2069 1961 über
2098 1903 2135 1963 die
2202 1903 2386 1963 kennen
2438 1900 2556 1960 Brugg
2556 1896 2741 1956 Genuß

1963 1993 2058 2053 doch
2090 1991 2217 2051 glich
2227 1987 2449 2047 aufendes
2471 1982 2587 2042 wider
2629 1979 2661 2039 ein

1966 2074 2073 2134 ken
2142 2069 2249 2129 und
2310 2064 2409 2124 den
2432 2062 2516 2122 die
2547 2059 2661 2119 Stadt

1976 2164 2016 2224 zu
2096 2163 2276 2223 Pfisten
2336 2154 2505 2214 ganzen
2575 2144 2675 2204 dann

1982 2251 2010 2311 ser
2076 2246 2313 2306 ermeister
2360 2236 2492 2296 wäche
2549 2230 2747 2290 kommen

1977 2342 2028 2402 der
2080 2332 2142 2392 Im
2183 2324 2389 2384 abzig,
2420 2317 2502 2377 wie
2533 2314 2564 2374 es
2585 2310 2698 2370 vmb
2708 2305 2750 2365 den

1973 2421 2209 2481 verwunden
2218 2410 2364 2470 wol
2409 2401 2573 2461 stunde,
2591 2392 2682 2452 daß
2691 2387 2727 2447 er

1994 2518 2106 2578 from
2246 2502 2320 2562 in
2395 2492 2488 2552 und
2535 2485 2600 2545 als
2609 2477 2768 2537 den

1999 2594 2196 2654 nämlich,
2231 2587 2347 2647 gester
2452 2574 2638 2634 Wilch,
2672 2566 2788 2626 Be¬

1992 2688 2082 2748 und
2102 2682 2152 2742 in
2192 2675 2371 2735 Locher,
2371 2668 2550 2728 daselbst
2600 2658 2660 2718 zu
