4000 3000
2245 105 2346 165 zum
2383 95 2557 155 anderen
2631 80 2723 140 und
2778 69 2861 129 das
2907 61 2953 121 zu
3017 55 3091 115 für
3100 52 3183 112 ge¬

2262 253 2566 313 erschuster
2599 236 2870 296 besten
2913 220 3033 280 sches
3119 201 3217 261 und

2208 448 2316 508 Ist
2340 434 2388 494 sie
2448 418 2653 478 bescheid.
2785 403 2894 463 Das
2942 393 3086 453 ist
3134 380 3194 440 er

2245 514 2371 574 ganz
2396 503 2488 563 und
2497 494 2656 554 er
2690 486 2774 546 mit
2858 475 2975 535 dann
3034 470 3084 530 sie
3110 464 3236 524 we¬

2249 747 2508 807 verstanden
2566 739 2786 799 werden.
2844 733 2950 793 Das
2998 722 3190 782 offe¬

2211 926 2339 986 los
2397 920 2697 980 erschafft,
2754 901 3097 961 im

2267 1006 2408 1066 es
2472 1001 2548 1061 zu
2574 993 2880 1053 einkauf
2957 979 3123 1039 oben,
3161 972 3212 1032 da

2261 1086 2580 1146 sellen
2640 1076 2727 1136 den
2753 1071 2873 1131 Rest
2925 1060 3132 1120 gerne

2260 1181 2318 1241 und
2376 1176 2463 1236 In
2564 1168 2637 1228 zu
2680 1162 2796 1222 inen
2868 1156 3057 1216 hoffen
3115 1156 3216 1216 sich

2258 1273 2298 1333 de
2346 1265 2583 1325 predia
2733 1259 2844 1319 aber
2892 1253 3090 1313 noch

2266 1520 2349 1580 und
2349 1506 2849 1566 soll
2960 1491 3108 1551 offen

2278 1596 2404 1656 vnd
2440 1589 2575 1649 sunst
2620 1582 2801 1642 etwa
2864 1577 2954 1637 ein
2990 1576 3089 1636 halb
3116 1574 3206 1634 noch

2281 1673 2689 1733 dann
2771 1660 2829 1720 er
2841 1657 2969 1717 das
3121 1652 3308 1712 wol¬

2296 1753 2395 1813 öch
2530 1751 2620 1811 und
2630 1748 2936 1808 wasser
3009 1741 3126 1801 ich
3180 1738 3270 1798 das

2278 1829 2598 1889 ehe
2598 1825 3262 1885 ich

2292 1988 2505 2048 hoffen
2585 1979 2718 2039 habe
2744 1976 3197 2036 als

2298 2073 2446 2133 erlich
2511 2072 2660 2132 imer
2725 2071 2985 2131 er¬

2308 2156 2435 2216 Trus
2469 2158 2630 2218 von,
2655 2154 2782 2214 und
2799 2152 2976 2212 alda
3027 2150 3112 2210 mit
3163 2152 3247 2212 so¬

2315 2230 2357 2290 sie
2419 2233 3253 2293 auf

2335 2312 2353 2372 f
2488 2314 2605 2374 und
2650 2314 2704 2374 der
2704 2314 2821 2374 vor
2839 2315 3046 2375 mich
3118 2317 3253 2377 zu

2343 2402 2390 2462 zu
2425 2406 2519 2466 nach
2613 2408 2730 2468 issen
2777 2408 3034 2468 wollen,
3070 2408 3280 2468 sonders

2336 2500 2614 2560 eingang
2697 2498 2810 2558 habe
2810 2499 2944 2559 im
3006 2502 3244 2562 empfohen

2346 2587 2427 2647 wenn
2499 2587 2543 2647 er
2570 2587 2687 2647 alda
2731 2588 2884 2648 bleiben
2973 2596 3224 2656 wolle,
3233 2605 3260 2665 so

2358 2672 2444 2732 solle
2453 2671 2530 2731 er
2578 2672 2644 2732 den
2711 2678 2845 2738 hern
2959 2692 3207 2752 Berich¬

2353 2751 2433 2811 von
2478 2755 2718 2815 Orlich
2741 2760 2821 2820 mit
2867 2764 2969 2824 an
3015 2769 3061 2829 die
3129 2779 3300 2839 sässig
