4000 3000
2135 173 2235 233 für
2265 167 2345 227 ein
2395 151 2786 211 Jungfrauen
2886 134 3016 194 Feuer¬

2154 236 2317 296 dig.
2347 232 2408 292 Der
2479 224 2581 284 dem
2642 216 2683 276 sie
2775 205 2897 265 frau
2948 196 3029 256 zu¬

2154 386 2236 446 Alle
2311 368 2682 428 angewiß.
2748 348 2847 408 Das
2888 336 3037 396 nach¬

2148 524 2438 584 gebethen
2490 509 2636 569 han,
2677 505 2750 565 hab
2781 499 2843 559 im
2916 485 3092 545 bemel¬

2170 595 2215 655 sie
2282 592 2350 652 frei
2462 586 2564 646 dieser
2609 581 2665 641 sich
2721 568 3036 628 wenig

2186 674 2258 734 soll
2317 668 2520 728 dessen
2556 658 2866 718 gänzlich
2889 645 2973 705 mit

2168 755 2234 815 wol
2300 748 2488 808 zufrieden
2532 741 2632 801 sei,
2665 736 2764 796 auch
2786 730 2841 790 sich
2897 720 3051 780 ders¬

2153 829 2252 889 er
2270 822 2342 882 mir
2405 814 2585 874 erleben
2638 808 2827 868 wollen,
2872 801 3043 861 sonders

2169 903 2234 963 die
2266 899 2299 959 sei
2374 890 2655 950 allentlich
2666 883 2806 943 seiner
2839 876 3022 936 Par¬

2190 973 2399 1033 gemessen
2527 965 2609 1025 mit
2682 958 2855 1018 strenger
2882 952 2955 1012 war

2184 1057 2340 1117 solle
2400 1048 2640 1108 dernisse,
2676 1042 2760 1102 dann
2868 1029 3060 1089 handle.

2221 1131 2294 1191 und
2367 1126 2482 1186 fällt
2524 1121 2838 1181 empfache,
2869 1120 2932 1180 dass
2932 1118 3089 1178 es

2164 1209 2392 1269 Hienach,
2392 1207 2438 1267 wo
2461 1207 2507 1267 es
2552 1207 2792 1267 kleinlich
2827 1205 2907 1265 und
2975 1204 3032 1264 zu

2193 1276 2303 1336 Lehrer
2370 1280 2647 1340 schliefen
2736 1280 2924 1340 Kinde,
2946 1279 3079 1339 ver¬

2172 1352 2395 1412 warten,
2446 1357 2547 1417 und
2608 1358 2659 1418 die
2709 1357 2932 1417 schadens
2983 1355 3054 1415 In¬

2175 1424 2368 1484 kommen
2425 1430 2573 1490 möchte,
2619 1433 2664 1493 er
2698 1436 2790 1496 will
2858 1441 2949 1501 auf
2972 1442 3040 1502 des

2193 1499 2287 1559 er
2344 1502 2552 1562 zweigt
2693 1513 2825 1573 hätte,
2863 1516 2910 1576 der
2910 1516 3014 1576 er¬

2174 1576 2352 1636 wöhlich
2352 1577 2607 1637 dermassen
2632 1585 2823 1645 schlachen
2848 1588 2899 1648 von

2183 1643 2406 1703 Handlen,
2440 1650 2507 1710 das
2574 1656 2652 1716 nun
2697 1661 2741 1721 so
2797 1665 2875 1725 für
2920 1664 3009 1724 od.

2207 1723 2357 1783 heben
2407 1724 2567 1784 müße.
2666 1732 2746 1792 Denn
2826 1737 2846 1797 er
2896 1739 3036 1799 wolle

2217 1800 2272 1860 sich
2283 1804 2448 1864 dessen
2492 1805 2580 1865 er
2613 1805 2701 1865 mit
2789 1805 2932 1865 belade

2198 1885 2483 1945 noch,
2598 1886 2725 1946 und
2767 1888 2862 1948 also
2893 1888 3030 1948 le¬

2234 1963 2306 2023 wir
2330 1967 2511 2027 oben
2656 1974 2848 2034 seiner
2848 1976 2969 2036 Frau

2319 2044 2319 2104 zu
2319 2049 2619 2109 besten
2700 2056 2855 2116 verwen
2937 2061 3073 2121 und

2187 2129 2345 2189 gens
2661 2144 2987 2204 zwische

2196 2201 2244 2261 er,
2280 2203 2375 2263 ich
2387 2206 2447 2266 sie
2518 2212 2864 2272 geht,
2912 2213 3007 2273 stets

2193 2299 2347 2359 forst
2369 2299 2479 2359 für
2623 2302 2744 2362 sollen
2811 2303 2932 2363 dahin

2201 2365 2201 2425 es
2372 2370 2457 2430 doch
2489 2374 2682 2434 sah
2735 2380 2895 2440 müßt
2959 2385 3076 2445 haber

2181 2438 2192 2498 den
2192 2441 2318 2501 der
2375 2447 2512 2507 Pfister
2558 2452 2672 2512 siben
2752 2455 2888 2515 sich
2968 2459 3025 2519 als

2180 2513 2256 2573 das
2278 2517 2321 2577 er
2354 2520 2408 2580 von
2462 2524 2538 2584 der
2549 2527 2766 2587 lass
2875 2531 2972 2591 eine

2184 2583 2272 2643 und
2338 2590 2371 2650 sie
2437 2597 2569 2657 übrige
2624 2602 2756 2662 Zeit
2789 2605 2866 2665 mir
2910 2611 3020 2671 schloß

2196 2650 2284 2710 und
2328 2660 2505 2720 waren
2571 2671 2825 2731 eben,
2946 2680 2979 2740 in
