4000 3000
1849 284 2187 344 Montag
2252 297 2330 357 den
2343 301 2395 361 3.
2421 307 2460 367 Ja
2525 316 2616 376 es

1841 357 1918 417 Am
1970 374 2158 434 20.
2210 381 2304 441 Der
2339 385 2407 445 Im
2459 392 2596 452 gegen
2613 404 2673 464 wir

1827 445 2042 505 Herr,
2063 460 2182 520 ger
2225 468 2375 528 alles
2429 476 2525 536 bald
2536 480 2633 540 des

1854 539 1994 599 Phars
2064 553 2144 613 J.
2164 556 2475 616 Sebastianen
2515 566 2595 626 von

1829 645 2189 705 Kuchen,
2208 651 2264 711 der
2312 653 2444 713 ungen
2548 656 2615 716 her¬

1852 743 2049 803 Wilhelm
2170 749 2227 809 von
2292 763 2611 823 Prof¬

1880 830 2017 890 als
2028 833 2154 893 u.
2200 838 2291 898 ist

2064 1039 2193 1099 sunst
2226 1038 2301 1098 zur
2322 1036 2441 1096 Hirten
2484 1036 2613 1096 Gna¬

1795 1201 1897 1261 zu
1940 1199 2187 1259 Marieli
2216 1198 2375 1258 sinnlich
2375 1199 2564 1259 frage,
2607 1201 2680 1261 und

1816 1285 1892 1345 Im
1968 1283 2044 1343 für
2066 1283 2217 1343 gehalt
2271 1285 2499 1345 worden,
2542 1285 2661 1345 demnach

1846 1367 1857 1427 er
1912 1367 1979 1427 als
2090 1370 2524 1430 erweckte,
2546 1372 2624 1432 ist

1897 1456 2139 1516 frechens
2172 1459 2293 1519 ledig
2337 1462 2524 1522 gelassen,
2557 1461 2623 1521 mit

1834 1559 2000 1619 hochem
2070 1558 2262 1618 est,
2288 1558 2349 1618 das
2384 1559 2410 1619 er
2445 1559 2497 1619 die
2515 1558 2680 1618 wis¬

1843 1655 1863 1715 se
1956 1657 2162 1717 met
2193 1658 2327 1718 und
2358 1658 2430 1718 ein
2471 1658 2688 1718 Ober¬

1852 1753 2028 1813 wandel
2126 1751 2269 1811 füren
2302 1751 2422 1811 solle,
2455 1751 2510 1811 er
2554 1750 2631 1810 sich

1845 1851 2115 1911 augends,
2142 1850 2205 1910 als
2232 1849 2268 1909 er
2304 1846 2538 1906 anheisch
2538 1841 2664 1901 werde

1849 1948 1935 2008 der
1974 1952 2146 2012 Schachen
2194 1949 2338 2009 Hinder
2367 1944 2597 2004 Langnau,
2626 1940 2693 2000 Im¬

1851 2039 1935 2099 das
1994 2041 2149 2101 wirts
2173 2044 2256 2104 hus
2292 2045 2518 2105 schaffen,
2554 2033 2685 2093 daselb¬

1838 2127 1908 2187 ein
2020 2130 2146 2190 sinen
2195 2132 2348 2192 acte,
2404 2130 2467 2190 als
2481 2127 2523 2187 er
2551 2121 2656 2181 mit

1842 2213 1941 2273 uns
1968 2216 2129 2276 erfuhr
2183 2214 2299 2274 schen
2344 2211 2407 2271 mir
2461 2206 2532 2266 von
2613 2203 2676 2263 ge¬

1878 2305 1964 2365 traff
2029 2302 2373 2362 empfangen
2427 2283 2588 2343 Salpen,
2609 2279 2695 2339 und

1834 2394 1897 2454 zu
1960 2394 2259 2454 welcher
2268 2381 2648 2441 als

1850 2485 1883 2545 er
1938 2483 2003 2543 ein
2025 2480 2189 2540 masse
2232 2476 2298 2536 den
2374 2472 2429 2532 der
2462 2468 2549 2528 Hand
2582 2460 2691 2520 gehalte¬

1849 2568 1972 2628 und
2026 2566 2080 2626 der
2111 2561 2349 2621 Bewerber
2511 2552 2549 2612 es
2565 2548 2665 2608 wird

1853 2650 2077 2710 uns
2119 2649 2386 2709 ersch,
2526 2631 2723 2691 grauer

1846 2768 1953 2828 und
1964 2758 2156 2818 Erde,
2188 2748 2306 2808 was
2327 2738 2541 2798 inerlich
2563 2728 2691 2788 hinder
