4000 3000
2232 112 2518 172 nach
2529 117 2682 177 sicher
2726 121 2945 181 haben
3000 139 3132 199 solcher

2242 181 2417 241 zosen,
2461 187 2644 247 willens
2697 190 2758 250 ein
2758 195 2933 255 ein
2985 208 3072 268 müsse

2257 261 2483 321 Gesuchen,
2521 268 2621 328 den
2646 271 2696 331 dem
2746 272 2772 332 er
2797 274 2910 334 aber
2922 281 3060 341 daselbst

2231 334 2328 394 den
2371 343 2512 403 eines
2564 349 2871 409 Derenmens
2897 358 2967 418 ges
3020 368 3098 428 über¬

2253 407 2334 467 nach
2426 417 2518 477 gleich
2598 421 2667 481 hab
2690 422 2725 482 er
2748 424 2863 484 allda
2886 429 2920 489 ein
2978 438 3093 498 schwär¬

2250 480 3070 610 entfrömbdet und zu Mülchy
2241 565 2289 625 des
2289 567 2467 627 jenes
2551 575 2741 635 Präche
2801 586 2860 646 von
2908 601 3110 661 bey

2252 659 2516 719 holfen
2582 661 2701 721 haben

2204 802 2335 862 an
2376 806 2497 866 den
2507 812 2710 872 jenes
2730 819 2801 879 Gut
2851 823 2922 883 zu
2943 826 3084 886 Milch¬

2248 874 2313 934 aber
2339 878 2391 938 ein
2437 886 2645 946 scheit
2691 893 2951 953 genommen
3003 898 3107 958 damit

2237 952 2296 1012 zu
2316 960 2433 1020 fol
2483 967 2590 1027 och,
2649 968 2708 1028 da
2728 968 2796 1028 im
2826 968 2914 1028 die
2924 967 3042 1027 ver¬

2257 1029 2325 1089 nach
2376 1042 2606 1102 gezog,
2623 1046 2751 1106 und
2793 1046 2827 1106 er
2861 1046 2972 1106 inen
2989 1046 3091 1106 dan

2250 1120 2295 1180 des
2313 1121 2438 1181 selbig
2482 1123 2553 1183 gut
2616 1124 2785 1184 willen,
2839 1127 3106 1187 widri¬

2249 1194 2303 1254 eben
2418 1197 2516 1257 gab

2236 1369 2373 1429 Sicher
2431 1372 2557 1432 ist
2591 1373 2637 1433 in
2671 1373 2901 1433 ähnlich,
2912 1373 2958 1433 das
2981 1373 3015 1433 er

2245 1438 2291 1498 zu
2319 1443 2597 1503 Münstigen
2662 1448 2681 1508 in
2737 1451 2894 1511 uns
2932 1454 3006 1514 hus

2258 1510 2304 1570 ein
2350 1514 2527 1574 Wasser
2601 1523 2879 1583 einfinden
2934 1526 3036 1586 und

2236 1590 2401 1650 dasselbe
2410 1594 2539 1654 als
2622 1597 2649 1657 an
2695 1599 2741 1659 der
2778 1603 3045 1663 Anteiles

2249 1661 2295 1721 des
2334 1666 2456 1726 verer
2487 1670 2710 1730 schneiden,
2725 1672 2771 1732 wie
2810 1673 2948 1733 keine

2241 1743 2527 1803 schwäche
2537 1748 2616 1808 ein
2616 1750 2980 1810 halbe

2253 1820 2378 1880 der

2213 2015 2464 2075 Demnach
2516 2017 2579 2077 hat
2642 2018 2663 2078 er
2684 2020 2757 2080 als
2757 2022 2810 2082 zwar
2893 2026 2977 2086 vnnd
3019 2027 3082 2087 ver¬

2277 2087 2444 2147 sprochen,
2452 2087 2557 2147 als
2584 2089 2662 2149 man
2697 2090 2794 2150 um
2820 2092 2934 2152 dessen
2977 2090 3065 2150 eines

2274 2159 2423 2219 Köffel
2497 2162 2624 2222 gezog
2678 2166 2816 2226 das
2847 2168 2890 2228 er
2911 2166 3081 2226 gener

2263 2234 2349 2294 seinen
2349 2240 2925 2300 reell,
2942 2243 3010 2303 den

2245 2309 2273 2369 der
2413 2310 2487 2370 im
2524 2311 2618 2371 obern
2674 2315 2860 2375 Carl
2906 2324 3046 2384 verkhaufft

2264 2386 2348 2446 und
2404 2389 2562 2449 dageg
2600 2394 2786 2454 den
2823 2398 2982 2458 erlösen

2261 2458 2387 2518 Fälle,
2429 2462 2502 2522 von
2513 2464 2660 2524 einem
2701 2467 2911 2527 schumachen
2911 2471 3100 2531 gestel¬

2258 2548 2319 2608 ein
2410 2552 2852 2612 schwarzen
2912 2569 3050 2629 mein

2243 2633 2306 2693 der
2344 2629 2444 2689 Dieb
2544 2636 2770 2696 geschafft
2821 2649 3022 2709 wischen
