4000 3000
2110 123 2262 183 Bucher
2310 110 2386 170 von
2414 104 2595 164 Gerniss
2624 99 2766 159 will,
2814 96 2861 156 zu
2899 88 3080 148 Burgdorf

2111 209 2186 269 by
2211 200 2286 260 dem
2323 192 2461 252 schinz
2511 182 2673 242 gut,
2673 175 2923 235 nächtlicher
2948 166 3073 226 wil¬

2128 296 2175 356 als
2210 284 2410 344 derselb
2410 272 2527 332 mit
2550 264 2691 324 einer
2738 256 2808 316 seiner
2890 245 3101 305 nachprei¬

2127 368 2347 428 genügen
2407 345 2627 405 wollen,
2667 327 2937 387 freuenlich
2947 319 3047 379 einen

2136 460 2267 520 schuld
2288 439 2603 499 ampfallen,
2625 422 2940 482 denselben,
2961 409 3037 469 mit

2141 542 2276 602 pfeff
2312 529 2410 589 sche
2509 517 2643 577 und
2692 510 2827 570 allen
2889 502 3011 562 inder
3023 496 3097 556 zu

2133 630 2261 690 boden
2307 620 2435 680 und
2481 613 2551 673 der
2621 606 2795 666 Lösche,
2830 595 3027 655 noch

2139 712 2338 772 geschlag
2391 696 2510 756 gab,
2589 694 2696 754 dann
2775 691 2855 751 so
2881 687 2961 747 mit
2987 680 3040 740 ei¬

2136 807 2228 867 gen
2331 792 2383 852 an
2414 788 2506 848 sie
2547 784 2712 844 hievor
2743 780 2887 840 gehen
2969 773 3051 833 er¬

2152 881 2500 941 antwürkung
2564 877 2665 937 mit
2711 872 2931 932 kommen,
2958 862 3087 922 wollen

2156 971 2239 1031 noch
2310 967 2428 1027 kommen

2156 1144 2282 1204 Hoff
2320 1140 2509 1200 seinlich
2534 1135 2672 1195 heit
2723 1133 2748 1193 er
2773 1130 2874 1190 noch
2937 1121 3151 1181 langen¬

2172 1223 2392 1283 ausfallen
2457 1222 2650 1282 wesenen
2818 1210 3064 1270 Demnach

2164 1309 2195 1369 er
2237 1307 2498 1367 ferlich
2529 1306 2644 1366 uns
2675 1304 2874 1364 erscheine
2936 1301 3040 1361 Fas¬

2177 1387 2284 1447 nach
2348 1388 2422 1448 zu
2465 1388 2742 1448 Burgdorff
2763 1385 2870 1445 den
2923 1382 3040 1442 Hans

2175 1463 2387 1523 Füffels
2425 1465 2512 1525 Gut
2598 1463 2685 1523 zum
2742 1459 2925 1519 Wilden
2944 1451 3050 1511 ma¬

2196 1540 2264 1600 mit
2332 1539 2460 1599 sampt
2511 1538 2665 1598 andern
2759 1534 2946 1594 zugen
2963 1530 3099 1590 stelle

2184 1622 2264 1682 ein
2304 1622 2375 1682 aber
2385 1621 2787 1681 gehen,
2817 1621 2878 1681 da
2898 1619 2938 1679 sie
2999 1618 3129 1678 daselb¬

2198 1705 2688 1765 les
3140 1699 3140 1759 von

2198 1787 2367 1847 tochter,
2389 1786 2525 1846 der
2570 1784 2660 1844 schon
2705 1783 2817 1843 vorhin
2874 1781 3088 1841 behän¬

2194 1861 2719 1921 und
2800 1863 3127 1923 etwas

2201 1946 2405 2006 melden
2437 1948 2716 2008 wiss
2748 1948 2866 2008 aber
2909 1948 2995 2008 doch
3016 1949 3081 2009 vor¬

2199 2036 2324 2096 und
2352 2034 2421 2094 es
2421 2033 2504 2093 so
2531 2033 2794 2093 verlichen
2850 2038 3085 2098 was,

2175 2124 2230 2184 Da
2297 2125 2520 2185 sonst,
2553 2130 2653 2190 auch
2664 2135 2887 2195 zugegen
2931 2134 3065 2194 En¬

2187 2206 2275 2266 mit
2339 2209 2386 2269 den
2490 2214 2522 2274 er
2553 2218 2880 2278 veranlasse,
2904 2219 3071 2279 dieselbe

2191 2283 2292 2343 nach
2384 2290 2435 2350 bin
2443 2294 2846 2354 geblieben,
2880 2294 2997 2354 und
3039 2294 3107 2354 der

2169 2368 2236 2428 Da
2293 2370 2361 2430 in
2383 2373 2586 2433 schilling
2654 2375 2744 2435 zur
2767 2377 2857 2437 vor
2936 2377 3049 2437 habe

2175 2453 2293 2513 Nach
2322 2453 2411 2513 dem
2450 2455 2607 2515 dieselb
2627 2458 2705 2518 aber
2754 2459 2793 2519 an
2823 2460 2852 2520 sie
2921 2464 3117 2524 vorrich¬

2205 2524 2301 2584 mit
2349 2527 2588 2587 abgedach
2707 2540 2826 2600 Post
2862 2545 2982 2605 auch

2189 2606 2266 2666 zur
2334 2605 2459 2665 Stadt
2498 2608 2642 2668 hinus
2719 2616 2931 2676 gangen,
2960 2623 3085 2683 sind

2207 2693 2378 2753 rachten
2531 2698 2626 2758 mit
2712 2703 2950 2763 demselben
3007 2707 3073 2767 heim

2203 2774 2423 2834 wollen,
2472 2782 2681 2842 welches
2693 2785 2742 2845 er
2767 2789 3012 2849 ersuchen,
3036 2791 3098 2851 und
