4000 3000
2147 153 2236 213 zum
2266 145 2512 205 anderen,
2531 139 2630 199 es
2659 132 2748 192 das
2778 124 2915 184 Inen
2935 116 3014 176 für

2149 219 2381 279 gehalten,
2442 211 2513 271 Diese
2705 205 2766 265 man
2827 197 3029 257 thur¬

2139 303 2213 363 wol
2269 304 2400 364 weise
2484 297 2540 357 das
2586 289 2717 349 den
2782 278 2950 338 Kirsch¬

2140 386 2376 446 Allmen
2408 377 2612 437 häusche,
2719 362 2816 422 und
2859 353 2880 413 in

2699 451 2746 511 dem
2805 440 2993 500 tische

2153 457 2419 517 mentlichen
2480 457 2541 517 das

2163 542 2321 602 nach
2345 541 2564 601 rede,
2588 537 2722 597 das,
2722 530 2904 590 wolchen
2940 522 2965 582 in

2137 622 2240 682 das
2268 621 2305 681 so
2371 619 2558 679 vermache
2604 616 2670 676 mir
2745 611 2848 671 alhier
2894 604 2978 664 de¬

2140 697 2312 757 kühl
2441 694 2635 754 gewesen
2657 690 2818 750 sind,
2904 681 2968 741 und

2154 781 2344 841 deshalb
2384 781 2434 841 zu
2464 772 2894 832 vermag,
2934 761 3004 821 als

2136 858 2318 918 falsch,
2374 856 2501 916 wieder
2543 853 2669 913 eben
2711 850 2810 910 so.
2852 847 2950 907 Dann

2147 934 2201 994 den
2254 932 2254 992 in
2446 939 2851 999 Chemischen

2147 1114 2311 1174 gend,
2333 1116 2366 1176 so
2420 1118 2573 1178 darüber
2595 1118 2846 1178 meisten,
2878 1112 2944 1172 gab

2140 1186 2247 1246 Das
2276 1186 2403 1246 Inen
2432 1187 2491 1247 den
2578 1193 2773 1253 Gesüber
2792 1195 2841 1255 zu
2909 1191 3006 1251 öff¬

2151 1261 2227 1321 dem
2292 1267 2444 1327 Org,
2477 1272 2650 1332 Kessler
2694 1274 2889 1334 Kramer,

2151 1325 2185 1385 an
2202 1329 2269 1389 der
2320 1336 2505 1396 Italier
2589 1343 2674 1403 und
2682 1345 2775 1405 etwa
2867 1346 2926 1406 be¬

2148 1405 2244 1465 ner,
2293 1414 2350 1474 die
2389 1422 2591 1482 Tische,
2630 1426 2678 1486 und
2736 1425 2794 1485 der
2851 1419 3015 1479 sprach

2145 1490 2346 1550 kundig,
2380 1501 2526 1561 selbige
2570 1502 2750 1562 Gebund
2761 1502 2940 1562 Pfer¬

2134 1568 2170 1628 den
2229 1572 2382 1632 welch
2441 1582 2654 1642 oder
2689 1588 2937 1648 offi¬

2130 1723 2215 1783 uns
2279 1729 2438 1789 vortes
2459 1741 2640 1801 willen
2703 1754 2841 1814 hoch
2873 1756 2947 1816 soll

2138 1878 2301 1938 get,
2345 1895 2540 1955 daselbs
2562 1906 2747 1966 von
2801 1910 2964 1970 derselbe

2390 1972 2542 2032 halle,
2590 1981 2702 2041 und
2734 1982 2758 2042 es
2814 1982 2974 2042 gebi¬

2116 2035 2253 2095 des
2310 2043 2413 2103 Hand
2550 2053 2596 2113 zu
2630 2061 2950 2121 heisch¬

2120 2115 2245 2175 weder
2274 2124 2447 2184 weißen
2476 2129 2534 2189 wol
2582 2134 2649 2194 und

2079 2284 2168 2344 Zum
2213 2288 2347 2348 dritten
2451 2294 2495 2354 Ist
2540 2297 2629 2357 auch
2629 2299 2703 2359 der
2807 2302 3030 2362 Firhalt¬

2102 2354 2215 2414 Zu
2226 2367 2622 2427 wennen
2645 2376 2701 2436 her
2735 2380 2905 2440 mit

2264 2438 2264 2498 in
2404 2454 2584 2514 ringen,
2614 2458 2654 2518 so
2674 2460 2754 2520 man
2804 2464 2834 2524 an
2864 2465 2934 2525 die

2122 2517 2330 2577 abreisen
2391 2529 2538 2589 werb
2600 2538 2747 2598 bruch,
2783 2544 2881 2604 vom
