4000 3000
2299 142 2562 202 geistlicher
2573 134 2671 194 oder
2682 130 2868 190 besser,
2900 126 2977 186 das
3020 118 3130 178 all¬

2306 229 2560 289 predigen,
2614 220 2669 280 da
2687 214 2932 274 allein
2950 199 3195 259 erbe¬

2295 316 2319 376 des
2319 319 2557 379 et
2640 315 2687 375 de
2735 308 2924 368 ersch,
2924 298 3008 358 das
3055 289 3162 349 hin¬

2311 392 2393 452 und
2411 389 2457 449 in
2476 388 2558 448 der
2622 387 2705 447 den
2760 385 2815 445 den
2888 374 3053 434 schul¬

2326 565 2438 625 da
2489 562 2796 622 machen
2816 551 3000 611 noch
3041 544 3194 604 das

2309 646 2415 706 aber
2472 644 2489 704 in
2587 643 2784 703 andern
2841 642 2923 702 Fall
3005 641 3087 701 mit
3168 638 3250 698 be¬

2314 730 2481 790 schach.
2593 728 2760 788 Dazu
2801 725 2913 785 hat
2982 719 3219 779 aller

2313 805 2380 865 ger
2470 811 2865 871 selig,
2887 810 3045 870 die,
3079 801 3191 861 we¬

2314 971 2661 1031 hat,
2708 973 3206 1033 eheliche

2332 1115 2380 1175 und
2404 1119 2523 1179 auch
2547 1124 2630 1184 als
2654 1130 2821 1190 bisher
2857 1138 3119 1198 nach

2319 1287 2420 1347 viren
2532 1287 2600 1347 ich
2633 1291 2656 1351 in
2757 1309 3027 1369 Her¬
