4000 3000
2210 111 2364 171 Nach
2407 100 2594 160 sollicher
2626 91 2878 151 Rechnung,
2911 90 2955 150 sie
3010 93 3086 153 erst
3097 97 3174 157 nach

2231 179 2321 239 den
2357 172 2545 232 Handel
2625 163 2903 223 kommen,
2939 161 3028 221 als
3073 163 3136 223 das

2244 259 2262 319 er
2299 251 2456 311 hinder
2512 247 2595 307 zur
2660 238 3122 298 Krenzikoffer¬

2239 347 2296 407 die
2342 341 2492 401 schuld
2503 334 2767 394 versieren
2813 323 3054 383 lassen.
3089 310 3146 370 Dem

2258 427 2338 487 nach
2361 427 2464 487 aber
2498 427 2590 487 ein
2727 423 2910 483 Mister
2979 410 3139 470 dessen

2221 520 2388 580 jenen
2454 521 2705 581 worden,
2733 519 2826 579 gab
2864 509 3162 569 genauer

2249 612 2340 672 Mit
2477 616 2587 676 dem
2678 612 2834 672 Kreuz
2888 604 2998 664 alle
3044 595 3135 655 an¬

2264 706 2407 766 sprach
2434 703 2538 763 ledig
2590 699 2865 759 gelassen,
2917 690 3139 750 deshalb

2252 799 2316 859 alle
2326 796 2528 856 Theil
2571 790 2698 850 und
2740 787 2857 847 Koch
2953 782 3080 842 uns

2236 882 2443 942 renz,
2471 878 2546 938 von
2603 875 2857 935 Missler,
2932 872 3064 932 ledig
3082 868 3158 928 er¬

2252 961 2358 1021 ein
2548 964 2769 1024 darumbe
2769 962 2949 1022 gute
2991 958 3202 1018 Erkun¬

2245 1052 2288 1112 ein
2427 1049 2759 1109 zwarsammen
2834 1048 2941 1108 habe.

2215 1177 2347 1237 Denn
2446 1175 2512 1235 es
2600 1177 2666 1237 das
2732 1177 2864 1237 sehr
2919 1171 3139 1231 fürgeben

2245 1261 2344 1321 Dr.
2380 1259 2534 1319 Krenz
2562 1258 2734 1318 gabe
2788 1255 2915 1315 einen
2951 1251 3168 1311 schwager

2273 1343 2385 1403 und
2422 1345 2478 1405 sein
2544 1343 2777 1403 schweges
2815 1341 2871 1401 was
2974 1340 3030 1400 zu
3067 1340 3142 1400 und

2266 1516 2505 1576 dassend
2552 1510 2779 1570 dieselben
2838 1505 2921 1565 wol
2957 1504 3136 1564 ab¬

2270 1596 2366 1656 se,
2409 1595 2505 1655 aber
2548 1595 2612 1655 mit
2655 1595 2794 1655 werden
2837 1595 2933 1655 mög
3019 1589 3179 1649 welch

2264 1682 2401 1742 Gabe
2413 1687 2493 1747 er
2527 1693 2801 1753 damali,
2824 1692 3167 1752 dasselbige

2289 1769 2494 1829 gewich,
2559 1775 2666 1835 mit
2731 1777 2846 1837 ein
2936 1775 3010 1835 den
3051 1775 3182 1835 welsch

2288 1849 2484 1909 rerer,
2503 1855 2630 1915 und
2659 1858 2796 1918 sunst
2835 1861 2943 1921 eine
2991 1862 3128 1922 der¬

2276 1942 2799 2002 wenig,
2824 1946 2873 2006 aber
2922 1948 2988 2008 mit
3045 1954 3192 2014 geach¬

2288 2013 2350 2073 sein
2401 2022 2515 2082 nach
2546 2026 2649 2086 der
2824 2032 2917 2092 von
2937 2035 3133 2095 Rech¬

2260 2152 2459 2212 Deine
2517 2153 2599 2213 des
2727 2167 3135 2227 Kreiischoffen

2296 2220 2314 2280 ger
2490 2221 2536 2281 in
2629 2228 2860 2288 nämlich,
2887 2236 3026 2296 was
3045 2237 3082 2297 er

2292 2309 2769 2369 Kreuzikhoffer,
2825 2320 2909 2380 zu
2965 2321 3190 2381 anders

2293 2387 2543 2447 anzogen,
2562 2397 2831 2457 gehändler
2896 2399 2924 2459 u
3016 2399 3202 2459 Toch¬

2274 2477 2366 2537 es
2404 2478 2450 2538 so
2505 2480 2598 2540 vor
2635 2483 2802 2543 ich,
2876 2486 2997 2546 unnd
3025 2486 3080 2546 an

2301 2549 2485 2609 andern
2577 2559 2730 2619 seien
2776 2563 2906 2623 und
2936 2560 3089 2620 ende

2286 2625 2360 2685 da
2391 2630 2434 2690 sie
2497 2635 2613 2695 nach
2686 2638 2981 2698 allwegen,
3002 2638 3192 2698 und

2299 2708 2393 2768 mit
2468 2716 2572 2776 vnd
2638 2722 2732 2782 vnd
2750 2723 2873 2783 auch
2957 2728 3117 2788 gewisse
