4000 3000
2209 88 2297 148 wir
2337 85 2401 145 das
2449 81 2593 141 Inn,
2617 76 2737 136 ach
2801 71 2905 131 alda
2945 70 2969 130 in
3041 68 3145 128 wirt¬

2203 156 2349 216 Hus,
2388 151 2417 211 so
2456 147 2601 207 höchlich
2640 145 2825 205 gescheit
2902 142 3096 202 ge¬

2205 233 2373 293 schritt
2470 222 2603 282 heite,
2639 220 2711 280 als
2748 219 2808 279 das
2832 218 2904 278 sy
2916 217 2989 277 zu
3025 215 3073 275 es

2208 309 2258 369 in
2337 304 2546 364 Zug
2595 295 2813 355 darf,
2913 287 3032 347 und
3061 284 3111 344 es

2221 389 2302 449 war
2333 386 2485 446 inen
2516 379 2709 439 leid,
2740 376 2801 436 das
2852 372 2893 432 er
2913 369 2974 429 ein
3005 363 3137 423 sol¬

2222 474 2422 534 inlicher
2465 467 2623 527 mann,
2655 463 2739 523 wie
2771 462 2802 522 er
2834 461 2982 521 durch
2992 457 3140 517 Hoch¬

2217 568 2448 628 bescholten
2492 561 2616 621 war,
2714 553 2873 613 habe
2891 547 3094 607 ver¬

2201 655 2343 715 söllig
2437 651 2661 711 fochten,
2696 647 2755 707 off
2814 644 2862 704 hier
2991 634 3109 694 wel¬

2211 738 2274 798 als
2306 736 2337 796 er
2376 734 2439 794 ein
2463 734 2581 794 weil
2644 736 2785 796 neben
2832 736 2903 796 im
2942 731 3052 791 daher

2207 816 2416 876 zeugen,
2465 817 2723 877 fürschalle,
2785 821 3018 881 sprechend

2219 907 2354 967 wenn
2377 907 2422 967 er
2482 908 2580 968 den
2632 909 2723 969 doch
2798 911 2933 971 gung
2978 910 3053 970 ge¬

2221 991 2341 1051 schmut
2446 992 2521 1052 es
2566 997 2881 1057 geschmeich
2971 1001 3031 1061 hier

2213 1091 2311 1151 off
2355 1093 2518 1153 welches
2584 1099 2725 1159 fachs
2758 1103 3030 1163 einhole

2212 1171 2560 1231 Freien,
2611 1185 2693 1245 Dr.
2734 1192 2949 1252 Frey,
2970 1188 3083 1248 hatte

2225 1258 2237 1318 so
2262 1260 2324 1320 in
2361 1268 2584 1328 Zische
2634 1276 2783 1336 Zerde
2783 1277 3093 1337 erzeigen¬

2216 1354 2439 1414 herer
2500 1366 2856 1426 Benzikhoffen,
2887 1371 2948 1431 im
2988 1372 3059 1432 Jo¬

2221 1429 2530 1489 erkennen,
2568 1442 2765 1502 bemelle
2812 1455 3065 1515 fachse¬

2230 1510 2298 1570 mit
2344 1513 2435 1573 der
2458 1516 2583 1576 fust
2606 1520 2663 1580 an
2697 1524 2765 1584 die
2788 1528 2959 1588 Kopf
2993 1533 3072 1593 ge¬

2206 1597 2426 1657 schlag,
2504 1603 2896 1663 die,
2974 1612 3084 1672 dass

2211 1673 2478 1733 no
2545 1681 2723 1741 gefallen
2834 1685 3057 1745 danach

2192 1757 2291 1817 zu
2390 1759 2544 1819 wider
2665 1769 2830 1829 lassen
2885 1774 3061 1834 ste¬

2243 1933 3026 1993 schweiz

2186 2017 2273 2077 schon
2350 2020 2448 2080 halb
2458 2026 2665 2086 offen,
2741 2032 2807 2092 dies
2807 2036 3057 2096 weige¬

2180 2204 2200 2264 er
2333 2206 2384 2266 von
2425 2212 2886 2272 Graffe,
2906 2205 2967 2265 die

2194 2289 2327 2349 Fächst
2460 2287 2493 2347 an
2538 2287 2604 2347 das
2649 2287 2682 2347 sie
2748 2287 2937 2347 schwarz
2992 2293 3103 2353 ge¬

2181 2374 2401 2434 falle,
2434 2372 2456 2432 es
2533 2372 2588 2432 den
2665 2374 3039 2434 gegriffe

2182 2545 2443 2605 schwer,
2466 2546 2715 2606 mische
2774 2549 3022 2609 alle

2191 2623 2191 2683 in
2415 2632 2494 2692 vier
2561 2636 3022 2696 verschflächlich

2178 2717 2296 2777 über
2320 2722 2426 2782 den
2473 2722 2886 2782 Anschlagen,
2909 2728 3098 2788 danach
