4000 3000
2303 170 2351 230 als
2412 172 2510 232 der
2546 169 2583 229 in
2717 145 3179 205 Henrich

2309 274 2537 334 sundes
2558 262 2723 322 reden
2765 244 2994 304 wollen,
3008 235 3108 295 wenn
3172 236 3215 296 die

2314 359 2534 419 f,
2552 353 2626 413 das
2690 345 2782 405 das
2827 336 2937 396 wir
2983 328 3231 388 ortes

2321 440 2378 500 ni
2493 439 2643 499 preche
2712 427 2815 487 sie,
2838 418 2884 478 so
2907 414 3010 474 erde
3022 412 3079 472 er
3114 414 3194 474 die

2337 523 2663 583 Anarchie,
2719 512 2847 572 und
2904 506 2960 566 als
3003 505 3045 565 es
3102 509 3244 569 mit¬

2342 602 2395 662 und
2447 601 2563 661 das
2605 600 2815 660 Wort,
2868 599 2931 659 mit
2984 598 3152 658 les

2324 684 2519 744 wölches
2584 695 2692 755 Inner
2833 694 3038 754 senden
3081 689 3265 749 anbe¬

2321 772 2573 832 brunnen,
2621 776 2873 836 dort
2933 775 2993 835 den
3053 777 3245 837 Allmehr

2330 855 2427 915 es
2495 863 2702 923 verzicht
2798 862 3100 922 anruft.

2332 1020 2480 1080 Denn
2593 1018 2661 1078 es
2764 1022 2843 1082 das
2866 1024 3207 1084 anzoge¬

2361 1094 2445 1154 das
2481 1093 2529 1153 er
2541 1093 2613 1153 es
2697 1096 2757 1156 ein
2818 1103 3202 1163 Sittlich

2369 1186 2402 1246 es
2424 1183 2642 1243 passen,
2718 1186 2958 1246 nämlich
3001 1187 3110 1247 es
3121 1185 3241 1245 wer¬

2358 1262 2643 1322 gesliche,
2684 1265 2756 1325 das
2817 1268 2898 1328 alle
2949 1273 3204 1333 verdien¬

2363 1347 2459 1407 denn
2543 1348 2650 1408 alle
2698 1351 2830 1411 sind
2866 1357 3153 1417 sterben.

2354 1460 2447 1520 ter
2447 1457 2701 1517 ein
2759 1457 3013 1517 sinnlichen
3071 1455 3256 1515 Beschei¬

2380 1526 2591 1586 gaben,
2669 1530 2780 1590 das
2858 1533 2903 1593 er
2947 1536 3070 1596 sich
3081 1540 3292 1600 aufer¬

2385 1691 2444 1751 zu
2468 1691 2705 1751 Schüpfe
2788 1699 3131 1759 eines
3154 1694 3225 1754 huf

2370 1784 2586 1844 Zug,
2651 1787 2737 1847 das
2802 1789 2856 1849 der
2867 1789 2996 1849 muss
3018 1787 3180 1847 ein

2396 1949 2488 2009 und
2603 1951 2787 2011 darf
2787 1964 3086 2024 stelle,
3109 1965 3178 2025 der

2419 2034 2557 2094 ersich
2595 2043 2733 2103 dann
2771 2053 3110 2113 gewesenen

2403 2109 2618 2169 ner
2797 2133 3011 2193 selig,
3065 2136 3119 2196 so
3154 2130 3280 2190 zuge¬

2380 2195 2461 2255 zu
2553 2197 2634 2257 den
2692 2204 2796 2264 wir
2842 2214 2969 2274 das
3107 2228 3280 2288 erstreff

2395 2282 2411 2342 d
2501 2284 2608 2344 über
2641 2289 2665 2349 zu
2739 2299 3108 2359 wird

2395 2363 2465 2423 da
2489 2369 2594 2429 hab
2606 2376 2746 2436 eins
2770 2381 2922 2441 vort
2992 2380 3062 2440 das
3086 2376 3121 2436 er
3121 2371 3226 2431 der

2382 2452 2524 2512 ab,
2551 2458 2648 2518 das
2684 2462 2746 2522 er
2772 2466 2976 2526 lebler
3029 2465 3082 2525 zu
3118 2458 3295 2518 zie¬

2405 2541 2517 2601 lich
2579 2551 2815 2611 es,
2840 2557 2927 2617 wie
2964 2557 3038 2617 er
3051 2554 3163 2614 also
3163 2550 3225 2610 ihr

2410 2632 2423 2692 der
2423 2637 2973 2697 Ober,
2999 2645 3076 2705 hier
3178 2643 3281 2703 doch

2412 2716 2575 2776 on
2638 2726 2713 2786 schon
2838 2737 2876 2797 so
2888 2744 3227 2804 war
