4000 3000
2147 209 2312 269 Stadt
2394 209 2545 269 en
2627 218 2860 278 offre

2138 286 2193 346 zu
2247 287 2389 347 wache
2444 286 2662 346 erkennt
2727 293 2847 353 und
2880 309 3000 369 erach¬

2157 368 2445 428 Das
2506 367 2620 427 nach
2671 371 2908 431 desselben
2938 388 3000 448 das

2112 453 2257 513 Locher
2309 456 2402 516 dem
2485 454 2723 514 Nachlicher
2774 462 2930 522 welch

2123 546 2178 606 der
2260 542 2352 602 den
2407 541 2527 601 oben
2554 541 2563 601 ist
2563 542 2701 602 es
2775 553 2986 613 gewönliche

2122 626 2394 686 Viehestaat
2462 628 2530 688 für
2655 629 2734 689 Im
2825 637 2995 697 daselbst¬

2162 707 2162 767 se
2276 710 2420 770 Haupt
2441 713 2658 773 schlich
2720 719 2854 779 und
2906 725 2968 785 als

2145 797 2251 857 mit
2312 799 2395 859 dem
2425 802 2629 862 spar
2713 805 2788 865 von
2841 810 2963 870 Leben

2149 887 2246 947 zum
2294 889 2404 949 Tag,
2428 890 2549 950 nach
2561 894 2816 954 östlich,
2841 902 2950 962 ich

2121 1086 2291 1146 stoff
2322 1090 2704 1150 hinstempelena
2715 1091 2799 1151 Mai
2821 1092 2937 1152 1810.
2937 1096 3022 1156 er¬

2134 1155 2199 1215 off
2236 1158 2282 1218 ein
2338 1162 2533 1222 erschreiben
2579 1162 2690 1222 ersuch
2699 1163 2931 1223 abgelassen,
2959 1168 3015 1228 mit

2132 1234 2279 1294 tag,
2307 1234 2400 1294 alles
2409 1232 2557 1292 erstens
2612 1231 2686 1291 seine
2732 1236 3000 1296 Gefangenschaf¬

2122 1306 2219 1366 halb
2238 1309 2488 1369 offen,
2517 1309 2604 1369 auch
2623 1310 2691 1370 das
2710 1311 2739 1371 er
2758 1312 2826 1372 alle
2845 1317 2951 1377 wur¬

2147 1381 2241 1441 ser
2260 1384 2364 1444 und
2421 1384 2515 1444 zwar
2581 1382 2694 1442 müden
2723 1382 2807 1442 solle,
2855 1386 2892 1446 bis
2921 1393 2968 1453 es

2141 1515 2176 1575 zu
2204 1514 2259 1574 der
2294 1513 2384 1573 Stadt
2419 1513 2586 1573 haben,
2613 1513 2662 1573 als
2690 1515 2794 1575 einer
2836 1520 2933 1580 Aus¬

2200 1580 2322 1640 legen
2353 1576 2445 1636 solle

2160 1754 2196 1814 f
2318 1753 2501 1813 Montag
2550 1753 2611 1813 den
2672 1754 2745 1814 2ten
2806 1753 3013 1813 Men¬

2153 1822 2238 1882 Im
2266 1827 2322 1887 per
2322 1829 2416 1889 pp
2529 1834 2642 1894 der
2699 1835 2774 1895 den
2812 1835 2962 1895 gegen

2174 1905 2482 1965 würdigkeit
2578 1913 2665 1973 ger
2732 1915 2857 1975 Eigen

2157 1990 2349 2050 le
2444 1995 2492 2055 des
2548 2001 2708 2061 Khis,
2715 2002 2843 2062 ein
2867 1998 2923 2058 dich

2180 2076 2355 2136 hufs
2392 2075 2438 2135 der
2475 2078 2705 2138 Bürgeren
2779 2081 2889 2141 und
2926 2080 2990 2140 Her¬

2192 2166 2457 2226 Wilhelmen
2513 2165 2568 2225 vom
2601 2168 2745 2228 6ten,
2768 2171 2989 2231 Frey¬

2319 2377 2528 2437 aus
2583 2380 2737 2440 Forste
2759 2384 2847 2444 von
2880 2382 2990 2442 Freu¬

2383 2452 2383 2512 es
2453 2452 2523 2512 der
2551 2463 2845 2523 Geschafft
2873 2470 3013 2530 aus

2117 2605 2201 2665 zu
2237 2606 2442 2666 Marthal
2515 2608 2684 2668 wönlich
2708 2612 2877 2672 befragt,
2901 2619 2949 2679 w¬

2164 2675 2368 2735 tümer,
2409 2676 2521 2736 und
2531 2684 2684 2744 me
2725 2696 2878 2756 einer,
2899 2701 3032 2761 spre¬

2166 2756 2256 2816 und
2302 2753 2358 2813 in
2437 2754 2641 2814 dasselbig
2686 2769 2969 2829 andermünder
