4000 3000
2255 115 2330 175 nach
2355 101 2430 161 der
2454 86 2716 146 geschickt,
2741 79 2766 139 er
2804 77 2878 137 sie
2953 71 3153 131 kommen

2250 193 2278 253 de
2325 180 2390 240 man
2455 166 2539 226 war
2605 153 2857 213 daheinen.
2931 149 3025 209 Zum
3071 147 3230 207 andern

2256 276 2337 336 das
2377 257 2530 317 zu
2550 244 2651 304 nach
2743 232 2885 292 kochen
2966 225 3077 285 und
3108 223 3199 283 mir,

2262 339 2397 399 mandes
2458 326 2519 386 In
2568 319 2642 379 die
2691 313 2813 373 Buche
2862 309 2973 369 zum
3010 304 3193 364 haffer¬

2261 419 2357 479 und
2399 411 2495 471 dem
2548 405 2675 465 Einer
2729 398 2877 458 wolle
2930 389 3164 449 Commi¬

2252 498 2406 558 lassen,
2461 489 2560 549 zum
2626 484 2813 544 leiten,
2879 477 2967 537 dass
2967 469 3165 529 als

2255 575 2539 635 obbemelle,
2560 568 2613 628 in
2676 566 2729 626 ein
2792 564 3002 624 kleines
3034 557 3213 617 Schel¬

2242 655 2503 715 fürstelle,
2522 652 2618 712 vnd
2657 652 2802 712 sunst
2821 652 3120 712 niemandes

2266 734 2357 794 dann
2357 730 2504 790 uns
2531 735 3100 795 darufsklasse

2277 808 2466 868 wollen,
2552 811 2664 871 zum
2742 811 3008 871 vieren.
3034 812 3155 872 Dass

2273 965 2345 1025 Ihr
2405 962 2550 1022 Geiß
2610 962 2959 1022 nachpfiffen,
3008 962 3104 1022 und
3140 959 3212 1019 mit

2262 1124 2365 1184 das
2416 1123 2468 1183 sie
2481 1124 2955 1184 davon
2981 1124 3135 1184 Geld

2263 1198 2296 1258 er
2329 1199 2403 1259 aber
2444 1203 2658 1263 vormache
2716 1207 2798 1267 mit
2872 1210 2922 1270 den
3004 1210 3078 1270 mich
3111 1208 3210 1268 wol¬

2253 1282 2324 1342 zu
2345 1284 2488 1344 friden
2559 1288 2682 1348 und
2723 1291 2774 1351 des
2814 1294 2937 1354 einen
2998 1295 3172 1355 Gewis¬

2275 1362 2412 1422 mit.
2550 1372 2771 1432 Deshalb
2793 1376 2919 1436 solle
2972 1377 3173 1437 nun¬

2282 1444 2342 1504 mal
2378 1445 2486 1505 die
2510 1450 2787 1510 gründliche
2835 1460 3004 1520 wahrt
3100 1467 3196 1527 an,

2259 1694 2376 1754 ff
2402 1693 2611 1753 seinliches
2637 1699 2702 1759 ist
2754 1705 2963 1765 nochmals
2976 1708 3132 1768 der¬

2259 1762 2408 1822 gegen
2530 1769 2782 1829 Aushand
2810 1778 2950 1838 and
2978 1781 3099 1841 ei¬

2258 1847 2390 1907 über
2432 1847 2481 1907 der
2523 1853 2738 1913 andern
2787 1865 3027 1925 allen
3077 1863 3176 1923 halb

2284 1920 2539 1980 dieselbe
2567 1927 2695 1987 da
2758 1934 2859 1994 nach
2868 1937 2932 1997 ein
2968 1937 3142 1997 ander¬

2256 1983 2338 2043 für
2356 1989 2503 2049 alle
2585 2003 2723 2063 worden,
2796 2011 2897 2071 mit
2942 2014 3171 2074 Obanlich

2271 2063 2572 2123 wollen.
2667 2084 2839 2144 Mit
2908 2092 3114 2152 sollichen

2276 2147 2546 2207 versprechen.
2589 2153 2664 2213 Es
2696 2156 2804 2216 gab
2826 2159 2912 2219 sich
2922 2160 3116 2220 begeben

2264 2228 2374 2288 Nach
2384 2230 2474 2290 dem
2514 2233 2664 2293 der
2743 2237 2883 2297 zuvor
2923 2240 3033 2300 lang
3053 2243 3153 2303 erlich

2278 2295 2341 2355 ner
2383 2303 2657 2363 Krankheit
2710 2309 2847 2369 wider
2995 2312 3132 2372 schon

2274 2366 2390 2426 vnnd
2423 2371 2490 2431 zu
2573 2374 2706 2434 eines
2739 2374 2822 2434 drei
2872 2375 2971 2435 nach
2980 2376 3021 2436 sie

2268 2429 2384 2489 Ges.
2437 2435 2491 2495 17
2562 2439 2651 2499 Tag
2678 2442 2811 2502 lang
2856 2449 3078 2509 gemacht,
3096 2457 3176 2517 das

2257 2502 2640 2562 Dazwischen,
2660 2521 2925 2581 vorgedachter
2993 2535 3180 2595 Bassin

2258 2579 2406 2639 dieser
2434 2587 2536 2647 es
2564 2592 2768 2652 gewißen
2870 2601 3120 2661 Geman¬

2254 2664 2433 2724 Bruder,
2457 2674 2564 2734 von
2611 2678 2861 2738 Burgdorff
2945 2683 3171 2743 Commi¬
