4000 3000
2182 67 2281 127 und
2320 86 2478 146 alle,
2517 99 2596 159 da
2635 111 2753 171 Herrn
2812 130 2911 190 Pa¬

2168 158 2403 218 bewiße,
2429 180 2626 240 gewisse,
2665 189 2691 249 s.
2770 200 2861 260 Wir
2861 207 2927 267 sch
2940 217 3018 277 aber

2163 234 2210 294 an
2246 242 2352 302 einer
2399 263 2681 323 mittwoch,
2717 282 2752 342 zu
2811 296 2952 356 gedacht

2148 321 2233 381 Kreis
2276 332 2522 392 nachweren
2573 350 2718 410 Gast,
2744 362 2820 422 mit
2863 372 2931 432 den

2156 393 2212 453 na
2278 411 2437 471 will,
2465 421 2568 481 ich
2615 431 2793 491 worden,
2822 444 2915 504 und
2925 457 3028 517 heu¬

2148 481 2336 541 gangen,
2392 492 2458 552 da
2496 499 2599 559 habe
2628 510 2769 570 es
2806 519 2853 579 der
2881 524 2928 584 Ehe

2160 569 2441 629 humacher,
2465 578 2538 638 den
2570 584 2667 644 man
2667 589 2803 649 sonst
2836 599 2996 659 schwab

2165 642 2310 702 nem,
2404 657 2498 717 und
2558 671 2755 731 gedaches
2815 684 2960 744 Kasion

2178 731 2400 791 enger
2442 743 2493 803 ist
2570 754 2698 814 uns
2715 764 2783 824 den
2817 774 2962 834 gege¬

2154 822 2325 882 Basion,
2364 828 2449 888 oft
2473 832 2558 892 den
2605 838 2698 898 aben
2775 845 2837 905 vor
2845 848 2907 908 den

2168 902 2439 962 Nachmals,
2476 910 2523 970 die
2589 915 2701 975 Behuf
2747 922 2906 982 gebrach

2168 984 2232 1044 der
2260 988 2654 1048 Zug,
2710 998 2820 1058 soll
2893 1001 2930 1061 zu

2169 1072 2373 1132 zunach
2441 1081 2577 1141 koch,
2634 1085 2894 1145 welche
2928 1090 2996 1150 si¬

2148 1153 2258 1213 Inen
2324 1161 2757 1221 gränzungen,
2771 1168 2808 1228 so
2837 1169 2918 1229 hart
2962 1171 3028 1231 ge¬

2168 1238 2178 1298 es
2270 1240 2382 1300 noch
2403 1244 2536 1304 Mauer
2617 1249 2679 1309 Im
2730 1252 2832 1312 Fuß,
2852 1252 2924 1312 den

2158 1331 2182 1391 a
2198 1331 2450 1391 14
2467 1333 2605 1393 Tag
2637 1333 2743 1393 lang
2784 1332 2857 1392 mir
2905 1329 3003 1389 daher

2173 1417 2299 1477 sie,
2324 1420 2441 1480 doch
2475 1419 2550 1479 habe
2584 1416 2936 1476 nachenwert

2178 1505 2256 1565 als
2282 1501 2545 1561 daher
2597 1496 2885 1556 noch

2169 1585 2193 1645 an
2241 1588 2361 1648 diser
2393 1586 2786 1646 einschuldigung
2818 1581 2882 1641 mit

2168 1666 2370 1726 kommen
2453 1668 2554 1728 Inen
2610 1666 2702 1726 zwo
2720 1663 2803 1723 maß
2840 1661 2969 1721 wies

2167 1747 2655 1807 dem
2714 1742 2889 1802 Falle,
2909 1741 2967 1801 das

2159 1826 2198 1886 Er
2247 1825 2344 1885 nach
2364 1825 2569 1885 dem
2608 1822 2647 1882 so
2676 1819 2793 1879 gerne

2177 1894 2198 1954 es
2271 1903 2428 1963 gewagt
2481 1904 2585 1964 hätte
2648 1897 2847 1957 gekauft

2172 1978 2371 2038 demnach
2397 1978 2483 2038 dem
2526 1979 2699 2039 kleinen
2725 1975 2959 2035 schmer¬

2164 2064 2186 2124 so
2208 2062 2263 2122 des
2307 2059 2440 2119 andere
2539 2062 2826 2122 zufolge
2837 2059 2947 2119 ir¬

2172 2141 2223 2201 vier
2290 2140 2319 2200 der
2319 2138 2643 2198 Geden
2694 2136 2827 2196 geben

2161 2224 2258 2284 volle
2363 2221 2548 2281 dasselbe
2557 2216 2777 2276 off
2829 2210 2908 2270 für

2149 2299 2217 2359 für
2265 2299 2488 2359 sorten
2555 2294 2749 2354 ans
2816 2286 2894 2346 Ge¬

2135 2382 2225 2442 für
2261 2372 2479 2432 noch
2570 2373 2642 2433 eher
2751 2373 2842 2433 als
2860 2371 2905 2431 ein

2146 2536 2390 2596 genolgen
2484 2531 2586 2591 vnd
2640 2530 2728 2590 iren
2782 2530 2903 2590 vier¬

2155 2618 2351 2678 Nämlich
2385 2611 2647 2671 beiter
2701 2612 2823 2672 sie

2170 2704 2215 2764 sin
2250 2696 2477 2756 schwager,
2500 2692 2523 2752 der
2568 2689 2818 2749 unmehr,
2852 2690 2887 2750 sie
