4000 3000
1924 108 2001 168 Denn
2020 116 2174 176 sie
2232 136 2521 196 erschaft
2540 167 2656 227 er¬

1949 191 2106 251 und
2168 212 2451 272 dazu
2514 248 2702 308 für

1915 357 2036 417 halb
2048 361 2109 421 er
2133 365 2194 425 nun
2230 372 2339 432 mal
2400 392 2594 452 verschen
2654 425 2727 485 Her¬

1907 442 2035 502 feren
2143 453 2251 513 wir
2271 458 2340 518 in
2408 474 2605 534 Ganell
2664 497 2733 557 als

1915 528 2093 588 stunde.
2135 537 2220 597 Da
2245 542 2262 602 es
2304 547 2389 607 nun
2431 559 2524 619 aber
2550 568 2609 628 bis
2651 581 2719 641 von

1918 613 2088 673 heues
2224 632 2462 692 Schöne,
2530 647 2587 707 s.
2598 659 2746 719 da¬

1949 699 2041 759 elbst
2075 713 2407 773 festlich
2407 725 2648 785 angenomen,
2659 737 2705 797 so

1915 789 1976 849 als
2029 796 2169 856 aller
2204 804 2370 864 gefast
2449 816 2633 876 worden,
2659 826 2720 886 als

1921 873 2010 933 und
2044 878 2144 938 mit
2200 887 2379 947 anders
2413 893 2491 953 hab
2491 898 2591 958 sich
2614 906 2692 966 dieß¬

1919 961 2011 1021 sah
2046 971 2265 1031 verübt.

1929 1071 2069 1131 und
2092 1083 2255 1143 einlich
2267 1089 2395 1149 oben
2488 1093 2535 1153 es
2546 1094 2616 1154 sich
2639 1096 2744 1156 hiemit

1921 1156 2003 1216 das
2049 1157 2103 1217 im
2149 1160 2231 1220 noch
2277 1164 2341 1224 voll
2405 1171 2688 1231 dens¬

1940 1237 1940 1297 ,
2035 1237 2111 1297 in
2159 1241 2301 1301 hievor
2349 1244 2434 1304 über
2453 1246 2548 1306 sich
2567 1246 2700 1306 gegeb

2008 1318 2184 1378 sechen,
2228 1324 2305 1384 das
2360 1327 2404 1387 er
2426 1329 2503 1389 aber
2525 1331 2701 1391 beyder

2015 1398 2122 1458 blich
2160 1403 2402 1463 übersich.
2450 1408 2499 1468 In
2557 1407 2644 1467 dem
2663 1405 2702 1465 der

1935 1483 1998 1543 sich
2040 1481 2103 1541 der
2135 1483 2418 1543 Wunschester
2450 1486 2565 1546 für
2586 1485 2723 1545 per¬

1929 1553 2130 1613 bruch.
2300 1559 2441 1619 Doch
2471 1561 2562 1621 mit
2632 1562 2763 1622 anzu¬

1929 1633 2001 1693 das
2028 1636 2065 1696 er
2101 1637 2183 1697 erst
2237 1637 2283 1697 aff
2355 1637 2437 1697 dem
2482 1637 2636 1697 enfellig

1934 1720 2042 1780 tag,
2071 1720 2136 1780 wo
2150 1719 2187 1779 er
2237 1718 2295 1778 der
2324 1715 2512 1775 eigene
2613 1712 2743 1772 Küche

1934 1795 2012 1855 als
2056 1796 2212 1856 geschlag
2256 1795 2423 1855 schon,
2468 1790 2524 1850 zu
2535 1786 2635 1846 sich
2635 1781 2691 1841 pr

1926 1886 2005 1946 des
2073 1882 2141 1942 wird
2197 1880 2231 1940 in
2310 1878 2401 1938 der
2423 1869 2706 1929 masserscheid

1936 1975 1982 2035 so
1993 1975 2177 2035 dasselbe
2189 1972 2315 2032 zu
2315 1970 2396 2030 der
2419 1966 2465 2026 im
2511 1962 2637 2022 Ehe,
2672 1957 2729 2017 zu¬

1942 2044 2306 2104 gabe,
2340 2050 2453 2110 mit
2522 2045 2739 2105 ande¬

1944 2127 2004 2187 mer
2155 2131 2216 2191 die
2307 2132 2367 2192 an
2387 2131 2458 2191 mich
2478 2126 2690 2186 ihre

1923 2209 1969 2269 Im
2062 2215 2097 2275 es
2108 2218 2189 2278 und
2328 2217 2548 2277 Feuerlich
2629 2201 2722 2261 sowol

1926 2288 1949 2348 er
1984 2293 2064 2353 sich
2099 2298 2214 2358 fich
2226 2296 2525 2356 gepürlich
2549 2290 2652 2350 halte

1903 2376 2157 2436 massen
2208 2373 2259 2433 von
2279 2368 2666 2428 herlich

1871 2623 1998 2683 Ist
2040 2618 2093 2678 ein
2146 2614 2231 2674 mal
2305 2612 2431 2672 bar,
2484 2611 2590 2671 und
2643 2610 2685 2670 zu

1914 2693 2126 2753 andere,
2149 2689 2262 2749 mit
2368 2689 2436 2749 dem
2474 2690 2663 2750 kleinste

1914 2788 1989 2848 so
1989 2780 2379 2840 wie
