4000 3000
2292 116 2292 176 er
2384 116 2507 176 wolle
2579 115 2681 175 Pfarr
2794 115 2897 175 und
2917 120 3020 180 alda
3040 129 3163 189 ein¬

2311 199 2421 259 se,
2449 197 2697 257 ich
2697 194 3041 254 verschen

2311 331 2420 391 Denn
2508 331 2577 391 sie
2646 334 2863 394 auch
2883 337 3031 397 erho¬

2292 392 2385 452 Das
2411 391 2445 451 er
2487 391 2521 451 dem
2598 400 3073 460 Oel

2662 467 2735 527 e,
2796 472 2870 532 fast
2918 476 2992 536 mit
3028 478 3102 538 ein

2545 541 2749 601 Murten
2814 549 2953 609 liegen
3002 559 3108 619 hatt

2309 628 2645 688 Feuerthauffen,
2688 631 2937 691 ansorten,
2980 635 3056 695 und
3088 638 3153 698 aber

2300 703 2410 763 weder
2465 706 2621 766 wenig
2676 709 2750 769 noch
2768 710 2869 770 vil,
2887 712 2952 772 wie
2961 714 3135 774 jenen

2305 779 2425 839 schen,
2472 781 2546 841 das
2546 783 2741 843 voll
2741 787 2880 847 jeden
3093 791 3149 851 das

2312 851 2328 911 er
2375 851 2421 911 den
2445 854 2553 914 selbige
2577 860 2833 920 will,
2857 866 2903 926 oder
2935 868 2973 928 in
2989 869 3028 929 der
3067 869 3176 929 Sie,

2306 920 2411 980 lieh,
2449 923 2526 983 mit
2592 932 2707 992 falsch
2716 939 2831 999 verung
2917 950 3127 1010 der¬

2439 1002 2659 1062 wolle.

2292 1100 2339 1160 In
2432 1104 2502 1164 den
2537 1108 2642 1168 gar
2676 1113 2723 1173 er
2770 1116 2863 1176 sich
2874 1119 2944 1179 als
2956 1120 3166 1180 ersprech¬

2305 1169 2355 1229 das
2395 1169 2425 1229 er
2455 1170 2584 1230 une
2654 1176 2704 1236 off
2773 1182 2833 1242 ein
2883 1187 2953 1247 Zeit
2983 1193 3192 1253 gesperr¬

2307 1252 2989 1312 oder
3070 1267 3151 1327 zu

2321 1312 2352 1372 ein
2444 1320 2527 1380 fast
2568 1324 2640 1384 mich
2732 1325 2794 1385 wie
2887 1330 3133 1390 leichen

2314 1392 2395 1452 und
2440 1397 2467 1457 er
2584 1402 2746 1462 es
2818 1406 2890 1466 ob,
2917 1407 2971 1467 oder
3016 1409 3106 1469 wi¬

2307 1476 2367 1536 scher
2398 1480 2540 1540 er
2580 1483 2661 1543 denn
2742 1484 2914 1544 dieselbe
2975 1484 3087 1544 Zel¬

2298 1558 2460 1618 fassen,
2494 1558 2621 1618 wesens
2667 1558 2921 1618 geschaffen
2956 1561 3048 1621 ge¬

2332 1636 2495 1696 wolle,
2522 1639 2604 1699 hab
2622 1640 2695 1700 im
2749 1640 2886 1700 desselb
2913 1640 3158 1700 geantwür¬

2316 1711 2356 1771 wo
2396 1712 2436 1772 er
2491 1712 2539 1772 den
2666 1714 2817 1774 redlich
2881 1715 2960 1775 dar
3040 1718 3175 1778 an¬

2307 1793 2340 1853 so
2365 1793 2491 1853 wolle
2499 1792 2575 1852 er
2633 1792 2733 1852 an,
2775 1790 2892 1850 aber
3018 1788 3068 1848 den
3093 1786 3177 1846 je¬

2322 1870 2394 1930 als
2425 1868 2527 1928 Kunst
2589 1868 2640 1928 ein
2671 1870 2877 1930 der
3000 1867 3144 1927 lassen

2322 2030 2476 2090 anlass,
2543 2029 2697 2089 schnupft
2730 2029 2852 2089 sey,
2896 2027 2962 2087 zu
3040 2023 3228 2083 wel¬

2296 2125 2311 2185 es
2386 2112 2657 2172 als
2718 2107 2823 2167 eine
2876 2105 2936 2165 wol
2958 2103 3071 2163 gab

2324 2182 2434 2242 wolle
2445 2176 2588 2236 und
2632 2174 2698 2234 zu
2786 2176 2885 2236 fast
2929 2176 3006 2236 mit
3050 2174 3149 2234 ein

2313 2264 2415 2324 doch
2440 2260 2618 2320 solliches
2657 2257 2746 2317 Schein
2873 2255 2987 2315 deßen
3038 2257 3102 2317 wie

2316 2333 2479 2393 ge,
2512 2329 2569 2389 er
2716 2327 3141 2387 dage¬

2306 2407 2580 2467 schälig,
2641 2395 2762 2455 oder
2838 2401 2991 2461 geben

2345 2557 2498 2617 und
2526 2552 2706 2612 einlich
2706 2552 2775 2612 so
2775 2554 2900 2614 will
2914 2557 2983 2617 er
3025 2559 3094 2619 mit

2339 2626 2596 2686 bekanntlich
2631 2629 2684 2689 sie
2711 2631 2817 2691 der
2896 2636 2941 2696 zu
2967 2639 3179 2699 Mona¬

2335 2706 2374 2766 es
2479 2702 2583 2762 und
2623 2705 2740 2765 hin
2832 2713 2937 2773 habt,
2976 2719 3094 2779 doch
3120 2722 3159 2782 in
