<?xml version="1.0" encoding="UTF-8" standalone="yes"?>
<PcGts xmlns="http://schema.primaresearch.org/PAGE/gts/pagecontent/2013-07-15" xmlns:xsi="http://www.w3.org/2001/XMLSchema-instance" xsi:schemaLocation="http://schema.primaresearch.org/PAGE/gts/pagecontent/2013-07-15 http://schema.primaresearch.org/PAGE/gts/pagecontent/2013-07-15/pagecontent.xsd">
    <Metadata>
        <Creator>prov=University of Rostock/Institute of Mathematics/CITlab|PLANET AI GmbH/Gundram Leifert/gundram.leifert@planet-ai.de:name=German_Kurrent_XVI-XVIII_M1(htr_id=19584)::::v=2.6.7
prov=University of Rostock/Institute of Mathematics/CITlab|PLANET AI GmbH/Tobias Gruening/tobias.gruening@planet-ai.de:name=de.uros.citlab.module.baseline2polygon.B2PSeamMultiOriented:v=2.6.7
prov=University of Rostock/Institute of Mathematics/CITlab|PLANET AI GmbH/Tobias Gruening/tobias.gruening@planet-ai.de:name=/net_tf/LA73_249_0mod360.pb:de.uros.citlab.segmentation.CITlab_LA_ML:v=2.6.7
Transkribus</Creator>
        <Created>2021-09-05T13:55:32.171+02:00</Created>
        <LastChange>2021-10-11T11:15:10.075+02:00</LastChange>
        <TranskribusMetadata docId="772845" pageId="29283651" pageNr="5" tsid="66274642" status="IN_PROGRESS" userId="97776" imgUrl="https://files.transkribus.eu/Get?id=NZCIDQZYSNTRDEFTDJGNWLIV&amp;fileType=view" xmlUrl="https://files.transkribus.eu/Get?id=GOXZMNRKVOEWAQOBOAHIGNHO" imageId="22981245"/>
    </Metadata>
    <Page imageFilename="IMG_4359.jpg" imageWidth="4032" imageHeight="3024">
        <ReadingOrder>
            <OrderedGroup id="ro_1687514845329" caption="Regions reading order">
                <RegionRefIndexed index="0" regionRef="r1"/>
                <RegionRefIndexed index="1" regionRef="r2"/>
                <RegionRefIndexed index="2" regionRef="r3"/>
            </OrderedGroup>
        </ReadingOrder>
        <TextRegion orientation="0.0" id="r1" custom="readingOrder {index:0;}">
            <Coords points="887,184 887,1905 1818,1905 1818,184"/>
            <TextLine id="r1l1" custom="readingOrder {index:0;}">
                <Coords points="949,237 1359,219 1410,241 1438,217 1525,251 1633,220 1758,251 1758,193 1725,170 1637,185 1576,156 1456,193 1394,162 1332,196 1158,153 949,183"/>
                <Baseline points="954,228 993,227 1033,224 1073,222 1113,221 1153,219 1193,218 1233,216 1273,216 1313,216 1353,216 1392,216 1432,216 1472,216 1512,218 1552,218 1592,219 1632,221 1672,223 1712,225 1752,227"/>
                <TextEquiv>
                    <Unicode>Wolche bemeltte beschwärden</Unicode>
                </TextEquiv>
            </TextLine>
            <TextLine id="r1l2" custom="readingOrder {index:1;}">
                <Coords points="901,338 1023,301 1104,353 1180,320 1231,342 1393,280 1513,324 1568,291 1601,322 1753,326 1774,238 1643,255 1557,222 1504,258 1398,257 1269,222 1178,258 1105,227 1000,272 898,242"/>
                <Baseline points="905,312 948,310 991,306 1034,303 1078,302 1121,299 1164,297 1207,294 1251,293 1294,291 1337,290 1380,288 1424,287 1467,287 1510,285 1553,285 1597,285 1640,285 1683,287 1726,287 1770,288"/>
                <TextEquiv>
                    <Unicode>der khauffer vber sich waren</Unicode>
                </TextEquiv>
            </TextLine>
            <TextLine id="r1l3" custom="readingOrder {index:2;}">
                <Coords points="940,403 1567,349 1777,385 1782,314 1601,322 1568,292 1486,338 1343,300 1275,338 1108,354 983,310 937,325"/>
                <Baseline points="945,383 986,381 1028,380 1069,378 1111,376 1153,374 1194,371 1236,369 1278,366 1319,364 1361,362 1403,360 1444,359 1486,357 1528,356 1569,356 1611,356 1653,357 1694,359 1736,361 1778,365"/>
                <TextEquiv>
                    <Unicode>vnd die End darum verträtt</Unicode>
                </TextEquiv>
            </TextLine>
            <TextLine id="r1l4" custom="readingOrder {index:3;}">
                <Coords points="922,474 1232,443 1341,486 1529,490 1618,431 1756,435 1755,401 1698,374 1596,403 1448,396 1412,367 1275,409 1203,378 1150,415 920,399"/>
                <Baseline points="926,446 967,446 1008,446 1049,446 1091,444 1132,444 1173,443 1214,441 1256,440 1297,438 1338,437 1379,435 1421,434 1462,432 1503,432 1544,431 1586,429 1627,429 1668,429 1709,429 1751,431"/>
                <TextEquiv>
                    <Unicode>solle und ist hiemit der</Unicode>
                </TextEquiv>
            </TextLine>
            <TextLine id="r1l5" custom="readingOrder {index:4;}">
                <Coords points="912,587 1123,529 1214,580 1510,515 1636,572 1784,525 1783,464 1560,495 1410,457 1362,493 1215,458 1091,469 1049,502 970,463 910,472"/>
                <Baseline points="917,533 960,531 1003,530 1046,528 1089,527 1132,525 1175,524 1218,522 1261,521 1304,519 1347,518 1390,516 1433,516 1476,515 1519,515 1562,515 1605,515 1648,516 1691,517 1734,519 1778,521"/>
                <TextEquiv>
                    <Unicode>khauff bschechen von 4 und</Unicode>
                </TextEquiv>
            </TextLine>
            <TextLine id="r1l6" custom="readingOrder {index:5;}">
                <Coords points="1287,629 1308,639 1348,612 1446,610 1537,640 1559,622 1653,637 1696,607 1774,613 1773,568 1748,563 1730,576 1532,557 1473,574 1413,534 1363,565 1314,551 1286,568"/>
                <Baseline points="1292,617 1317,615 1342,615 1367,614 1392,612 1417,612 1442,611 1467,610 1492,609 1517,609 1543,608 1568,608 1593,608 1618,608 1643,608 1668,608 1693,608 1718,608 1743,609 1769,609"/>
                <TextEquiv>
                    <Unicode>v. Deren</Unicode>
                </TextEquiv>
            </TextLine>
            <TextLine id="r1l7" custom="readingOrder {index:6;}">
                <Coords points="927,629 935,628 958,640 964,636 971,643 979,637 986,640 990,637 995,642 1007,639 1022,643 1026,596 1018,592 1000,600 985,584 972,595 961,591 953,595 949,590 931,590"/>
                <Baseline points="933,623 961,628 989,629 1017,632"/>
                <TextEquiv>
                    <Unicode>.</Unicode>
                </TextEquiv>
            </TextLine>
            <TextLine id="r1l8" custom="readingOrder {index:7;}">
                <Coords points="1116,658 1122,659 1124,663 1129,662 1132,667 1136,664 1138,667 1145,666 1147,670 1156,671 1179,560 1174,559 1170,553 1156,553 1152,546 1139,545"/>
                <Baseline points="1127,633 1157,639"/>
                <TextEquiv>
                    <Unicode>f</Unicode>
                </TextEquiv>
            </TextLine>
            <TextLine id="r1l9" custom="readingOrder {index:8;}">
                <Coords points="980,690 995,691 1011,680 1025,687 1033,683 1043,684 1052,681 1065,668 1074,667 1072,643 1064,644 1042,632 1030,643 1027,641 1015,654 1007,648 993,650 982,643 977,644"/>
                <Baseline points="984,675 1012,674 1040,672 1068,669"/>
                <TextEquiv>
                    <Unicode>verit</Unicode>
                </TextEquiv>
            </TextLine>
            <TextLine id="r1l10" custom="readingOrder {index:9;}">
                <Coords points="925,744 1058,738 1146,701 1274,723 1314,690 1614,702 1652,733 1712,700 1711,658 1527,633 1319,677 1227,631 1175,679 923,695"/>
                <Baseline points="930,717 968,716 1007,714 1046,713 1085,711 1124,710 1163,707 1201,705 1240,704 1279,701 1318,699 1357,698 1396,696 1435,695 1473,695 1512,693 1551,693 1590,695 1629,696 1668,697 1707,699"/>
                <TextEquiv>
                    <Unicode>rob gemiltt beladnus so</Unicode>
                </TextEquiv>
            </TextLine>
            <TextLine id="r1l11" custom="readingOrder {index:10;}">
                <Coords points="900,816 1087,792 1144,829 1177,802 1223,842 1323,789 1417,814 1513,783 1626,823 1762,770 1761,731 1479,757 1375,718 1274,754 1183,714 1080,757 997,737 899,769"/>
                <Baseline points="905,800 947,798 990,797 1032,794 1075,792 1118,791 1160,789 1203,788 1245,786 1288,785 1331,783 1373,783 1416,782 1458,782 1501,780 1544,780 1586,780 1629,780 1671,780 1714,780 1757,780"/>
                <TextEquiv>
                    <Unicode>Eribersich gnomen̄ ✳ bezalt</Unicode>
                </TextEquiv>
            </TextLine>
            <TextLine id="r1l12" custom="readingOrder {index:11;}">
                <Coords points="897,926 994,898 1063,932 1180,880 1439,929 1554,882 1672,894 1703,882 1702,837 1448,849 1395,819 1354,843 1246,815 1212,832 1177,802 1099,854 1036,824 895,848"/>
                <Baseline points="902,890 941,890 981,890 1021,890 1061,888 1100,888 1140,887 1180,886 1220,885 1259,884 1299,883 1339,882 1379,881 1418,881 1458,879 1498,879 1538,879 1577,879 1617,880 1657,881 1697,882"/>
                <TextEquiv>
                    <Unicode>deshalb in Ruttieren</Unicode>
                </TextEquiv>
            </TextLine>
            <TextLine id="r1l13" custom="readingOrder {index:12;}">
                <Coords points="882,1030 1003,1040 1060,983 1118,1019 1267,950 1315,981 1628,962 1761,1023 1758,921 1438,929 1339,902 1291,928 1185,893 1105,941 1030,905 878,920"/>
                <Baseline points="887,1013 930,1001 973,992 1017,983 1060,978 1103,972 1147,969 1190,966 1233,965 1277,963 1320,963 1363,963 1407,964 1450,965 1493,965 1537,966 1580,966 1623,966 1667,966 1710,965 1754,963"/>
                <TextEquiv>
                    <Unicode>Af. Ist hiemitt vbergeben</Unicode>
                </TextEquiv>
            </TextLine>
            <TextLine id="r1l14" custom="readingOrder {index:13;}">
                <Coords points="976,1098 1050,1071 1115,1098 1188,1054 1365,1092 1507,1048 1647,1095 1708,1062 1708,997 1560,1019 1388,973 1337,990 1267,951 1194,999 1153,991 1115,1019 1072,986 1002,1040 976,1031"/>
                <Baseline points="981,1061 1017,1056 1053,1053 1089,1050 1125,1047 1161,1046 1197,1044 1233,1043 1269,1043 1305,1043 1342,1043 1378,1043 1414,1044 1450,1044 1486,1046 1522,1046 1558,1047 1594,1047 1630,1047 1666,1049 1703,1049"/>
                <TextEquiv>
                    <Unicode>In seinen gwaltt, alß</Unicode>
                </TextEquiv>
            </TextLine>
            <TextLine id="r1l15" custom="readingOrder {index:14;}">
                <Coords points="937,1152 1289,1124 1381,1155 1419,1121 1616,1148 1757,1120 1756,1074 1647,1095 1530,1064 1416,1063 1309,1102 1228,1060 1036,1119 936,1101"/>
                <Baseline points="942,1143 982,1141 1023,1137 1063,1135 1104,1133 1144,1130 1185,1128 1225,1126 1266,1124 1306,1123 1347,1122 1387,1121 1428,1121 1468,1121 1509,1121 1549,1121 1590,1121 1630,1122 1671,1124 1711,1126 1752,1128"/>
                <TextEquiv>
                    <Unicode>must anderen seinen gutte</Unicode>
                </TextEquiv>
            </TextLine>
            <TextLine id="r1l16" custom="readingOrder {index:15;}">
                <Coords points="943,1237 1042,1218 1108,1253 1239,1202 1370,1221 1425,1200 1490,1240 1562,1214 1635,1239 1633,1168 1589,1146 1347,1181 1209,1141 1146,1168 942,1183"/>
                <Baseline points="948,1224 982,1222 1016,1220 1050,1217 1084,1215 1118,1213 1152,1211 1186,1209 1220,1208 1254,1207 1288,1206 1322,1205 1356,1205 1390,1203 1424,1203 1458,1203 1492,1203 1526,1205 1560,1205 1594,1205 1629,1206"/>
                <TextEquiv>
                    <Unicode>übergeben, doch et</Unicode>
                </TextEquiv>
            </TextLine>
            <TextLine id="r1l17" custom="readingOrder {index:16;}">
                <Coords points="1033,1309 1163,1333 1224,1300 1339,1357 1579,1294 1658,1326 1686,1303 1754,1348 1823,1306 1822,1229 1661,1255 1562,1213 1489,1239 1463,1213 1326,1204 1248,1246 1147,1229 1032,1250"/>
                <Baseline points="1038,1308 1077,1307 1116,1303 1155,1302 1194,1301 1233,1299 1272,1298 1311,1298 1350,1298 1389,1297 1428,1298 1467,1298 1506,1298 1545,1298 1584,1298 1623,1298 1662,1298 1701,1298 1740,1298 1779,1297 1818,1296"/>
                <TextEquiv>
                    <Unicode>der Schauff den freuntschafft</Unicode>
                </TextEquiv>
            </TextLine>
            <TextLine id="r1l18" custom="readingOrder {index:17;}">
                <Coords points="959,1417 1250,1380 1600,1448 1663,1393 1731,1408 1770,1350 1686,1304 1610,1349 1546,1325 1449,1365 1225,1324 1153,1348 961,1328"/>
                <Baseline points="965,1386 1004,1384 1044,1383 1084,1382 1124,1382 1164,1382 1204,1382 1244,1383 1284,1383 1324,1384 1364,1385 1403,1386 1443,1388 1483,1389 1523,1390 1563,1391 1603,1392 1643,1393 1683,1394 1723,1395 1763,1395"/>
                <TextEquiv>
                    <Unicode>halb mit der letzt</Unicode>
                </TextEquiv>
            </TextLine>
            <TextLine id="r1l19" custom="readingOrder {index:18;}">
                <Coords points="956,1486 1085,1475 1124,1516 1176,1479 1311,1476 1421,1513 1477,1483 1567,1521 1609,1494 1718,1495 1720,1419 1667,1395 1596,1449 1447,1447 1411,1421 1343,1438 1297,1410 1167,1441 1008,1418 957,1443"/>
                <Baseline points="962,1478 999,1474 1037,1472 1074,1470 1112,1469 1149,1469 1187,1470 1224,1471 1262,1472 1299,1475 1337,1476 1375,1479 1412,1481 1450,1483 1487,1484 1525,1485 1562,1487 1600,1487 1637,1485 1675,1484 1713,1481"/>
                <TextEquiv>
                    <Unicode>vorbhaltt feste</Unicode>
                </TextEquiv>
            </TextLine>
            <TextLine id="r1l20" custom="readingOrder {index:19;}">
                <Coords points="957,1614 1035,1607 1103,1565 1250,1610 1421,1564 1560,1581 1751,1555 1751,1523 1702,1499 1614,1530 1538,1498 1454,1525 1389,1503 1336,1533 1251,1502 1123,1517 1069,1484 957,1487"/>
                <Baseline points="962,1562 1001,1560 1040,1557 1079,1556 1118,1556 1157,1556 1196,1556 1236,1556 1275,1556 1314,1556 1353,1557 1392,1557 1431,1559 1470,1559 1510,1559 1549,1559 1588,1559 1627,1559 1666,1557 1705,1556 1745,1553"/>
                <TextEquiv>
                    <Unicode>Daser elentt ✳ unnd </Unicode>
                </TextEquiv>
            </TextLine>
            <TextLine id="r1l21" custom="readingOrder {index:20;}">
                <Coords points="957,1658 1030,1628 1068,1661 1165,1641 1232,1684 1278,1640 1643,1632 1676,1662 1778,1634 1777,1566 1693,1590 1546,1573 1480,1606 1380,1577 1335,1614 1149,1587 956,1615"/>
                <Baseline points="962,1646 1002,1642 1043,1640 1083,1638 1124,1635 1164,1635 1205,1634 1245,1634 1286,1634 1326,1634 1367,1634 1407,1634 1448,1635 1488,1634 1529,1634 1569,1634 1610,1632 1650,1631 1691,1628 1731,1626 1772,1622"/>
                <TextEquiv>
                    <Unicode>Hans Heiman ✳ und Hans</Unicode>
                </TextEquiv>
            </TextLine>
            <TextLine id="r1l22" custom="readingOrder {index:21;}">
                <Coords points="969,1737 1113,1725 1189,1766 1324,1739 1474,1770 1743,1710 1743,1651 1675,1661 1643,1631 1494,1682 1430,1645 1405,1664 1272,1647 1234,1684 969,1706"/>
                <Baseline points="974,1721 1012,1719 1050,1719 1088,1718 1126,1718 1164,1716 1202,1716 1241,1716 1279,1715 1317,1715 1355,1715 1393,1715 1431,1715 1469,1716 1508,1716 1546,1716 1584,1718 1622,1718 1660,1719 1698,1721 1737,1722"/>
                <TextEquiv>
                    <Unicode>voraus Ingefassen E. E. G.</Unicode>
                </TextEquiv>
            </TextLine>
            <TextLine id="r1l23" custom="readingOrder {index:22;}">
                <Coords points="978,1823 1097,1789 1243,1807 1331,1851 1444,1797 1642,1846 1707,1809 1764,1817 1764,1764 1679,1736 1630,1765 1521,1749 1476,1773 1327,1738 1108,1767 978,1730"/>
                <Baseline points="983,1794 1021,1796 1060,1796 1099,1797 1138,1797 1176,1797 1215,1797 1254,1797 1293,1797 1331,1797 1370,1797 1409,1797 1448,1797 1486,1797 1525,1797 1564,1797 1603,1797 1641,1797 1680,1797 1719,1798 1758,1799"/>
                <TextEquiv>
                    <Unicode>lett Caspar Kanzen dar</Unicode>
                </TextEquiv>
            </TextLine>
            <TextLine id="r1l24" custom="readingOrder {index:23;}">
                <Coords points="959,1896 1147,1886 1248,1919 1392,1879 1491,1913 1790,1906 1792,1851 1685,1827 1526,1844 1392,1812 1328,1853 1097,1795 962,1827"/>
                <Baseline points="966,1865 1009,1863 1052,1862 1095,1862 1138,1863 1181,1865 1224,1866 1267,1868 1310,1871 1353,1873 1397,1875 1440,1878 1483,1880 1526,1883 1569,1884 1612,1887 1655,1888 1698,1889 1741,1889 1785,1889"/>
                <TextEquiv>
                    <Unicode>10 Januarii in 1553 Jar</Unicode>
                </TextEquiv>
            </TextLine>
            <TextEquiv>
                <Unicode>Wolche bemeltte beschwärden
der khauffer vber sich waren
vnd die End darum verträtt
solle und ist hiemit der
khauff bschechen von 4 und
v. Deren
.
f
verit
rob gemiltt beladnus so
Eribersich gnomen̄ ✳ bezalt
deshalb in Ruttieren
Af. Ist hiemitt vbergeben
In seinen gwaltt, alß
must anderen seinen gutte
übergeben, doch et
der Schauff den freuntschafft
halb mit der letzt
vorbhaltt feste
Daser elentt ✳ unnd 
Hans Heiman ✳ und Hans
voraus Ingefassen E. E. G.
lett Caspar Kanzen dar
10 Januarii in 1553 Jar</Unicode>
            </TextEquiv>
        </TextRegion>
        <TextRegion orientation="0.0" id="r2" custom="readingOrder {index:1;}">
            <Coords points="1889,137 1889,290 1937,290 1937,137"/>
            <TextLine id="r2l1" custom="readingOrder {index:0;}">
                <Coords points="1883,253 1895,253 1909,241 1918,237 1924,243 1942,244 1945,190 1934,190 1925,181 1895,193 1887,191"/>
                <Baseline points="1889,237 1937,240"/>
                <TextEquiv>
                    <Unicode>d</Unicode>
                </TextEquiv>
            </TextLine>
            <TextEquiv>
                <Unicode>d</Unicode>
            </TextEquiv>
        </TextRegion>
        <TextRegion orientation="0.0" id="r3" custom="readingOrder {index:2;}">
            <Coords points="1923,166 1923,2805 2834,2805 2834,166"/>
            <TextLine id="r3l1" custom="readingOrder {index:0;}">
                <Coords points="2562,207 2580,203 2594,216 2607,214 2624,197 2643,214 2660,218 2698,208 2708,198 2730,197 2729,131 2702,133 2654,171 2598,134 2562,158"/>
                <Baseline points="2568,198 2594,199 2620,200 2646,201 2672,201 2698,199 2724,195"/>
                <TextEquiv>
                    <Unicode>41 lb</Unicode>
                </TextEquiv>
            </TextLine>
            <TextLine id="r3l2" custom="readingOrder {index:1;}">
                <Coords points="1989,259 2173,298 2227,261 2264,290 2307,260 2438,295 2610,261 2694,282 2757,255 2757,226 2687,234 2625,199 2520,211 2481,176 2370,223 2272,165 2103,207 1990,180"/>
                <Baseline points="1995,260 2032,258 2070,258 2108,258 2146,258 2184,258 2221,260 2259,261 2297,261 2335,263 2373,263 2410,264 2448,264 2486,264 2524,264 2562,264 2599,264 2637,263 2675,260 2713,259 2751,255"/>
                <TextEquiv>
                    <Unicode>zu Weisser das bis gut vill per</Unicode>
                </TextEquiv>
            </TextLine>
            <TextLine id="r3l3" custom="readingOrder {index:2;}">
                <Coords points="1965,363 2092,338 2164,364 2287,337 2364,355 2395,334 2524,358 2621,333 2664,350 2707,323 2706,295 2611,261 2584,287 2456,282 2375,309 2227,260 2166,297 1965,257"/>
                <Baseline points="1970,341 2006,338 2043,338 2079,336 2116,336 2153,336 2189,336 2226,338 2262,338 2299,339 2336,339 2372,341 2409,342 2445,342 2482,342 2519,342 2555,342 2592,341 2628,339 2665,338 2702,335"/>
                <TextEquiv>
                    <Unicode>unnd fründtleten ✳ der jung</Unicode>
                </TextEquiv>
            </TextLine>
            <TextLine id="r3l4" custom="readingOrder {index:3;}">
                <Coords points="1961,419 2030,435 2184,403 2310,431 2374,408 2444,444 2541,408 2627,445 2775,398 2775,349 2552,348 2480,388 2396,334 2325,382 1961,359"/>
                <Baseline points="1967,405 2007,404 2047,404 2087,404 2127,404 2167,404 2207,405 2247,405 2287,407 2327,407 2368,408 2408,408 2448,410 2488,410 2528,410 2568,410 2608,410 2648,408 2688,407 2728,405 2769,402"/>
                <TextEquiv>
                    <Unicode>bescherben ✳ unnd angnomen̄ ✳ zist₎</Unicode>
                </TextEquiv>
            </TextLine>
            <TextLine id="r3l5" custom="readingOrder {index:4;}">
                <Coords points="1984,520 2030,532 2156,487 2320,498 2363,471 2510,499 2756,483 2761,391 2701,438 2628,445 2545,412 2447,447 2388,417 2278,438 2224,418 2197,441 2121,399 2030,440 1983,418"/>
                <Baseline points="1989,489 2027,488 2065,485 2104,483 2142,482 2181,480 2219,480 2257,479 2296,479 2334,479 2373,477 2411,477 2449,477 2488,477 2526,477 2565,477 2603,477 2641,476 2680,476 2718,475 2757,474"/>
                <TextEquiv>
                    <Unicode>Hansen Gryffen der stein hauw</Unicode>
                </TextEquiv>
            </TextLine>
            <TextLine id="r3l6" custom="readingOrder {index:5;}">
                <Coords points="1961,556 2052,555 2139,595 2257,546 2423,596 2534,540 2603,572 2670,540 2744,545 2743,502 2360,476 2314,517 2256,483 2031,532 1960,517"/>
                <Baseline points="1967,558 2005,557 2044,555 2082,555 2121,554 2159,552 2198,551 2236,550 2275,549 2313,548 2352,546 2391,545 2429,543 2468,542 2506,542 2545,540 2583,539 2622,539 2660,537 2699,537 2738,536"/>
                <TextEquiv>
                    <Unicode>vnnd Hans Hopffen, benen</Unicode>
                </TextEquiv>
            </TextLine>
            <TextLine id="r3l7" custom="readingOrder {index:6;}">
                <Coords points="1926,641 2259,638 2296,667 2371,640 2404,657 2443,621 2694,641 2752,618 2752,556 2578,586 2528,548 2422,596 2367,566 2277,588 2232,556 2176,592 2025,566 1925,586"/>
                <Baseline points="1931,615 1971,619 2012,621 2053,623 2094,624 2135,626 2175,626 2216,626 2257,627 2298,627 2339,626 2379,626 2420,625 2461,623 2502,623 2543,621 2583,619 2624,617 2665,615 2706,612 2747,609"/>
                <TextEquiv>
                    <Unicode>jungen ✳ unnd mitt nammer</Unicode>
                </TextEquiv>
            </TextLine>
            <TextLine id="r3l8" custom="readingOrder {index:7;}">
                <Coords points="1946,704 2032,702 2073,731 2183,684 2217,710 2409,687 2494,735 2563,681 2681,709 2766,679 2744,628 2519,626 2418,665 2328,647 2279,670 2178,639 2024,667 1945,648"/>
                <Baseline points="1952,696 1992,696 2032,696 2073,695 2113,695 2154,693 2194,693 2234,693 2275,692 2315,692 2356,690 2396,689 2436,689 2477,687 2517,686 2558,684 2598,683 2638,681 2679,678 2719,675 2760,674"/>
                <TextEquiv>
                    <Unicode>so soll gemeltter Hans Briff</Unicode>
                </TextEquiv>
            </TextLine>
            <TextLine id="r3l9" custom="readingOrder {index:8;}">
                <Coords points="1938,759 2116,759 2177,797 2492,749 2604,757 2640,789 2769,733 2767,680 2695,709 2546,688 2490,729 2417,692 2322,712 2286,684 2087,737 1993,708 1937,729"/>
                <Baseline points="1943,755 1984,756 2025,758 2066,758 2107,758 2148,758 2189,758 2230,756 2271,755 2312,755 2353,753 2394,751 2435,750 2476,747 2517,746 2558,744 2599,743 2640,741 2681,740 2722,738 2763,737"/>
                <TextEquiv>
                    <Unicode>den Hansen hapffenn, das handt</Unicode>
                </TextEquiv>
            </TextLine>
            <TextLine id="r3l10" custom="readingOrder {index:9;}">
                <Coords points="1918,845 2051,868 2097,833 2182,827 2273,867 2386,823 2467,845 2500,814 2737,850 2720,766 2641,789 2603,757 2493,749 2353,791 2172,796 2074,758 2016,786 1968,762 1917,779"/>
                <Baseline points="1923,825 1963,826 2003,827 2044,828 2084,828 2124,828 2165,827 2205,825 2245,824 2286,823 2326,821 2366,819 2407,818 2447,816 2487,815 2528,813 2568,812 2608,812 2649,812 2689,812 2730,813"/>
                <TextEquiv>
                    <Unicode>danck ✳ des stein hauwers Werch</Unicode>
                </TextEquiv>
            </TextLine>
            <TextLine id="r3l11" custom="readingOrder {index:10;}">
                <Coords points="1931,902 2033,947 2277,894 2407,894 2452,924 2517,898 2560,921 2727,886 2737,850 2535,850 2497,817 2468,844 2386,823 2265,871 2192,829 2097,833 2015,874 1929,842"/>
                <Baseline points="1937,899 1976,902 2016,903 2056,905 2096,905 2136,905 2175,903 2215,902 2255,901 2295,899 2335,896 2374,894 2414,893 2454,890 2494,888 2534,886 2573,885 2613,884 2653,884 2693,884 2733,884"/>
                <TextEquiv>
                    <Unicode>mitt flissen vnnd erst fernen</Unicode>
                </TextEquiv>
            </TextLine>
            <TextLine id="r3l12" custom="readingOrder {index:11;}">
                <Coords points="1941,995 2068,979 2106,1005 2285,971 2431,1011 2574,960 2642,1000 2746,938 2745,908 2630,900 2575,936 2413,897 2367,929 2322,903 2183,943 1939,948"/>
                <Baseline points="1946,974 1985,974 2025,975 2065,975 2105,975 2144,974 2184,974 2224,973 2264,972 2303,970 2343,969 2383,967 2423,965 2462,963 2502,961 2542,959 2582,957 2621,955 2661,953 2701,951 2741,950"/>
                <TextEquiv>
                    <Unicode>unnd vnnder wysenn ✳ unnd ime</Unicode>
                </TextEquiv>
            </TextLine>
            <TextLine id="r3l13" custom="readingOrder {index:12;}">
                <Coords points="1938,1066 2056,1051 2167,1082 2280,1044 2344,1080 2425,1052 2517,1078 2612,1045 2700,1062 2755,1042 2755,1012 2565,975 2517,1004 2368,988 2267,1023 1937,996"/>
                <Baseline points="1943,1044 1983,1044 2023,1044 2064,1043 2104,1042 2144,1041 2185,1040 2225,1038 2265,1038 2306,1037 2346,1035 2386,1035 2427,1035 2467,1034 2507,1034 2548,1034 2588,1034 2628,1035 2669,1035 2709,1037 2750,1038"/>
                <TextEquiv>
                    <Unicode>Bemie sein heimlicken eydt</Unicode>
                </TextEquiv>
            </TextLine>
            <TextLine id="r3l14" custom="readingOrder {index:13;}">
                <Coords points="1972,1154 2100,1114 2158,1146 2377,1114 2439,1161 2533,1122 2603,1151 2646,1117 2789,1124 2789,1075 2714,1054 2549,1080 2451,1054 2332,1096 2296,1063 1972,1070"/>
                <Baseline points="1977,1110 2017,1110 2057,1109 2097,1109 2138,1109 2178,1109 2218,1109 2259,1109 2299,1109 2339,1110 2380,1110 2420,1110 2460,1110 2500,1112 2541,1112 2581,1112 2621,1110 2662,1110 2702,1109 2742,1107 2783,1106"/>
                <TextEquiv>
                    <Unicode>hinder halttenn ✳ noch verschwigen </Unicode>
                </TextEquiv>
            </TextLine>
            <TextLine id="r3l15" custom="readingOrder {index:14;}">
                <Coords points="1956,1215 1990,1231 2100,1189 2292,1219 2362,1190 2400,1226 2496,1187 2525,1209 2654,1181 2695,1207 2741,1179 2805,1214 2804,1141 2696,1118 2616,1156 2541,1132 2444,1162 2380,1118 2255,1150 1956,1131"/>
                <Baseline points="1962,1187 2003,1187 2045,1187 2087,1187 2129,1187 2171,1185 2213,1185 2254,1185 2296,1185 2338,1185 2380,1185 2422,1185 2464,1184 2506,1184 2547,1184 2589,1184 2631,1184 2673,1184 2715,1184 2757,1184 2799,1185"/>
                <TextEquiv>
                    <Unicode>sunders des woll in muglich</Unicode>
                </TextEquiv>
            </TextLine>
            <TextLine id="r3l16" custom="readingOrder {index:15;}">
                <Coords points="1980,1264 2096,1260 2153,1282 2216,1254 2278,1296 2352,1251 2376,1269 2628,1260 2666,1239 2666,1210 2547,1219 2496,1187 2404,1227 2340,1192 2292,1218 2122,1199 2045,1235 1980,1229"/>
                <Baseline points="1986,1259 2019,1257 2053,1256 2087,1254 2121,1254 2154,1254 2188,1253 2222,1253 2256,1253 2289,1253 2323,1253 2357,1253 2391,1253 2424,1253 2458,1253 2492,1253 2526,1251 2559,1251 2593,1251 2627,1250 2661,1248"/>
                <TextEquiv>
                    <Unicode>vnnd er desse berichte auch</Unicode>
                </TextEquiv>
            </TextLine>
            <TextLine id="r3l17" custom="readingOrder {index:16;}">
                <Coords points="1953,1333 2093,1357 2243,1323 2426,1354 2580,1328 2638,1368 2686,1340 2796,1349 2796,1274 2653,1238 2605,1277 2496,1294 2352,1251 2277,1296 2243,1271 2191,1302 2105,1267 1953,1303"/>
                <Baseline points="1958,1328 1999,1328 2041,1326 2082,1325 2124,1325 2166,1325 2207,1324 2249,1323 2290,1323 2332,1323 2374,1323 2415,1323 2457,1323 2498,1323 2540,1325 2582,1325 2623,1325 2665,1326 2706,1326 2748,1326 2790,1328"/>
                <TextEquiv>
                    <Unicode>Vnnderrechten vnd vnder Ersten</Unicode>
                </TextEquiv>
            </TextLine>
            <TextLine id="r3l18" custom="readingOrder {index:17;}">
                <Coords points="1954,1402 2016,1392 2111,1441 2253,1398 2311,1428 2388,1396 2481,1421 2518,1399 2596,1439 2780,1397 2781,1338 2639,1367 2261,1329 2071,1360 1954,1342"/>
                <Baseline points="1959,1391 1999,1392 2040,1392 2081,1394 2122,1394 2163,1395 2203,1395 2244,1395 2285,1395 2326,1397 2367,1397 2407,1397 2448,1397 2489,1397 2530,1397 2571,1397 2611,1397 2652,1396 2693,1395 2734,1395 2775,1394"/>
                <TextEquiv>
                    <Unicode>die zitt lang namlich vier</Unicode>
                </TextEquiv>
            </TextLine>
            <TextLine id="r3l19" custom="readingOrder {index:18;}">
                <Coords points="1941,1465 2034,1457 2129,1496 2168,1465 2283,1460 2426,1509 2489,1479 2712,1464 2712,1436 2594,1440 2554,1403 2495,1429 2431,1398 2365,1435 2261,1433 2229,1408 2067,1437 1941,1396"/>
                <Baseline points="1946,1454 1984,1456 2022,1458 2060,1460 2098,1461 2136,1463 2174,1463 2212,1464 2250,1464 2288,1464 2326,1464 2364,1464 2402,1463 2440,1463 2478,1463 2516,1463 2554,1461 2592,1461 2630,1461 2668,1461 2706,1461"/>
                <TextEquiv>
                    <Unicode>Lans, so er 169 im bliben</Unicode>
                </TextEquiv>
            </TextLine>
            <TextLine id="r3l20" custom="readingOrder {index:19;}">
                <Coords points="1969,1536 2124,1552 2214,1529 2295,1561 2534,1531 2648,1563 2716,1520 2815,1521 2807,1464 2422,1506 2271,1458 2189,1499 1968,1478"/>
                <Baseline points="1974,1533 2015,1533 2057,1533 2099,1533 2141,1533 2183,1533 2224,1533 2266,1532 2308,1532 2350,1531 2392,1530 2433,1530 2475,1529 2517,1527 2559,1526 2601,1526 2642,1524 2684,1523 2726,1523 2768,1521 2810,1521"/>
                <TextEquiv>
                    <Unicode>und diesen soll ✳ unnd alles das</Unicode>
                </TextEquiv>
            </TextLine>
            <TextLine id="r3l21" custom="readingOrder {index:20;}">
                <Coords points="1962,1629 2134,1591 2215,1626 2330,1595 2516,1623 2563,1592 2806,1602 2814,1534 2735,1521 2648,1563 2550,1532 2368,1562 2241,1535 2127,1564 2042,1533 1961,1567"/>
                <Baseline points="1967,1607 2009,1605 2051,1603 2093,1601 2135,1599 2177,1598 2219,1596 2262,1595 2304,1593 2346,1592 2388,1592 2430,1590 2472,1589 2514,1589 2557,1589 2599,1587 2641,1587 2683,1587 2725,1587 2767,1588 2810,1589"/>
                <TextEquiv>
                    <Unicode>so in beyssen ✳ und anstellen Virg</Unicode>
                </TextEquiv>
            </TextLine>
            <TextLine id="r3l22" custom="readingOrder {index:21;}">
                <Coords points="1963,1686 2134,1673 2168,1695 2208,1660 2424,1701 2474,1666 2524,1686 2559,1652 2648,1645 2754,1682 2785,1672 2783,1614 2647,1635 2590,1594 2504,1626 2436,1596 2283,1636 2120,1603 1961,1642"/>
                <Baseline points="1967,1670 2007,1670 2048,1668 2088,1668 2129,1667 2169,1666 2210,1664 2250,1663 2291,1662 2331,1660 2372,1659 2413,1656 2453,1655 2494,1653 2534,1652 2575,1650 2615,1648 2656,1646 2696,1644 2737,1643 2778,1641"/>
                <TextEquiv>
                    <Unicode>soll er in ghorsam sein vnd</Unicode>
                </TextEquiv>
            </TextLine>
            <TextLine id="r3l23" custom="readingOrder {index:22;}">
                <Coords points="1960,1762 2308,1754 2377,1715 2468,1742 2714,1729 2737,1720 2736,1668 2617,1687 2551,1661 2423,1702 2209,1662 2168,1695 2073,1675 1958,1703"/>
                <Baseline points="1964,1733 2002,1733 2040,1731 2079,1730 2117,1730 2156,1728 2194,1727 2232,1726 2271,1725 2309,1724 2348,1723 2386,1722 2424,1722 2463,1721 2501,1720 2540,1719 2578,1719 2616,1719 2655,1719 2693,1719 2732,1719"/>
                <TextEquiv>
                    <Unicode>flissig uff stehen lan ✳ die es</Unicode>
                </TextEquiv>
            </TextLine>
            <TextLine id="r3l24" custom="readingOrder {index:23;}">
                <Coords points="1944,1817 2094,1842 2186,1799 2343,1822 2491,1789 2546,1832 2626,1796 2691,1845 2731,1822 2729,1742 2562,1747 2524,1772 2360,1717 2308,1754 2205,1745 2164,1773 1943,1766"/>
                <Baseline points="1950,1814 1988,1810 2027,1808 2066,1805 2104,1803 2143,1801 2182,1800 2220,1799 2259,1799 2298,1797 2337,1797 2375,1797 2414,1796 2453,1796 2491,1796 2530,1796 2569,1794 2607,1794 2646,1793 2685,1791 2724,1790"/>
                <TextEquiv>
                    <Unicode>des handsbecks bruch recht</Unicode>
                </TextEquiv>
            </TextLine>
            <TextLine id="r3l25" custom="readingOrder {index:24;}">
                <Coords points="1942,1898 2026,1880 2130,1919 2236,1913 2293,1869 2429,1903 2528,1867 2710,1874 2734,1822 2636,1848 2488,1791 2451,1819 2282,1840 2241,1819 1993,1841 1941,1815"/>
                <Baseline points="1947,1872 1986,1872 2025,1871 2064,1871 2103,1869 2142,1869 2181,1869 2220,1869 2259,1869 2298,1868 2338,1868 2377,1868 2416,1868 2455,1868 2494,1866 2533,1866 2572,1865 2611,1865 2650,1863 2689,1861 2729,1859"/>
                <TextEquiv>
                    <Unicode>und gwon heitt ist ✳ unnd</Unicode>
                </TextEquiv>
            </TextLine>
            <TextLine id="r3l26" custom="readingOrder {index:25;}">
                <Coords points="1935,1968 2045,1950 2107,1992 2281,1950 2371,1983 2433,1939 2512,1986 2584,1947 2817,1958 2815,1838 2553,1912 2478,1879 2428,1903 2260,1890 2214,1924 1935,1922"/>
                <Baseline points="1940,1949 1983,1947 2027,1947 2070,1946 2114,1944 2157,1943 2201,1943 2244,1941 2288,1941 2331,1940 2375,1940 2419,1940 2462,1938 2506,1938 2549,1938 2593,1938 2636,1938 2680,1938 2723,1938 2767,1938 2811,1938"/>
                <TextEquiv>
                    <Unicode>darbi so soll er Hans Griff</Unicode>
                </TextEquiv>
            </TextLine>
            <TextLine id="r3l27" custom="readingOrder {index:26;}">
                <Coords points="1937,2041 2022,2011 2146,2048 2208,2020 2275,2058 2479,2008 2683,2050 2801,2030 2801,1993 2726,1949 2681,1977 2585,1951 2513,1987 2443,1941 2370,1982 2303,1954 2072,1989 2027,1950 1937,1981"/>
                <Baseline points="1943,2015 1985,2013 2028,2012 2070,2009 2113,2009 2156,2007 2198,2006 2241,2006 2284,2006 2326,2004 2369,2004 2412,2006 2454,2006 2497,2006 2540,2007 2582,2008 2625,2009 2668,2010 2710,2012 2753,2015 2796,2016"/>
                <TextEquiv>
                    <Unicode>disem Hans Zapfff Alle ja</Unicode>
                </TextEquiv>
            </TextLine>
            <TextLine id="r3l28" custom="readingOrder {index:27;}">
                <Coords points="1932,2128 2001,2084 2146,2105 2407,2066 2471,2101 2569,2076 2623,2112 2727,2075 2726,2019 2684,2050 2541,2016 2405,2042 2344,2022 2277,2058 2122,2026 1930,2044"/>
                <Baseline points="1937,2087 1976,2085 2015,2083 2054,2081 2093,2079 2133,2076 2172,2075 2211,2073 2250,2072 2289,2072 2329,2070 2368,2069 2407,2069 2446,2067 2485,2067 2525,2067 2564,2067 2603,2067 2642,2068 2681,2069 2721,2070"/>
                <TextEquiv>
                    <Unicode>darzu aber die sin jar lan</Unicode>
                </TextEquiv>
            </TextLine>
            <TextLine id="r3l29" custom="readingOrder {index:28;}">
                <Coords points="1960,2172 2078,2171 2125,2136 2251,2160 2311,2108 2487,2161 2646,2133 2679,2164 2782,2135 2782,2096 2709,2105 2670,2080 2603,2109 2531,2085 2491,2107 2406,2066 2097,2109 2042,2088 1960,2120"/>
                <Baseline points="1965,2142 2005,2140 2046,2138 2086,2136 2127,2135 2168,2135 2208,2133 2249,2133 2289,2133 2330,2132 2371,2132 2411,2132 2452,2132 2492,2132 2533,2132 2574,2132 2614,2132 2655,2132 2695,2130 2736,2130 2777,2129"/>
                <TextEquiv>
                    <Unicode>als vill als in fr unnd soll</Unicode>
                </TextEquiv>
            </TextLine>
            <TextLine id="r3l30" custom="readingOrder {index:29;}">
                <Coords points="1950,2238 2041,2222 2094,2250 2173,2208 2225,2249 2337,2213 2436,2245 2622,2204 2832,2231 2813,2163 2765,2188 2650,2141 2572,2184 2509,2179 2312,2108 2250,2161 1951,2165"/>
                <Baseline points="1956,2204 1999,2202 2043,2201 2086,2201 2130,2199 2173,2199 2217,2199 2260,2201 2304,2201 2347,2201 2391,2202 2434,2202 2478,2204 2521,2204 2565,2205 2608,2206 2652,2207 2695,2207 2739,2207 2782,2207 2826,2207"/>
                <TextEquiv>
                    <Unicode>aber Hans Zapfft Ihme alle dis</Unicode>
                </TextEquiv>
            </TextLine>
            <TextLine id="r3l31" custom="readingOrder {index:30;}">
                <Coords points="1925,2296 2103,2293 2133,2268 2191,2304 2350,2266 2520,2294 2616,2262 2676,2303 2738,2266 2795,2281 2794,2218 2639,2203 2415,2247 2131,2227 2093,2249 2035,2224 1925,2256"/>
                <Baseline points="1931,2279 1973,2276 2016,2274 2059,2273 2102,2271 2145,2270 2188,2270 2231,2268 2274,2268 2317,2268 2360,2268 2402,2268 2445,2268 2488,2268 2531,2268 2574,2268 2617,2268 2660,2268 2703,2267 2746,2267 2789,2265"/>
                <TextEquiv>
                    <Unicode>das das hand vberck ✳ antrifft</Unicode>
                </TextEquiv>
            </TextLine>
            <TextLine id="r3l32" custom="readingOrder {index:31;}">
                <Coords points="1952,2374 2008,2343 2094,2360 2222,2330 2507,2334 2575,2373 2839,2336 2616,2263 2459,2308 2352,2266 2246,2307 2134,2269 1952,2306"/>
                <Baseline points="1958,2343 2001,2340 2045,2338 2089,2336 2133,2335 2177,2334 2220,2333 2264,2333 2308,2331 2352,2331 2396,2331 2439,2333 2483,2333 2527,2333 2571,2334 2615,2334 2658,2336 2702,2337 2746,2337 2790,2339 2834,2339"/>
                <TextEquiv>
                    <Unicode>gehorsam̄ ✳ unnd willig sein s ain</Unicode>
                </TextEquiv>
            </TextLine>
            <TextLine id="r3l33" custom="readingOrder {index:32;}">
                <Coords points="1932,2442 2078,2392 2225,2438 2289,2406 2460,2412 2494,2389 2613,2430 2764,2357 2507,2367 2431,2337 2329,2364 2287,2337 2235,2359 2158,2342 2089,2381 1931,2379"/>
                <Baseline points="1937,2408 1978,2405 2019,2402 2060,2400 2101,2399 2142,2396 2183,2396 2224,2394 2265,2393 2306,2393 2348,2392 2389,2391 2430,2391 2471,2390 2512,2390 2553,2388 2594,2387 2635,2385 2676,2384 2717,2382 2759,2379"/>
                <TextEquiv>
                    <Unicode>Im vett des trincken vnd</Unicode>
                </TextEquiv>
            </TextLine>
            <TextLine id="r3l34" custom="readingOrder {index:33;}">
                <Coords points="1938,2498 2064,2461 2191,2458 2280,2493 2450,2448 2773,2455 2779,2417 2657,2398 2601,2429 2512,2394 2354,2428 2285,2408 2225,2437 2076,2393 1937,2436"/>
                <Baseline points="1943,2465 1984,2461 2026,2459 2067,2457 2109,2455 2150,2453 2192,2451 2233,2450 2275,2450 2316,2448 2358,2448 2400,2447 2441,2447 2483,2447 2524,2445 2566,2445 2607,2444 2649,2444 2690,2443 2732,2442 2774,2441"/>
                <TextEquiv>
                    <Unicode>lißen versachten, als er ader</Unicode>
                </TextEquiv>
            </TextLine>
            <TextLine id="r3l35" custom="readingOrder {index:34;}">
                <Coords points="1972,2519 2121,2551 2212,2513 2403,2541 2474,2510 2535,2541 2584,2517 2735,2544 2831,2506 2831,2454 2712,2448 2652,2476 2413,2454 2277,2488 1971,2473"/>
                <Baseline points="1977,2525 2019,2521 2061,2518 2104,2514 2146,2512 2189,2511 2231,2510 2274,2510 2316,2508 2359,2508 2401,2510 2443,2510 2486,2510 2528,2511 2571,2511 2613,2511 2656,2511 2698,2511 2741,2511 2783,2510 2826,2508"/>
                <TextEquiv>
                    <Unicode>tin derst sonder freundt festes</Unicode>
                </TextEquiv>
            </TextLine>
            <TextLine id="r3l36" custom="readingOrder {index:35;}">
                <Coords points="1962,2597 2069,2582 2163,2626 2242,2576 2328,2611 2382,2574 2448,2606 2501,2571 2788,2576 2787,2524 2623,2550 2355,2521 2259,2552 2219,2515 2110,2557 2026,2525 1961,2540"/>
                <Baseline points="1967,2592 2007,2589 2048,2585 2089,2582 2130,2579 2171,2577 2211,2576 2252,2574 2293,2573 2334,2572 2375,2571 2415,2571 2456,2571 2497,2571 2538,2571 2579,2571 2619,2571 2660,2571 2701,2571 2742,2571 2783,2571"/>
                <TextEquiv>
                    <Unicode>hatt Pfister der jung und glaub</Unicode>
                </TextEquiv>
            </TextLine>
            <TextLine id="r3l37" custom="readingOrder {index:36;}">
                <Coords points="1976,2665 2264,2660 2403,2627 2608,2667 2667,2631 2771,2640 2769,2589 2636,2600 2540,2571 2452,2607 2357,2587 2328,2611 2239,2577 2165,2624 2069,2582 1974,2609"/>
                <Baseline points="1982,2657 2021,2653 2060,2651 2099,2648 2138,2644 2177,2641 2216,2638 2256,2636 2295,2634 2334,2631 2373,2629 2412,2627 2451,2625 2490,2625 2530,2624 2569,2624 2608,2624 2647,2625 2686,2625 2725,2627 2765,2630"/>
                <TextEquiv>
                    <Unicode>brunners sampt anden gung </Unicode>
                </TextEquiv>
            </TextLine>
            <TextLine id="r3l38" custom="readingOrder {index:37;}">
                <Coords points="1978,2744 2122,2718 2220,2744 2271,2707 2354,2758 2439,2768 2488,2741 2662,2739 2741,2694 2804,2709 2803,2659 1976,2665"/>
                <Baseline points="1983,2726 2023,2718 2064,2712 2105,2707 2146,2702 2186,2700 2227,2697 2268,2696 2309,2694 2349,2694 2390,2694 2431,2694 2472,2694 2512,2694 2553,2695 2594,2696 2635,2696 2675,2696 2716,2696 2757,2696 2798,2696"/>
                <TextEquiv>
                    <Unicode>freben uff 11 januarii in</Unicode>
                </TextEquiv>
            </TextLine>
            <TextLine id="r3l39" custom="readingOrder {index:38;}">
                <Coords points="2009,2811 2053,2804 2102,2815 2158,2776 2232,2799 2295,2774 2313,2783 2355,2760 2352,2720 2302,2726 2287,2739 2251,2729 2222,2744 2177,2733 2004,2747"/>
                <Baseline points="2012,2784 2038,2788 2064,2790 2090,2790 2116,2790 2142,2788 2168,2784 2194,2781 2220,2778 2246,2774 2272,2771 2298,2769 2324,2768 2351,2769"/>
                <TextEquiv>
                    <Unicode>15531. jare</Unicode>
                </TextEquiv>
            </TextLine>
            <TextEquiv>
                <Unicode>41 lb
zu Weisser das bis gut vill per
unnd fründtleten ✳ der jung
bescherben ✳ unnd angnomen̄ ✳ zist₎
Hansen Gryffen der stein hauw
vnnd Hans Hopffen, benen
jungen ✳ unnd mitt nammer
so soll gemeltter Hans Briff
den Hansen hapffenn, das handt
danck ✳ des stein hauwers Werch
mitt flissen vnnd erst fernen
unnd vnnder wysenn ✳ unnd ime
Bemie sein heimlicken eydt
hinder halttenn ✳ noch verschwigen 
sunders des woll in muglich
vnnd er desse berichte auch
Vnnderrechten vnd vnder Ersten
die zitt lang namlich vier
Lans, so er 169 im bliben
und diesen soll ✳ unnd alles das
so in beyssen ✳ und anstellen Virg
soll er in ghorsam sein vnd
flissig uff stehen lan ✳ die es
des handsbecks bruch recht
und gwon heitt ist ✳ unnd
darbi so soll er Hans Griff
disem Hans Zapfff Alle ja
darzu aber die sin jar lan
als vill als in fr unnd soll
aber Hans Zapfft Ihme alle dis
das das hand vberck ✳ antrifft
gehorsam̄ ✳ unnd willig sein s ain
Im vett des trincken vnd
lißen versachten, als er ader
tin derst sonder freundt festes
hatt Pfister der jung und glaub
brunners sampt anden gung 
freben uff 11 januarii in
15531. jare</Unicode>
            </TextEquiv>
        </TextRegion>
    </Page>
</PcGts>
