2481 3308
540 173 1253 463 Gottes willen: wo sy nüt Inne pres
512 270 1264 519 doch ine Wyb undt Kindern XXX
538 332 1267 582 undt ine hilfschichen wellindt, doch
542 421 1269 647 niemal nit wytres XXX biß inß XXX
509 461 1265 730 In erhaltung das eigendtlich erforscht
529 542 1248 768 werden obs frömbdts volck syn, u den
537 607 622 681 nit.
643 628 1250 820 Dazwüschen aber habindt
509 664 1258 894 sy von Rychenbach  Peter XXX
535 742 1256 961 den Ratten XXX obsich hinuf ge-
526 826 694 907 schickt.
488 880 1238 1093 Im übrigen dan wil der wüterich
513 965 1240 1137 undt franz nüzit von den Ynbe¬
507 1052 1243 1237 willigung zuo disem uundt wüß.
563 1220 1065 1352 Peter Graf von
594 1319 1258 1446 Schamachtal, und Rychenbach.
709 1556 987 1673 vide insia
463 1632 1204 1757 Diser Wüterich ist den 5. julii 1653
449 1716 1240 1810 syneß Diensts daselbst ohne einiche andere
476 1772 1220 1873 hienor pratendierte ersatzung endstedt
476 1818 1221 1920 undt demnach auf abtrag Costens, undt
468 1883 1166 1983 eine gute Censur Liberirt worden.
428 1977 1239 2105 Hannß Frantz dann, ist auf abtrag Costens,
419 2066 1214 2171 undt eine gute Censur ledig gesproche.
433 2127 758 2207 Actum utsupra.
2226 313 2298 394 35.
1503 394 2158 565 Cristen Wynistorff
1505 475 2296 622 Amman von Oberburg, einsehr alter mann
1450 559 2299 719 Siewol er von langem dahar vilfaltiga
1446 630 2303 789 guttaten von fugl. genoß, hatt jedoch er
1459 695 2316 819 bekendt, daß er sich in den landtsgmeindt
1452 734 2320 865 Sumißwaldt, Huttwyl undt langental,
1457 800 2277 927 befunden, auch selber underschidenliche
1436 863 2339 993 Dorfs gmeinden gehalten, undt in denselben
1464 918 2317 1039 die umbfrag gehalten, undt sich wider fugl.
1452 989 2238 1114 stand bruchen laßen, sunderlich aber
1456 1075 1614 1172 bekenndt.
1338 1156 2326 1315 Erstlich daß er zuo Sumißwaldt auch in den
1456 1240 2268 1358 Pundt geschworen, undt zuo Langental
1460 1278 2333 1431 bÿ: undt gegenwürtig gsin, alß abgeraten
1462 1376 2294 1470 worden, durch Niclauß Löuweneberger,
1460 1438 2285 1560 Weybel Rugsegger, Daniel Küpfer,
1448 1510 2301 1610 Statthalter Berger, undt inne für die
1448 1574 2352 1694 statt zuzüchen, undt die päß zuo verhinderung
1463 1649 2337 1759 vndt versperung der proviant, zeuerlegen,
1461 1716 2313 1825 undt zusperen. Waß aber sy gsinnet, und
1466 1786 2347 1898 bedacht gsin wären, wan die statt von Inen
1457 1858 2316 1974 were yngenommen worden, sige zwar niit
1461 1919 2323 2051 dannos grett worden, er achte aber wol
1468 1990 2353 2109 daß sy ußgerütet, undt zerstört worden werde,
1457 2066 2286 2173 sunsten syn er persöhnlich vor Bern nit
1454 2129 2341 2271 gelegen, sunder synen sohn dahin geschickt.
1354 2351 2342 2504 Zum anderen habe er Hanß Sterche, undt
1406 2422 2337 2564 Hannß Hofman by Oberburg zum allerte
1438 2481 2330 2626 zuo ußgeschoßnen in die Landtsgmeindt
1445 2545 2323 2696 In die wol geschlagen, also daß einer
1451 2610 2259 2759 vnder inen diesach an dhandt nemen
1445 2668 1996 2791 undt verrichten müßen.
2047 2835 2227 2918 Denna
