2481 3308
344 2249 396 2312 11.
657 180 1109 373 Von Frutigen
494 233 1254 517 Jacob Gämbeler hat bekendt
563 369 1266 572 dass er guett, die farbarkeit glouba
578 435 1295 641 den oberkeitlich schreiben miner zwo nid
551 492 1267 705 den selbigen sigunt miner lugenes j
453 573 1279 746 Item alß man im landthus auß¬
566 649 1297 811 gerüfft, daß die jenigen, so eß mit miner
563 700 1304 887 gnädig obrikeiht halten wellindt, ds Hanß
551 768 1275 939 Zuberß huß gan. Die übrig aber
575 849 1290 996 in den stuben verbleiben söllindt
547 927 1290 1087 habe er Gämbbeler drüber gsagt,
543 1004 1280 1161 Es sölle niemandts in deß Zuberß
548 1081 1284 1212 huß gan. Darüber sich vnder die
566 1141 1316 1296 thür gestelt unb die jenig, so sich
568 1219 1286 1362 zur obrikeit syben stellen, uf halten
567 1309 759 1388 wollen.
632 1439 1248 1592 Erkandtnuss der k. R.
467 1559 1265 1710 Sein sach solle alß malefitisch für
567 1670 1283 1786 mghen r undt b trag werden.
509 1738 1280 1874 Sol für ein gmeind der manschafft m
556 1830 1299 1911 abtrag costenß gestelt und mit dem Eidt auf
557 1873 1305 1969 gnadhig von statt und land verniß werden
536 1932 986 2034 Actum 5. july 1653.
643 2083 1098 2227 Peter Fuhrer.
743 2168 939 2244 hat bekent.
515 2211 1303 2367 Nach dem auff einem gwüssen suntag
524 2297 1262 2418 Einß mihrs schryben offendtlich
553 2351 1264 2477 verläsen worden, habe er grett,
541 2392 1309 2539 mein yhren sy grindt us Inen den Landt¬
534 2473 1288 2613 lüten (sale non) Fule schelme
533 2546 1278 2705 wylen sy sy nit habendt wellen
535 2594 1285 2749 helfen mache lassen. Item alß
541 2648 1323 2813 er den 3. juny mit etlichen landtlüts
535 2740 1287 2908 gwüssen geschefften halbe syge er
490 2785 1302 2974 vnder anderen gespräch, In dise vn¬
518 2834 1303 3074 gebürliche aussgebrochen:
479 2947 1219 3132 nacher mülenen gehen wellen etc.
1374 1333 1430 1406 12
2289 311 2366 390 44.
1499 333 2322 494 oberkeidt hege jnen jederzeit der Küllen
1506 411 2304 550 vf: Vndt gleich hernach ein Ober¬
1528 476 2280 603 keidtenhucke inen ire Freiheiten.
1505 531 2320 690 jedoch sye eß trunckner wyß beschachen
1523 601 2092 737 vndt immer von hertzen leidt.
1602 676 2336 883 Erkandtnuß der hrn K. R.
1524 785 2307 969 dem Sachsige alß Malefitzisch lein
1532 888 2293 1042 neyhen S vndt B. geschlagen.
1670 1197 2114 1329 Ulli Zahler
1551 1287 2192 1407 Sunstgenandt Spiner Ulli
1462 1391 2358 1524 hat bekendt Nach dem Veter Kuonen
1562 1483 2351 1587 vndt noch ein anderer hefftig zuo ge¬
1553 1558 2366 1643 rüfft daß ess übel by der gümmenen
1550 1608 2309 1711 brug gangen, möchte er dauf gsagt
1542 1672 2342 1768 haben, mann solte stürmen: Vndt
1539 1737 2353 1829 Wylerß uß Peter Kuni mundt ge
1551 1800 2325 1905 redt, daß neher Rahtsherr Husern
1554 1865 2396 1972 alß domalen geweßner Gusandter, Lug-
1519 1941 1775 2014 en rede.
1607 2056 2361 2212 Erkandtnuß der hrr K. R.
1551 2159 1856 2299 Sie malefizips.
1532 2263 2422 2404 Sol neben abtrag Costenst und abschelerung dese
1556 2327 2416 2438 kundts zur depracation für die gmeind gestelt,
1551 2379 2403 2473 und für 3 monat lang inst Schallenwertk an-
1549 2418 2248 2512 gefeßlet werden. Actum 5. julii 1683.
1497 2571 2392 2716 Im übrig, wiewol die landtlüts von
1557 2669 2428 2785 frutigen inß gmein bekendt, dass sy by
1562 2717 2391 2843 iren vling inß gwatt in Excellentz
1555 2782 2410 2926 hr general von Erlach durch Eyne
1527 2848 2420 2991 matten oder gut zuo lapigen zogen, da immer schadt
1552 2883 2391 3020 in demselbigen zuogefügt undt die fenster
