2481 3308
303 1958 330 2030 1
345 3032 419 3116 .
372 248 472 335 20.
336 1706 523 1813 K. R.
344 2220 431 2297 21
444 3007 501 3089 2.
611 283 1220 479 Bendicht Louper
700 368 1072 507 Vser Kolholt
530 459 1297 703 Hatt sich als verandtwortet: Ess habe
534 518 1268 738 Den weybre Serig
586 628 1220 801 der Gmeind Seedorfs anzezeigen
578 694 1289 857 vil fürs volck Im Thiergarten
1217 717 1319 822 dess
582 747 1309 934 sige Verneinet aber hingeg, daß
568 817 1270 966 in dieselbig geheißen In dieer
577 876 1300 1024 zetehen, vndt aber eignem gwaldt
576 932 1286 1075 Spyß vndt tranck zuozeschaffen,
574 1009 1280 1150 Antreffend aber die wacht zuo
553 1077 1292 1211 Frienischberg, habe der weybel
571 1163 1322 1287 Spring dieselbe angestelt undt täglich
572 1212 1285 1338 biß in 7. oder 8. mann dahin geschickt
572 1299 1304 1400 alda er auch zwen tag verbliben ihm
572 1365 1306 1453 übrig dann könne er nit anred, vndt
566 1404 1331 1536 gestendigsein, daß die wacht bey Pfundts
575 1480 1301 1582 huß zuo Seedorff durch syne anord¬
586 1540 1193 1651 nung aufgestelt worden seye.
556 1681 1274 1795 möchte auf abtrag Costens unndt
566 1769 1273 1866 renonciation deß Pfundts ledige
563 1835 883 1929 gelaßen werden.
550 1866 1295 1988 Ist ebenmäßig auf abtrag Costenß unden
562 1947 1300 2048 gute Census neben einer geltstraff ledig
526 1984 1150 2091 gesprochen Actum 5. juli 1653.
577 2138 1182 2255 Nicklaus von Äps von
724 2211 996 2299 Seedorff.
449 2277 1315 2435 Bekent, Nach dem ein gewüsser Müller
564 2331 1315 2476 von Schüpfen gut huser zuo immerkemme
560 2376 1303 2541 vndt vermeldet, deß vil frömbdts
562 2456 1306 2602 vndt weltscheß volck zuo Arberg
556 2515 1313 2671 vndt vonnoten sye solcheß abzuehalten:
554 2571 1322 2740 seye er auf synen beurlch hin zwar
557 2637 1301 2812 gan Jegistorff gangen gan aufmane
535 2688 1300 2882 eß sye aber daß volck fast alles
546 2730 1319 2942 hinweg gsin, Er aber habe nit gewüst
544 2829 1131 3013 dass es engher volck gsiy
552 2892 1302 3080 möcht inß Schallernwerck auf grunds sy
562 3039 909 3131 erkendt werden.
548 3017 1262 3202 Ist gleichfalß auf abtrag Costens undt
539 3029 1333 3265 er gute Census ... geschworen
1351 1550 1395 1631 2.
1361 2254 1400 2322 3
1369 1884 1405 1938 2
2232 387 2314 476 54.
1562 415 2019 544 Danniel Bauman
1612 511 1925 595 von frutigen
1437 527 2289 722 Ist bekändtlich, daß er wider der gmeindt
1453 629 2325 761 Immer erteilten gwalt zedul zu Huttwyl dem
1448 668 2307 826 fundt, doch nur für sich selbs und nit füer
1463 732 2295 843 die gmeindt geschworen, und mit dem usegen
1455 779 2318 901 tredtren Peter Kuhnen ghulffen ufwigglen
1463 838 2225 964 Aber nit vihl. Actum 6. julii 1653
1369 931 2317 1060 Diser Herman soll uf abtrag costens und eine
1424 1000 2303 1121 geltstraff, ir nach gestaltsamme seiner mitlen
1426 1027 2171 1154 ledig gelßen werden. e dt obsthat
1637 1338 2328 1452 Michel rRychen von frutigen
1539 1460 2291 1564 Hatt bekendt was wider zume züget worden.
1444 1568 2384 1670 Nachdem imme etliche verfürische schrifften zukommen,
1470 1631 2360 1712 habe er druf gredt: Man seche Satzungt wole
1457 1688 2392 1778 welche recht oder unrecht habindt. Namlich ...
1460 1754 2004 1831 und Oberen habindt unrecht.
1460 1843 2375 1946 Item alß er mit dem Stallhalter Willen
1401 1916 2377 2018 gebalget, habe er ime auch under anderen
1439 1974 2343 2071 fürgehalten, worumb er sy die landtlüth so
1436 2033 2368 2125 lang ufgehalten habe, mnghen und oberen habindt
1435 2101 2367 2191 ihrer underthanen schon bihl töden laßen und
1445 2149 2392 2267 seye nun mehr zu Spat ihnen zuhilzt ze kommen
1460 2228 2377 2363 Seye er bekandtlich, daß er zu obgemeltem
1460 2301 2373 2425 statthalter gredt, er halte es alle zyt
1457 2371 2384 2476 mit den herren und nit mit den beueren.
1429 2470 2413 2607 Diser ungebürlich reden aber sygindt die fuhlen faltsch
1435 2537 2354 2637 Inß landt kommne Briefen (deran er alzu nicht
1437 2589 2406 2706 glauben zugesetze) Neben dem trunck en Vrsag
1436 2652 2237 2774 bittet umb gnad und verzyehung
1451 2712 1929 2813 Actum den 6tn julii 1653
1421 2826 2403 2944 soll uf abtrag costens und ein geltstraff, seiner
1427 2878 2066 2969 vermögen nach liberiert werden.
2149 2901 2417 3000 Ich lade
