2481 3308
845 184 1345 435 Danniel Fertig vun Ahberg
782 286 1332 493 Andres Fertig syn sohn.
626 313 1323 584 sind beid von den soldaten gefangen gnomm
697 440 1370 644 worden unn von deßwegen, daß dan
673 508 1373 699 über jnen zugeredte verdrießlichene
692 553 1380 768 minen greüßn iröndt den kopf mit
657 611 1377 822 sageßen abzehaunen unn er ahbr
674 691 1390 881 fertig aber ohne urlaub dach er an
669 759 1380 944 müetig uß dem Kriegsdienst getrid:
639 832 1378 1037 Wylen un die ursachen diser ynzücherung
664 922 1374 1092 sehe gring, und sy durch die langwerig
659 983 1379 1143 gfangenschf. eben gung castigiert
644 1038 1378 1206 Alß hat mhhr. examinator Aarfon
664 1097 1385 1260 sy, uf abtrag erstems für sich selbs
655 1162 1371 1338 ledig gesprochen. Actum 4. july 1653.
538 1235 1147 1381 imo Ist nur der vatter ledig
569 1316 1151 1420 gelaßen worden.
688 1575 1227 1705 Hanß Brentzikofler
788 1648 1075 1735 Von Stettlen
543 1716 1364 1828 Nachdem imme die marter antröüwt worden.
621 1796 1358 1887 hat er bekendt, daß er zwar alhie in der statt
638 1849 1365 1926 by Hanß rahts deß bachmeisters hus an der
627 1905 1371 1991 Schoublatz gaßen gredt. Die sach seye nochnit
639 1959 1366 2043 usgmacht, es werde nit lang vergahn der
627 2008 1362 2106 statt werde in brand gesteckt werden etc. Er sye
630 2060 1377 2148 aber domahlen trunken, und imme solches nich
636 2121 1365 2193 mahlen im sinn und hertzen gsin, wüße auch kein
620 2168 1363 2271 Ursach und vorsager darumb bestellen, sonder
623 2241 1362 2338 habe es für sich selbs, und unbedachtsameren
619 2271 1369 2396 grerdt, Ußert dißen aber seye er nit kunder bern
589 2355 1269 2457 bittet umb gnad und verzychung.
580 2424 1176 2526 Actum den 6t. july. 1653.
577 2499 1362 2638 Sol durch myne hhrn die examinatoren
604 2565 1363 2695 nach irer discretion, mit oder ohne marter
588 2612 1368 2756 examiniert, undt sein Vericht In gen. referio
599 2697 1174 2822 werden. Actum 5. july 1653.
418 2765 1370 2919 Ist erkent. Im fahl er werde mit dem midt er
446 2851 1336 3020 übergeloßen, und ime nüt anderes und by solch sin
428 2804 1354 2976 halten können, das ime den mundt uß unbedachtsam
439 2894 1372 3082 hertzsteckte, soll uferstattung gewohnlichs hendig,
423 2960 1347 3148 undt verspreschung die getangenschf. an im mondt
412 2979 1376 3221 zerechen, auch abtrag costens ledig glaßen werden.
410 3072 1337 3287 Aa et suptio. fecit lade die.
1396 505 1444 567 22.
1393 1270 1526 1376 K. R.
1405 1684 1490 1776 23.
2315 294 2387 383 47.
1634 348 2006 494 Peter Bolets
1501 389 2360 580 Uß der Landtschafft Frutigen, hat be:
1541 449 2314 619 kendt, daß zwar er den auflauf der
1535 500 2340 682 gantzen manschafft der bürt im Schwißen
1562 534 2380 704 nit iren auferlegten wehren gemacht: Eß
1561 593 2350 758 sye aber immer sölches von Jacob Wäfler
1555 659 2328 804 oder aber synen Tochterman, durch einen
1547 730 2190 874 expressien botten beuolchen worden.
1547 795 2347 953 Denne habe er vor etwaß abgelofner
1554 861 2373 1028 zeit bim trunck zum alten venner
1555 901 2357 1073 Züricher gerett wan die fürgesezten
1546 962 2384 1096 nit wellen zur sach tun, So müssen wol
1551 1019 2376 1157 sy anderen darzuo thuen. Syge aber
1553 1068 2407 1221 daß ein und ander trunckner wyß beschechen
1556 1195 2407 1333 Möchte auf ein Censur undt abtrag Costens
1556 1284 2397 1387 neben abschwerung deß pundts, so er den
1549 1326 2215 1462 angenomen, ledig gelaßen werden.
1509 1392 2432 1531 Item auf abtrag costenß und ein censur mit
1546 1446 2454 1570 vorbethalt einer geltstroff liberiert actu
1561 1535 1733 1628 vorstadt.
1672 1623 2118 1733 Beath im Hof
1560 1694 2064 1795 zud Wielißwyl.
1580 1777 2403 1881 hat bekendt, daß des Zintag abendts, vndt
1590 1853 2453 1937 druf gevolgten mitwochen morgendts früy
1569 1906 2438 2001 bricht kommen, daß vil frömbdts volck byden
1575 1961 2431 2062 Gümmenen brug undt Meyer Spring daselbst
1572 2015 2406 2123 yntasye, da habe deß weybels knecht
1562 2080 2457 2183 zuo Buchse zum anderen mahl by der horschafft
1563 2139 2406 2241 buß aufbotten nach Buche ze züchen ungeacht
1562 2190 2446 2306 aber signidt die Völcker biß gan Särißwyl
1555 2253 2419 2376 geruckt, vndt also darüberhin von einem
1556 2323 2374 2439 gwüßen alten unbekanten mann daselbst
1551 2391 2395 2494 über Tisch gerett worden, eß brünne,
1557 2453 2414 2565 manschlage ein anderen zuo Godt, der
1562 2500 2412 2641 meyer Spring sye yntan etc. Sigind etliche,
1569 2552 2395 2691 undt er Im Hof, umb erkundigung der
1564 2623 2454 2740 warheit nach Gümmenen geschickt worden
1556 2680 2399 2827 alda sy den Meyer Spring antroffen,
1565 2730 2411 2890 undt den handel nit also, wie fürgeben
1560 2809 2416 2958 worden, befunden, sunderß vom Spring
