2481 3308
535 196 1288 510 Huttwyl XXX Gemeind namen nach huttwyl ver
554 299 1162 496 reist, unndt wylen noch daselbst sich dass
553 362 1224 570 veranlassten XXX  halb nit verglich
533 409 1192 634 können, undt also baldt darauf nie
532 487 1266 712 Landtgmeinden Langental dahin
522 574 1223 776 auch unseren ghan eren gesanten
527 641 1276 858 angestelt worden, Alß habe er sich auch da
530 722 1196 923 selbiges verfügt, undt derselbigen
512 775 1255 990 theil, aber doch nit volkommen abge:
1193 857 1262 925 zum
527 872 1243 1073 wartet, Sunder auf eingelangten
500 930 1272 1121 beicht, daß ir gen vil frömbdes volck
488 1002 1264 1185 zuozüche, die Ämmentaler dardurch
497 1069 1258 1250 mit faulen undt Schwert zeuerirh,
496 1140 1254 1308 sich sohntag abendts uß beuelch der
486 1227 1261 1391 fürgesezte, undt ußschützen daselbst
497 1274 1217 1434 nach huß begeben, umb allerhand
476 1343 1221 1507 notwendige wachten, dargegen uff:
470 1435 658 1521 zustellen.
848 1448 1240 1579 Nach diser synen ab:
476 1523 1234 1648 weiß aber, sige imme von Langental
469 1572 1240 1722 her bericht yngelanget, daß daselbst
471 1650 1148 1754 beschloßen, undt abgerett worden,
1148 1682 1215 1769 Im
449 1729 1216 1835 fahl dise frömbd titulierende völ:
458 1802 1192 1915 ker aufbrechen werdindt, Man
464 1870 1212 1984 aller arten stiimen, und zum an:
436 1938 1226 2054 zug ufmanen sölle. Disem zuo voly
440 2025 1230 2108 nun, habe man auf empfangner beicht
440 2078 1211 2190 undt vilfaltige Posten, daß frömbt
417 2149 1193 2260 volck Im Landt, undt anzug, syn hin,
414 2218 1199 2329 undt für, wüße aber nit durch wär,
422 2293 1236 2397 undt außwelche sin beurlch, gestürmbd
409 2364 1201 2474 worden, Also daß man daruf gegen
401 2427 1190 2557 die Statt gezogen: Doch sygindt
403 2506 1195 2625 sy nit die ersten, sunder die Landt:
337 2577 1188 2701 grichten von Konolfingen, don fiere
318 2649 1170 2786 tag vor inen im läger by Muhri
341 2778 485 2855 gsin.
346 2805 1181 2950 Demnach syn Er ein houptman über
331 2869 1164 3019 Die fahnen von Langnoue, undt
2238 355 2303 440 37.
1429 395 2231 524 einer von den verordneten Kriegs Rähten
1435 470 2289 589 vor der stattalhie gsin, da zwar in synen
1437 525 2277 657 bysin ein rahtschlag ergangen, daß sy söl:
1447 581 2280 699 lindt, zuo desto lichteren, und kum blicheren
1438 636 2291 743 erlang: und außherbringung irer praeten.
1434 680 2239 812 hiecenden gworsammen undt heniheiten
1446 748 2226 857 sich der pässen undt Brugg, umb die
1430 809 2307 923 statt herumb bemächtig, und kein proviant
1432 847 2231 980 in die statt hinyn laßen jedoch die
1859 919 2258 1017 Zuo disem Endt
1438 930 1858 1044 statt nit angreiffen.
1433 996 2267 1103 dann Lienhardt Glanzman von Kauflin
1437 1063 2264 1178 mit synen compagney gegen der neuen:
1430 1125 2282 1235 brug commandiert worden, mit beurlch
1427 1182 2320 1298 oben im holz einfaltig still zehalten, undt de
1439 1242 2310 1362 paß also zeuerlegen, undt nit wie beschechn
1436 1319 2321 1420 anzuogriffen waß aber im läger
1436 1373 2275 1469 in der Schoßhallden für vernere an:
1452 1438 2300 1544 hleg ergangn, möge er nit wüßen, wyl
1437 1501 2290 1608 er nit by allen, sunder nach angekünten
1425 1573 2261 1670 friden auffem wäg gsin mit W. mus:
1430 1642 2236 1730 quetierenen in den Thiergarten ze:
1445 1696 2310 1802 gehen, die wachten daselbst zu besichtigen,
1434 1752 2291 1868 undt die sich auch daselbst befundnen Buchi
1437 1828 2337 1954 berger, undt soloturnern abzuo den hlg.
1418 1882 2250 1973 Nach dem aber by Ortschwaben Imme
1425 1955 2275 2046 bricht yngelanget, daß man by den
1428 2004 2292 2106 Newenbrug starck Schommtiere vnd
1437 2067 2246 2168 der Houptman Glanzman bereits in
1424 2135 2218 2262 den Arm verwundt, deßweg von
1424 2195 2252 2311 nöten daß er sich zruck an deß ver-
1425 2255 2281 2393 wunten statt begegen, alß syn er drüb
1422 2324 2303 2467 daselbsthin gmarschiert, undt an Stat deß
1404 2403 1964 2505 houptmanß comandiert.
1372 2510 2287 2633 Daß aber er gewüst, daß by veranlasetem
1415 2575 2296 2674 friden, die beide Stett Kronne, unndt
1424 2635 2240 2749 Brugg belägeret worden, syn imme nit
1400 2697 2295 2820 In wüßen: Aber wol in früsch gedachtniß
1405 2749 2281 2884 Daß vor disem läger auf dem muhri
1417 2812 2267 2947 veldt, undt daherumb kein Kriegs Raht
1420 2866 2247 2992 gehalten, und nüt dätlicheß wider die
1382 2927 1982 3033 Statt Bern angesech worden.
