2481 3308
510 205 1258 498 Nach diser allen habind die Entlibucher
514 302 1237 533 Crafft ires fulen zuosamen geschworen
507 371 1242 581 unndt, irer hilf von 10000. Mannen
514 436 1245 633 begerdt darüber er zuo einem führen
500 498 1262 691 weider synen willen durch daß mehr ver:
492 550 819 664 ordnet worden.
456 621 1240 862 Im übrig den, sye er auch anerd XXX
485 742 1271 918 bekandtlich, daß er auch synes Consens
474 790 1243 960 zue dem zue Rauflue in daß vilge:
465 861 1258 1025 Daten Glanzmanß huß, außgefertigten
481 926 1232 1081 an mein ghl sub dato 23. maii 1653.
482 981 1258 1138 Dirigierte: Jahr drüzigen schryben, dar:
473 1053 1244 1189 durcher syne gnedige Oberkeit dem
475 1108 1229 1254 Gottlosen Maroni verglich, und von:
481 1187 1233 1323 verschulter wyß, alß hochbrächtige, undt
461 1236 1227 1377 gwalttättige für daß jüngte Gricht
456 1298 1216 1436 geladen wirt. Antreffend aber
457 1389 1245 1507 daß innigeschreiben, so datiert den 22
454 1458 1229 1576 Maii 1633. darin gemuldet, daß der
439 1525 1231 1659 Obman Loüwenberger, und die Laßschütz
445 1609 1189 1709 myner ghn syner auch hochen natürlich
452 1661 1223 1783 von Gott gegebnen Oberkeidt, die genz:
457 1738 1215 1846 liche ußrüttung, undt vertilgung alß
446 1796 1224 1909 dem findt, angetröümert p. Könne
437 1858 1207 1969 er nit bekandtlichsein sölches abgerahln,
445 1935 1236 2032 undt gutgeheiß ze haben, Inn bedencken
418 1997 1221 2093 Er domalen, undt andere mahl mehr
438 2054 1239 2163 nit by den rahtschleg gsin. Leüwerß
441 2115 1244 2218 aber vengldet, das er sein schreiben umpaßtiens der p
467 2174 732 2249 XXX befertiget
293 2186 1204 2304 sudtlichen dan syn imr auch nit duneen
435 2255 1183 2374 Waß zur Rauflena In Lienhardt
416 2318 1201 2434 Glanzmans huß den gemelta Löuwen
414 2376 1222 2482 berger mit deß her ambassatoren
403 2438 1194 2576 zuo Soloturn Decretario Baron
404 2516 1201 2629 conferiert, undt synem her zuoschryben
400 2567 1208 2694 laßen? Undt ob von demselbig der
376 2637 1154 2765 Löuwenbergisch etwaß hilfe ver:
394 2684 1228 2828 sprochen worden? Doch aber habind sy nd
399 2733 1211 2892 ein anderen daruon geredt, wann etwas
370 2852 880 2969 der gleichen geschächen were.
181 2900 1209 3078 Ist der 28. junii von mighe R. und B. erkent worden,
220 2971 1194 3140 das er Küpfer sölle benordtist geköpft, hernach
245 2988 1238 3221 gevierteilet, der kopf mit einem viertel uffdis
234 3066 1196 3263 gachgricht und hernach die übrig 3 viertel zu
308 3094 1228 3305 signau, huttwil, und ranzta ufgehockt u
2268 323 2340 406 39.
1505 359 2225 541 Befindniiß der Herren
1584 481 1980 581 Examinatoren.
1360 524 2362 710 Dß iewol vorgesagter Maleficant Küpfer
1483 599 2341 740 nit bekandtlich sein wollen, synem consens
1478 659 2361 797 undt Raht ino den angedüten an mein ghen
1480 715 2322 866 durch den obman, und gmeine usschüh di:
1470 764 2304 907 nigierte Schryben, dardlich sy ire letste
1472 821 2343 959 intention, namblich mein ghen volkommen:
1481 872 2331 1037 lich außzurüten und zeuertilg, endlecht,
1463 940 2315 1091 Syn jedoch inne, alß einem ußahus sölches
1471 1004 2356 1129 auch gar wol zus attribuieren, in bedencken
1488 1062 2351 1181 der Löwenberger nit absolut Sunder
1484 1121 2341 1263 schuldig gsin alle schryben der Bußfer:
1473 1198 2306 1315 ligung den ußschüzen fürlösen, undt von
1451 1268 2340 1373 ines pahsieren zelaßen, für das einte: für das
1453 1338 2340 1433 andere dann, das er Küpfer solchen anschlag by
1436 1390 2337 1499 Hertzogenbuchse begert zu executieren, undt
1460 1458 1797 1558 hiemit approbiert.
