2481 3308
476 296 1234 520 XXX XXX XXX XXX, XXX
510 353 1266 593 willen, XXX XXX XXX
464 399 1252 640 Eidt nim der XXX XXX XXX
496 474 1278 726 undt in derselbig die XXX gefelter,
507 533 1234 747 daß erhech den vunde
511 624 1237 804 wöllind, sich erlüteren, die anderen
503 657 1014 823 aber abtredten söllindt
360 767 1215 1015 Mehr habe in auch die zur Oberburg ge:
484 897 1215 1066 haltnen Gmeinden auf yngelangte
496 947 1241 1108 bottschafften ussem Emmetal angestelt
476 998 1241 1186 undt drüber die wachten bim Brügli
493 1069 960 1186 nacher Bärn versichen.
456 1130 1229 1319 Item Alß die Landtlüt für er yu
480 1230 1228 1375 statt Bern gezogen, syge er wyni
476 1283 1200 1428 storff zuo Pferdt nacher Krochtal
477 1359 1244 1475 komen unndt habe daselbst auf gemandt
460 1409 1256 1533 für die statt Bern zuzüchen. Nachden
468 1497 1187 1587 aber mynnen ghirn völckern von
452 1538 1221 1657 Bern ußgezogen, habe er ein schryber
459 1607 1257 1717 an den aman in Krochtal abgehen, und ine
465 1681 1221 1794 vermanen laß, die Kronchtaler nach
450 1752 1052 1855 Hindelbanck mach zezüchen.
374 1853 1196 1988 Ihm übrigen dan habe er nit allein
447 1952 1170 2030 die wachten an underschidenlich orten
443 2007 1172 2119 ufgestelt, Sunders auch mehrteils diser
426 2073 1204 2190 aufrürisch wider die oberkeit angeseh
422 2143 1223 2257 geweßnen handel einzig, theils aber
425 2200 1204 2324 auch mit zuotag Hanß Sterchiß, undt
410 2254 1231 2386 Michel Grabers, umb Oberburg hennen
418 2367 590 2465 gefürt.
409 2424 1203 2581 Vndt ist diser letten zwey punckten
338 2505 1182 2635 halb von underschidenlich persohnen
381 2576 1168 2698 Information aufgenomen, undt be:
739 2621 1214 2737 Actum 17. undt 18.
384 2662 718 2783 züget worden,.
343 2733 693 2842 junii 1653.
312 2763 1186 2943 Ist allein mundtlich examiniert worde,
372 2849 1047 2992 weg syner lybs indisposition.
370 2859 1253 3053 Endtlich habe er auch ungracht daß herren schstbeüelich
375 2934 1227 3095 in ablegung syneß überwehrts, ungehorsam
371 2982 1224 3158 gestelt, undt noch darzuo andere daß unts auch
379 3111 735 3192 abmanen wellen.
358 3052 1202 3254 Ist köpft, undt der kopf auf den galgen geseßet
367 3163 978 3284 worden Actum 28. junii 1653.
2231 334 2291 395 36
1532 369 2191 562 Daniel Küpfer von
1512 451 2240 611 Langnouw, So vor 12 Jahren
1558 517 2164 665 auchschon Ein aufruhrer gsin
1358 604 2262 781 Hat ussert, undt an der marter, über und
1411 637 2337 840 schidenliche an inne alß einen Houptman, undt
1425 710 2296 883 gewäßeen Kriegs-Raht undt außgeschoß:
1412 764 2261 928 en den Rebellischen Rott, bekandt, undt
1427 850 1999 982 erzelt, wie hernach volget:
1377 949 2304 1109 Daß zwar er bin anfang daß unzuoläß:
1429 1031 2303 1147 lichen, wider gmeinen Eidtgnoßen Rächt
1423 1072 2249 1204 undt gerechtigkeit Stryttenden Bundts,
1435 1147 2265 1292 nit gsin, undt daruon nüzit gewüst, biß
1430 1203 2298 1337 derselbige ime zuo Sumiswald vorgeläsen
1436 1284 2242 1383 worden, welch er ime drüber auch be:
1431 1354 2241 1450 lieben laßen, undt darzuo geschworen:
1397 1414 2294 1519 insunderer betrachtung, daß derselbige
1427 1468 2256 1575 syner gnedig hochen oberkeit habendt
1416 1529 2338 1638 Gerecht: undt herligkeiten, unnachteilig,
1426 1596 2296 1705 undt allein dafür gerichtet, daß Gottes
1436 1653 2301 1783 wort undt er aber underthanen Freiheiten
1428 1716 2349 1840 geschüzt, undt gehandhabet, undt darwider
1428 1791 1919 1902 niit gehandlet wurde.
1382 1896 2295 2059 Darueber habe er sich zwar In 4. und:
1421 2002 2316 2145 schidenlichen Landtsgmeinden befende,
1432 2081 2300 2189 sige aber anfeuchlich wider synen willen
1419 2129 2298 2263 In die Landts gmeind zuo Langnouwe
1433 2205 2245 2325 durch die zwen Brüeder Christen
1419 2258 2304 2408 undt Jost Augspieg derselbst, anderst
1425 2318 2366 2449 gutt die bösen geister, durch ir antröümd
1389 2382 2293 2523 tes wydlen, undt zöümen gezwungen;
1408 2454 2283 2601 hernach von einer gantzen gmeindt, alß
1400 2521 2310 2673 einen außgeschoßnen, gan Surmißwaldt
1411 2586 2311 2731 generet worden, In welchem namen
1422 2659 2328 2819 Er disen kraftt: undt heilosen Pundt
1427 2718 2279 2885 derselbst geschworen: Nach disem sige
1428 2824 2306 2958 er vernenß auch wider synen willen In
