2481 3308
455 218 1301 524 Zuo angehörter belegung, und besatzung der
507 313 1269 551 Päsen, habind ig mit den Landteigten
559 375 1254 587 verstendt ghan, sunderlich aber
548 430 1275 674 mit denen wos conolfing, XXX
530 510 1257 715 quantitet, undt anfal zur Muhr
522 596 1275 792 ynquartiert gsin: Die übrige des
513 649 1288 860 Landtgricht aber, habend ire
516 723 1285 939 Sachen, gegen Iren Löuwenbergischen
523 791 1253 972 Corpo, durch gwüße, ime unbe:
519 858 1276 1047 kante usschätz verrichtet, und zu
513 928 1280 1137 dem unndt geschworen: Doch aber
499 999 1214 1170 berüffte er sich uff Iren gewäßnen
506 1083 1237 1256 Obman Clauß Löuwenberg, der
498 1152 1277 1317 alle die jenig, so disen kundt angenem
497 1216 1272 1396 undt darzuo geschworen, auf erzeichnet
475 1280 1234 1438 da jederzeit observiert werden söllen,
494 1349 1240 1494 daß keiner in den kundt yng für
497 1410 1249 1552 den anderen, yngeschribe werde, Er
462 1482 1228 1623 habe dan von denselbig volkommen,
483 1544 1270 1699 undt gnugsammen gwaldt fürgewisen;
454 1627 1254 1762 So habe der weybel Seingeno Schüp
473 1699 1218 1827 auch mit dem Löuwenberg, und syne
443 1762 1243 1893 Rähten corespondens gehabt. Dan,
458 1828 1240 1946 alß deß tagt, da er uß eignen, und fryen
453 1906 1219 2009 willen (wie imme der löüwenberg
460 1967 1209 2081 under mundt erhalten) gegen dem
437 2037 1215 2147 Thiergarten gehen wellen, aber sich by
440 2099 1200 2213 der Newenburg im comando selbiger
427 2180 1193 2287 Soldaten wider die unserigen aufge:
427 2251 1169 2348 halten, sye underwäg ime by
416 2303 1193 2419 Kölligkofen disen weybel Schring
407 2355 1188 2501 begegnet, vermeldende, zuo dem
407 2448 1200 2542 Obman Clauß Löüwenberger zugehen:
406 2499 1208 2617 derselbige weybel sige auch deßelbig
403 2563 1228 2700 tags widerumb zuo rnsk, undt by der
394 2624 1223 2749 Neuenbrug fürübergangen, undt
382 2679 1225 2838 habe imme uß beurlch deß Löüwenbergs
377 2759 1222 2893 den erfolgten friden verkündt. Nach
369 2823 1219 2988 welichen spring synen wäg widerumb
365 2875 1217 3068 nachen Tiergarten genommen: Er Küpfer
2241 356 2322 417 38.
1430 371 2295 502 aber also bald zuo den unserig an die neuen:
1444 459 2218 550 burg einen donnerschlag umb den
1432 491 2312 622 feinden, undt stillstand deß chaupfenschießenß
1430 547 2313 651 auß den Stucken, verschickt. Wiewol
1437 600 2271 704 aber er mit synen völckeren drüber ab:
1414 655 2292 793 zezüchen begendt, habe jedoch er, wegen daß
1435 705 2316 838 continuierlich Tancerschiesanß, nit könen,
1445 758 2306 882 Zunder mit dem Schanzen continuieren
1440 852 1567 954 müßen.
1383 940 2283 1075 Denne hat er bekendt, daß by etlich Raht.
1443 1019 2211 1148 selbigen sich auch befunden habind Niclauß
1439 1089 2265 1201 Fieß Amman zuo Wichtorff, Hanß Ärnj
1446 1129 2286 1259 Seckeler zuo Hilterfingen. Unnötig
1438 1202 2301 1322 die übrigen wol bekanten Räht zemelden.
1424 1324 2186 1459 Sosyn nach publiciertem friden zuo
1412 1416 2295 1525 Stanflü in synem bysyn, in Lienhardt
1433 1474 2289 1568 Glanzmans huß ein schryben durch inne
1434 1531 2291 1645 Küpfer selbs underschriben, an myne ghl,
1431 1592 2291 1706 abgezahlen worden, daß man nit schuldig
1452 1667 2268 1757 sölle, biß der fridens tractat außherge:
1437 1719 2263 1835 liferet, die Gfangnen loß geben, undt
1430 1785 2288 1892 die weltschen Völcker abgeschaffet sin
1431 1849 2329 1939 werdind? Dochwelleer noch hernach gehaltig uered
1411 1907 2321 2003 undt wen man inen nit alles geben werde Ine findt zuo.
1367 1966 2287 2053 Item hat er bekendt, daß er underem dato
1361 2034 2264 2130 27. maii Niclauß Rohl dem Aman zuo
1415 2092 2298 2192 Höchstatten ein Schryben mit synem pitschier
1428 2152 2326 2257 verwandt zuogeschickt, undt dardurch die
1408 2207 2069 2322 Oberländ zuo hilf ufgemandt.
1366 2316 2296 2428 Wyters, wiewol Clauß Löuwenberger
1430 2390 2269 2509 auf deß her generalen von Erbach gen
1416 2452 2267 2579 herzogenbuche überschicktes schryben, be
1416 2516 2307 2623 gendt daselbst mit den völckeren ab: undt
1431 2564 2315 2688 nach huß zu marschieren, hat jedoch er
1410 2626 2266 2757 (wie Löuwenberger imme underß gsicht
1418 2689 2256 2806 erhalten) nebend anderen mehr sich dahin
1420 2746 2250 2862 nit begnemben wöllen, sunders wer:
1424 2821 2274 2944 ners daselbst; doch nit biß zuo dem daselbst
1408 2875 2081 2981 vergangnen blutig scharmutz gehalten.
1823 2948 1935 3017 Dan de
1316 2929 2272 3067 Daby laens nrüwenb puneconcinciert, das er den ersten
1427 3020 2215 3105 ehntschlag darzu geben ,und vermeldet, er wölle
2069 3090 2229 3174 t supru
