2481 3308
429 181 528 250 13.
702 218 1185 390 Peter Graf von
732 304 1032 430 Rychenbach
584 334 1355 595 Ist anlagt worden, daß er zue Rychen:
617 442 1099 569 bach bruolchen ze stürmen.
658 507 872 585 uder sich
546 474 1348 716 Jnnen am Gwandt mit einer Partysanen
607 594 1332 776 erzeigt, daß volck uber die ahnen ge:
610 661 1351 819 mandt, hin: und han aufgewiglet, undt
595 721 1345 882 gesprochen mann müße sächen ob die herren,
598 793 1352 944 oder Buren Recht habind, undt den un:
603 861 1365 1007 recht habenden auf die Oren geben: Item
593 921 1341 1055 Hannß von Känel, undt den venner von
609 989 1357 1137 Mouß verrächter genambset und gsagt
606 1070 1359 1193 daß sy den Landtlüten In irer Gesandt:
603 1136 1339 1260 schafft nach Bern, und Wynigen by 22.
619 1199 1340 1327 oder 23. t verfräßen: doch nüt außge:
602 1271 1352 1397 richt: Item sy habind müt dan luge:
618 1335 1333 1466 nen inß landt gebracht: Peter
584 1399 1338 1528 kuonen aber frage die wacheit
598 1471 884 1583 Inß Landt.
566 1581 1366 1713 Hat sich darüber also verandtwortet:
538 1738 1338 1847 Entlich sye er anred, undt bekandtlich
598 1831 1332 1941 daß er zuo Rychigenbach den weybel
601 1902 1357 2005 Känel geheißen stürmen, sye aber daumb
607 1949 1333 2080 geschechen, Wylen Hannß Wüeterich
609 2005 1360 2129 Schaffner zuo Bäche, undt Hanß Frantz
596 2076 1330 2219 zuo Hilterfingen, auß beuelch statt:
593 2145 1349 2274 halter Verliß, vol Hilterfingen, und
606 2195 1303 2330 seckelmeister Aniß von Hilter:
593 2234 1368 2417 fingen bricht bracht, daß vil ferämbdts
589 2318 1366 2475 volcke im landt daßwegen begerdt
594 2377 1342 2557 daß man zur hilf einmal auf sye,
584 2466 1337 2618 undt biß inß Gwatt zühe, in er:
590 2516 1353 2693 wartung daß erfahren werde, ob es
570 2581 1361 2760 frömb volck sy oder nit? daselbst ze:
574 2633 1369 2852 halten daruf dan er auch auß Gwatt
573 2733 1364 2912 commandiert worden, Er habe aber
579 2774 1373 3012 anklagtermaß, daselbst ein mandts
2311 204 2389 267 53.
1484 261 2404 493 über die ahnen gefürt, auch nit getrönet
1508 408 1931 558 auf die ohren zgeben
1485 465 2327 698 Denne gloube zwar er wol, daß er
1521 539 2262 729 den Peter von Känel verrähter
1521 565 2383 799 genambset wylen er wegen deß frömbden
1519 637 2335 844 vermeinten volcks, über sein aufenre:
1523 712 2329 898 cken nit aufstehen wöllen. In an:
1514 759 2294 959 derem verstandt aber sye es nit be:
1524 836 2321 1002 schechen, deß übrigen dan sye er auch
1524 949 1769 1066 bekandtlich.
1402 938 2398 1124 Ist auf abtrag costenß und eine gute censur liberiert
1393 1012 2367 1181 jedoch mit disem außtruckenlichen vorbehalt, fahls eß
1407 1062 2387 1212 sicher funde, die jenigen ab imme geclagten wort gerett, und
1395 1115 2441 1287 getröüwt ze haben, daß er denzmalen, auch ehr: und wehrloß
1392 1160 2369 1312 erkendt sein, undt Imme ein ohr abgeschnitten werden sölle.
1405 1260 1731 1359 Actum 5. July 1653.
1606 1291 2439 1436 Hanß Brentzikofler us Stettlen
1668 1389 2233 1495 ein schumacher, welcher
1683 1451 2221 1531 bereits schon 4 wochen in
1716 1505 2154 1596 der gfangenschf. gsin.
1527 1594 2434 1707 hatt frey unnd bekendt, daß er ja, doch
1549 1662 2404 1773 gantz trunknerwys gredt: Die sach
1538 1726 2439 1822 seye noch nit usgmacht: Es werde nit
1557 1797 2436 1899 ang gahn die statt werde in brandt
1556 1860 1927 1963 gesteckt werden.
1527 1943 2456 2067 seye imme hertzlich leid. Bitet deßwegen
1547 2015 2486 2147 umb gnad und verzychung. Sich für diß,
1538 2085 2041 2190 hin beßer feuer halten.
1494 2163 2455 2291 Neben dem aber habe er sich nit vor
1512 2235 2454 2374 d satt begeben, weniger sich anderst woren
1528 2301 1905 2419 zu bruchen laßen.
1520 2372 2487 2557 Actum im Streckethurn den 4. july 1653
1540 2497 2407 2665 It den 5tn july zu vernerer enamination by
1546 2566 2484 2721 betröüwung der mardter oder nach discretion
1537 2612 2323 2792 der herren verordneten, erkendendt worden.
