2481 3308
571 203 1257 474 Im Huss Zansche ... hat doch b¨keinen
576 279 1212 507 des Schütten angeben, oder wüss wöllten
380 694 481 764 4.
628 666 1037 788 Caspar Lüti
644 728 1042 845 von Bätterkinden
440 822 1289 1019 Ist schon hinuon mit übrig Bätterkindnern
572 923 1307 1078 yngelegt vndt bekandtlich gsin, daß er sich
586 968 1297 1131 nebendt anderen auch im Tiergarten be
564 1022 1310 1202 funden vndt were mit denselben liberieren
567 1093 1283 1223 worden, wan nit er in verdacht kommen,
569 1158 1305 1297 ob hette er den her Wundinanten zuo Schü¬
562 1221 1288 1337 pfen hertnen wollen: Vngeacht ver¬
566 1300 1289 1397 neren examinis. hat er anders nit ge
568 1334 1280 1449 stendig sein wellen, so daß er den her
552 1397 1255 1510 gfragt, ob er hert oder lind sige?
557 1508 1283 1630 möcht inß Schallenwerck auf gnadhig
332 1501 516 1612 K. R.
560 1579 910 1648 erkeendt werden.
549 1628 1274 1718 It den 5. july 1653 auf abtrag Costens
548 1681 1199 1779 vndt ein gute Censur Liberiert
582 1756 1072 1990 Geörg Krebs
320 1946 408 2019 15.
578 1948 1175 2033 Ein Tagner in der haldten
597 2002 1052 2089 der kilchöni Belpp.
389 2074 1306 2195 Hat bekendt, Nach den Immer eineß zienstags
532 2134 1293 2239 von synen frouwen anso auß der statt
528 2188 1278 2304 kommen, daß vil frombs volck by der
521 2236 1282 2393 gümmenen brug sye anzeigt, undt gans
498 2291 1295 2435 daruf imme von einem gwüßen man aus..
518 2363 1269 2494 Brandholtz beurlch geben worden, die
515 2428 1288 2568 Völcker zum hilf aufgemanen, haben
516 2486 1282 2635 sich also baldt nacher Belpp vndt
507 2556 1271 2692 daselbst danner über die Ahre gan
505 2611 1268 2736 Rubigen begeben, vndt daselbst dem
494 2661 1285 2802 beurlch nach aufgemannt. Wyterss
493 2716 1313 2871 nach dem moruderst Brudliche Schreye
507 2770 1289 2926 von Oberbalm by sein deß gfangnen huß
495 2835 1320 2977 hürüber gangen, sige er imme schrey
496 2878 1318 3042 nachgeloffen umb zu wüßen wohiy er wolle.
1363 1500 1418 1570 16.
1356 928 1504 1040 K. R.
1350 2191 1513 2321 K: R.
2263 368 2323 425 45
1507 405 2315 498 Alß darüber nun Schreier imme geandtwortet
1514 462 2321 546 daß imme von einem gwüßen mann gutt. Hanß
1532 513 2324 605 deßen Vatter zuo Obenblacken zum huß, Zeit
1531 549 2303 632 ung kommen, daß vil frömbdts volck bis
1537 593 2322 680 der Gümmensbrug sye, welle deßwegn
1528 634 2342 743 gan Ober-Mülleren, daselbst yllendts die
1528 691 2331 801 Völcker zur hilf ufzumanen: Er Krebs
1529 741 2282 849 aber solle gegen Belpp, vndt gleiches
1527 814 1722 909 verrichten.
1526 909 2334 1017 Möcht auf abtrag Costenß, vndt abscherung
1531 973 2191 1072 deß Wundts ledig gelaßen werden.
1534 1040 2304 1147 Ist auch under obigem dato auf abtrag costens
1540 1091 2337 1169 vndt ein gute Censur, mit vorbhalt einer
1546 1134 2349 1222 geltstraff so er mittel hette ehr und wehr
1544 1187 1778 1291 loß erkendt.
1642 1411 2129 1514 Ulli Pfäfli von
1695 1493 1988 1586 Langnouns
1512 1574 2318 1681 Wiewol Ulli Pfälli von Langnous
1539 1662 2304 1741 wegen diseß aufstandts undt rebellion
1540 1713 2295 1788 auch ernstwörtig examiniert worden,
1547 1761 2305 1829 hat Jeden er anders nüt bekennen wollen
1538 1814 2328 1906 Denn daß er sich an der landts gmeind zuo
1548 1872 2327 1957 huttwyl, vndt sunst an keiner anderen,
1553 1926 2379 2027 befunden: Doch aber derselbig endtschafft
1556 1989 1795 2062 nit erwartet.
1835 1994 2366 2085 Ihtem sye er auch von
1546 2048 2318 2147 Herzogenbuchse gsiy, habe aber daselbst
1543 2107 2046 2205 nüt shädtlichß verrichtet
1549 2204 2361 2327 Ist yngestelt biß nach inquisition syner
1566 2267 1686 2334 mitles
1507 2321 2351 2444 Ist auch unde gleichen dato ente abtrag
1544 2399 2381 2510 Costenß vndt einer guten Censur- 100
1544 2453 2299 2539 zur geltstraff selbige auf Michaelis
1534 2509 2311 2592 zuobezalen, wo aber dasselbe nit be-
1551 2566 2374 2650 schöche, sol er deß Landts verwisen werden
