<?xml version="1.0" encoding="UTF-8" standalone="yes"?>
<PcGts xmlns="http://schema.primaresearch.org/PAGE/gts/pagecontent/2013-07-15" xmlns:xsi="http://www.w3.org/2001/XMLSchema-instance" xsi:schemaLocation="http://schema.primaresearch.org/PAGE/gts/pagecontent/2013-07-15 http://schema.primaresearch.org/PAGE/gts/pagecontent/2013-07-15/pagecontent.xsd">
    <Metadata>
        <Creator>prov=University of Rostock/Institute of Mathematics/CITlab|PLANET AI GmbH/Gundram Leifert/gundram.leifert@planet-ai.de:name=Turmbücher Anna Witschi V2(htr_id=27066)::::v=2.6.7
prov=University of Rostock/Institute of Mathematics/CITlab|PLANET AI GmbH/Tobias Gruening/tobias.gruening@planet-ai.de:name=de.uros.citlab.module.baseline2polygon.B2PSeamMultiOriented:v=2.6.7
prov=University of Rostock/Institute of Mathematics/CITlab|PLANET AI GmbH/Gundram Leifert/gundram.leifert@planet-ai.de:name=German_Kurrent_XVI-XVIII_M1(htr_id=19584)::::v=2.6.6
prov=University of Rostock/Institute of Mathematics/CITlab|PLANET AI GmbH/Tobias Gruening/tobias.gruening@planet-ai.de:name=de.uros.citlab.module.baseline2polygon.B2PSeamMultiOriented:v=2.6.6
prov=University of Rostock/Institute of Mathematics/CITlab|PLANET AI GmbH/Tobias Gruening/tobias.gruening@planet-ai.de:name=/net_tf/LA73_249_0mod360.pb:de.uros.citlab.segmentation.CITlab_LA_ML:v=2.6.6
Transkribus</Creator>
        <Created>2020-10-05T21:24:10.851+02:00</Created>
        <LastChange>2022-09-09T15:57:32.446+02:00</LastChange>
        <TranskribusMetadata docId="1334772" pageId="52354691" pageNr="292" tsid="114636288" status="IN_PROGRESS" userId="9570" imgUrl="https://files.transkribus.eu/Get?id=YNLNEFABDWJQRKEDNXQTNPCS&amp;fileType=view" xmlUrl="https://files.transkribus.eu/Get?id=GACUOKYOSVJUIUILWJPQXAXZ" imageId="16091447"/>
    </Metadata>
    <Page imageFilename="B IX 430 1-191024_292.jpg" imageWidth="352" imageHeight="1024">
        <ReadingOrder>
            <OrderedGroup id="ro_1687514081488" caption="Regions reading order">
                <RegionRefIndexed index="0" regionRef="r1"/>
            </OrderedGroup>
        </ReadingOrder>
        <TextRegion orientation="0.0" id="r1" custom="readingOrder {index:0;}">
            <Coords points="59,38 59,949 338,949 338,38"/>
            <TextLine id="r1l1" custom="readingOrder {index:0;}">
                <Coords points="301,71 307,71 310,74 330,74 330,44 323,43 309,44 307,42 301,42"/>
                <Baseline points="306,58 325,58"/>
                <TextEquiv>
                    <Unicode>149</Unicode>
                </TextEquiv>
            </TextLine>
            <TextLine id="r1l2" custom="readingOrder {index:1;}">
                <Coords points="106,104 118,107 133,94 176,99 198,110 214,101 229,106 247,98 257,106 272,102 287,120 299,119 305,118 309,74 273,77 266,84 220,83 206,76 165,77 158,69 135,70 110,60"/>
                <Baseline points="113,87 139,90 166,92 193,94 220,97 247,99 274,101 301,105"/>
                <TextEquiv>
                    <Unicode>f Mentag dem 1xii t</Unicode>
                </TextEquiv>
            </TextLine>
            <TextLine id="r1l3" custom="readingOrder {index:2;}">
                <Coords points="53,118 73,125 116,123 121,129 141,121 155,133 179,129 194,138 234,129 259,145 262,107 247,98 233,110 210,102 193,111 173,109 159,97 98,104 75,87 66,93 56,87"/>
                <Baseline points="59,109 87,111 115,114 143,116 171,118 199,120 227,122 255,124"/>
                <TextEquiv>
                    <Unicode>thornungs im xv liu</Unicode>
                </TextEquiv>
            </TextLine>
            <TextLine id="r1l4" custom="readingOrder {index:3;}">
                <Coords points="67,150 83,158 99,146 135,145 154,162 186,153 223,171 231,165 255,176 280,166 309,181 323,179 327,143 245,148 232,133 189,142 70,123"/>
                <Baseline points="73,140 100,142 127,144 155,147 182,151 210,154 237,157 265,161 292,163 320,165"/>
                <TextEquiv>
                    <Unicode>Ist vom herren Großweybell im</Unicode>
                </TextEquiv>
            </TextLine>
            <TextLine id="r1l5" custom="readingOrder {index:4;}">
                <Coords points="73,176 121,186 167,176 196,198 222,197 242,186 251,194 283,193 307,202 314,182 298,182 282,167 253,176 217,171 194,157 164,164 139,149 75,156"/>
                <Baseline points="79,166 104,167 129,168 155,172 180,175 206,179 231,183 257,186 282,189 308,191"/>
                <TextEquiv>
                    <Unicode>der kestien befragt worden</Unicode>
                </TextEquiv>
            </TextLine>
            <TextLine id="r1l6" custom="readingOrder {index:5;}">
                <Coords points="162,229 185,225 201,242 233,240 248,244 260,236 273,237 275,217 261,213 253,204 214,203 197,209 186,202 175,207 165,205"/>
                <Baseline points="168,217 193,220 218,224 243,228 268,230"/>
                <TextEquiv>
                    <Unicode>inen hoffer</Unicode>
                </TextEquiv>
            </TextLine>
            <TextLine id="r1l7" custom="readingOrder {index:6;} person {offset:0; length:11;} place {offset:16; length:11;}">
                <Coords points="75,271 89,276 109,265 164,286 188,269 228,274 287,301 299,291 323,291 326,267 311,261 298,269 285,254 268,251 222,259 158,243 131,250 81,220"/>
                <Baseline points="82,258 108,261 134,264 161,266 187,269 213,272 240,275 266,277 292,281 319,285"/>
                <TextEquiv>
                    <Unicode>suni hoffer von Schuffhisen</Unicode>
                </TextEquiv>
            </TextLine>
            <TextLine id="r1l8" custom="readingOrder {index:7;} place {offset:8; length:9;}">
                <Coords points="67,300 98,290 111,299 132,295 141,306 153,298 209,314 233,306 283,324 293,316 319,317 322,296 298,292 285,300 247,280 237,288 210,286 197,274 169,284 152,276 136,281 123,268 88,279 71,268"/>
                <Baseline points="74,284 100,287 127,289 154,292 181,295 207,299 234,302 261,306 288,310 315,312"/>
                <TextEquiv>
                    <Unicode>im ampt Burgdorff glägen</Unicode>
                </TextEquiv>
            </TextLine>
            <TextLine id="r1l9" custom="readingOrder {index:8;}">
                <Coords points="73,322 125,322 159,343 174,333 206,338 215,349 234,341 243,352 300,344 302,326 270,324 260,313 242,319 224,309 206,316 174,302 159,309 142,293 76,300"/>
                <Baseline points="79,315 106,316 133,318 160,321 187,325 214,329 241,334 268,337 295,339"/>
                <TextEquiv>
                    <Unicode>gen wägen siner fräffnen</Unicode>
                </TextEquiv>
            </TextLine>
            <TextLine id="r1l10" custom="readingOrder {index:9;}">
                <Coords points="74,346 102,347 121,362 137,354 188,361 202,376 248,367 293,384 303,377 336,384 338,364 319,365 305,349 265,357 231,345 186,345 176,335 154,342 130,327 101,334 92,322 78,323"/>
                <Baseline points="80,341 105,345 130,349 155,352 180,355 206,358 231,362 256,366 281,369 306,372 332,375"/>
                <TextEquiv>
                    <Unicode>um ersten der groben uneristen¬</Unicode>
                </TextEquiv>
            </TextLine>
            <TextLine id="r1l11" custom="readingOrder {index:10;}">
                <Coords points="70,378 85,390 129,380 175,391 271,393 293,403 333,403 335,387 320,378 295,386 275,373 259,380 203,374 191,363 176,372 123,365 73,348"/>
                <Baseline points="76,367 101,372 126,376 151,378 177,382 202,384 227,387 253,390 278,392 303,394 329,396"/>
                <TextEquiv>
                    <Unicode>lichen wortten, die er on allen anlas</Unicode>
                </TextEquiv>
            </TextLine>
            <TextLine id="r1l12" custom="readingOrder {index:11;}">
                <Coords points="68,400 115,404 138,420 160,408 171,423 188,419 197,428 226,416 248,426 324,429 326,412 303,413 269,397 256,406 236,397 217,404 209,394 192,400 155,383 109,390 70,385"/>
                <Baseline points="74,394 101,398 128,402 155,405 182,409 210,412 237,415 264,417 291,420 319,423"/>
                <TextEquiv>
                    <Unicode>eintwilligklich wider den Amman</Unicode>
                </TextEquiv>
            </TextLine>
            <TextLine id="r1l13" custom="readingOrder {index:12;}">
                <Coords points="68,426 105,442 124,434 154,445 169,433 204,442 220,459 255,449 282,465 297,458 321,466 325,432 312,427 286,437 277,426 252,431 212,420 200,428 172,423 161,408 140,419 114,403 71,403"/>
                <Baseline points="73,420 100,422 127,425 154,429 181,433 209,437 236,441 263,444 290,448 318,451"/>
                <TextEquiv>
                    <Unicode>daselbst voog wimerholen ussgossen</Unicode>
                </TextEquiv>
            </TextLine>
            <TextLine id="r1l14" custom="readingOrder {index:13;}">
                <Coords points="66,465 126,458 138,466 165,464 177,480 186,473 228,474 280,484 292,494 311,486 314,471 297,458 273,466 237,451 215,459 177,440 149,448 129,436 104,442 70,434"/>
                <Baseline points="74,447 100,450 126,453 152,458 178,462 204,466 230,471 256,474 282,477 308,478"/>
                <TextEquiv>
                    <Unicode>hab, namlich er wölle von im</Unicode>
                </TextEquiv>
            </TextLine>
            <TextLine id="r1l15" custom="readingOrder {index:14;}">
                <Coords points="73,482 161,492 179,511 219,494 233,505 271,508 293,524 309,524 313,491 285,494 236,475 216,486 197,477 180,480 163,461 139,469 122,459 90,469 76,458"/>
                <Baseline points="79,477 104,479 129,482 154,486 179,489 205,494 230,498 255,501 280,504 306,505"/>
                <TextEquiv>
                    <Unicode>dem amman han das er in</Unicode>
                </TextEquiv>
            </TextLine>
            <TextLine id="r1l16" custom="readingOrder {index:15;}">
                <Coords points="68,526 92,514 117,530 142,521 163,533 177,524 213,525 239,542 260,528 271,539 314,532 315,523 291,508 281,514 231,508 218,494 179,510 165,495 146,501 125,487 112,496 73,485"/>
                <Baseline points="75,504 101,508 127,511 153,515 179,519 205,522 231,525 257,528 283,529 309,530"/>
                <TextEquiv>
                    <Unicode>sine schwyn (mitt züchen preden</Unicode>
                </TextEquiv>
            </TextLine>
            <TextLine id="r1l17" custom="readingOrder {index:16;}">
                <Coords points="64,544 82,546 102,562 142,552 162,556 180,570 191,561 205,563 224,553 226,533 213,524 201,530 186,524 168,525 152,536 137,530 121,536 102,517 85,525 66,525"/>
                <Baseline points="69,536 94,539 119,542 144,546 169,549 194,551 219,552"/>
                <TextEquiv>
                    <Unicode>angschrygt lasse.</Unicode>
                </TextEquiv>
            </TextLine>
            <TextLine id="r1l18" custom="readingOrder {index:17;}">
                <Coords points="65,572 122,579 128,587 163,579 196,587 215,603 237,592 247,605 280,594 333,603 336,578 323,572 265,581 224,563 200,574 188,564 178,571 141,556 101,562 83,549 68,551"/>
                <Baseline points="71,564 96,568 122,572 148,577 174,580 200,583 225,586 251,589 277,591 303,594 329,595"/>
                <TextEquiv>
                    <Unicode>wie als inn miner gädige herren mrt</Unicode>
                </TextEquiv>
            </TextLine>
            <TextLine id="r1l19" custom="readingOrder {index:18;}">
                <Coords points="69,598 140,605 150,614 168,608 187,626 234,615 261,631 279,619 311,637 330,623 342,627 344,610 316,595 248,605 238,593 225,601 188,584 143,591 123,581 71,580"/>
                <Baseline points="75,591 101,595 127,599 153,602 180,606 206,608 232,611 259,614 285,616 311,617 338,620"/>
                <TextEquiv>
                    <Unicode>man umb ein frauell geuertiget</Unicode>
                </TextEquiv>
            </TextLine>
            <TextLine id="r1l20" custom="readingOrder {index:19;}">
                <Coords points="67,625 104,625 111,634 150,634 159,642 185,635 198,649 237,642 263,660 287,649 307,662 339,659 342,628 330,623 311,636 256,619 186,626 176,613 69,603"/>
                <Baseline points="73,616 99,620 125,624 151,628 177,631 204,634 230,636 256,639 282,642 308,644 335,648"/>
                <TextEquiv>
                    <Unicode>unnd inne der gepür nach bescheyde</Unicode>
                </TextEquiv>
            </TextLine>
            <TextLine id="r1l21" custom="readingOrder {index:20;}">
                <Coords points="65,648 105,665 123,656 153,666 182,661 327,677 328,662 270,656 257,641 237,652 214,640 194,649 182,637 151,647 143,637 114,640 67,628"/>
                <Baseline points="70,644 95,649 120,653 145,655 170,658 196,661 221,663 246,664 271,667 296,669 322,672"/>
                <TextEquiv>
                    <Unicode>lich ghallten, daran er vor dem mor¬</Unicode>
                </TextEquiv>
            </TextLine>
            <TextLine id="r1l22" custom="readingOrder {index:21;}">
                <Coords points="63,677 145,682 164,699 191,689 246,705 258,697 307,706 325,697 326,686 301,676 273,678 262,670 215,676 158,660 146,669 123,656 107,666 89,662 78,648 66,650"/>
                <Baseline points="69,669 94,672 119,675 144,678 169,681 194,683 219,686 244,688 269,690 294,693 320,695"/>
                <TextEquiv>
                    <Unicode>bott wol zufryden gwisen er</Unicode>
                </TextEquiv>
            </TextLine>
            <TextLine id="r1l23" custom="readingOrder {index:22;}">
                <Coords points="66,702 88,704 99,717 140,705 154,721 167,712 198,723 264,721 280,735 334,731 337,704 272,708 257,697 241,705 197,693 163,698 147,686 128,692 86,677 68,683"/>
                <Baseline points="72,696 97,699 123,702 149,705 175,708 201,711 226,713 252,715 278,718 304,719 330,720"/>
                <TextEquiv>
                    <Unicode>nach dem imbis von des hanndeer</Unicode>
                </TextEquiv>
            </TextLine>
            <TextLine id="r1l24" custom="readingOrder {index:23;}">
                <Coords points="60,722 90,736 104,726 133,745 155,734 168,742 184,740 186,722 178,717 151,722 141,708 130,716 99,718 85,702 75,709 62,707"/>
                <Baseline points="65,719 93,724 122,729 150,731 179,736"/>
                <TextEquiv>
                    <Unicode>wien angfungen</Unicode>
                </TextEquiv>
            </TextLine>
            <TextLine id="r1l25" custom="readingOrder {index:24;}">
                <Coords points="215,746 244,746 254,750 261,758 274,749 281,757 289,753 313,754 315,730 305,734 287,733 278,722 263,721 251,727 217,724"/>
                <Baseline points="221,739 250,741 279,744 309,746"/>
                <TextEquiv>
                    <Unicode>mner gnädie heren</Unicode>
                </TextEquiv>
            </TextLine>
            <TextLine id="r1l26" custom="readingOrder {index:25;}">
                <Coords points="63,749 97,761 144,762 169,777 201,766 328,774 330,758 206,749 161,735 136,747 103,726 87,740 65,732"/>
                <Baseline points="69,746 94,750 120,753 145,756 171,758 196,760 222,762 247,763 273,765 298,767 324,769"/>
                <TextEquiv>
                    <Unicode>amptman zspägzlen unnd ye meer</Unicode>
                </TextEquiv>
            </TextLine>
            <TextLine id="r1l27" custom="readingOrder {index:26;}">
                <Coords points="69,777 145,792 235,795 254,805 266,795 342,804 344,782 321,775 287,780 273,768 165,776 157,767 139,772 70,752"/>
                <Baseline points="74,771 100,775 126,778 153,781 179,783 206,785 232,787 258,788 285,790 311,790 338,791"/>
                <TextEquiv>
                    <Unicode>s inne eeben büt ablwisen worlen</Unicode>
                </TextEquiv>
            </TextLine>
            <TextLine id="r1l28" custom="readingOrder {index:27;}">
                <Coords points="73,806 92,817 103,808 136,817 160,812 209,830 239,815 336,826 338,804 74,787"/>
                <Baseline points="79,799 104,803 129,805 154,808 180,808 205,810 230,811 256,812 281,814 306,815 332,818"/>
                <TextEquiv>
                    <Unicode>sie gröber er usbrochen unnd über den</Unicode>
                </TextEquiv>
            </TextLine>
            <TextLine id="r1l29" custom="readingOrder {index:28;}">
                <Coords points="64,832 115,834 180,855 198,842 267,850 297,843 314,853 329,850 331,827 230,819 215,830 160,812 127,823 65,808"/>
                <Baseline points="69,824 94,828 120,831 145,833 171,835 197,837 222,838 248,840 273,840 299,840 325,840"/>
                <TextEquiv>
                    <Unicode>Amptman Cri unnd wunden ge¬</Unicode>
                </TextEquiv>
            </TextLine>
            <TextLine id="r1l30" custom="readingOrder {index:29;}">
                <Coords points="75,864 95,866 103,858 121,867 186,865 210,874 245,870 274,877 309,875 323,868 324,855 308,856 294,845 279,853 261,847 247,854 177,854 110,846 98,834 76,836"/>
                <Baseline points="80,849 106,854 132,857 159,860 185,862 212,863 238,863 265,864 291,865 318,865"/>
                <TextEquiv>
                    <Unicode>schworen unnd mitt ungschickter</Unicode>
                </TextEquiv>
            </TextLine>
            <TextLine id="r1l31" custom="readingOrder {index:30;}">
                <Coords points="76,889 138,890 153,903 170,893 317,899 318,877 276,880 245,869 220,879 186,865 155,875 143,866 77,868"/>
                <Baseline points="82,878 107,881 133,884 158,886 184,887 209,888 235,888 260,888 286,889 312,889"/>
                <TextEquiv>
                    <Unicode>wys unnd gebärden uff in ge¬</Unicode>
                </TextEquiv>
            </TextLine>
            <TextLine id="r1l32" custom="readingOrder {index:31;}">
                <Coords points="70,906 97,911 108,922 119,914 149,916 166,929 183,919 239,920 261,931 280,922 291,932 318,921 319,902 300,897 179,902 168,895 162,901 102,894 93,885 71,888"/>
                <Baseline points="75,902 101,907 128,909 154,912 181,913 207,913 234,914 260,914 287,915 314,918"/>
                <TextEquiv>
                    <Unicode>wrungen, ouch meer unnträglicher</Unicode>
                </TextEquiv>
            </TextLine>
            <TextLine id="r1l33" custom="readingOrder {index:32;}">
                <Coords points="71,942 129,954 159,954 169,945 233,946 253,954 262,946 298,945 299,921 277,922 269,930 224,924 167,929 144,916 119,925 93,910 72,916"/>
                <Baseline points="77,927 104,932 131,936 158,938 185,939 212,939 239,938 266,937 294,936"/>
                <TextEquiv>
                    <Unicode>bos anlisige wortt gäben</Unicode>
                </TextEquiv>
            </TextLine>
            <TextEquiv>
                <Unicode>149
f Mentag dem 1xii t
thornungs im xv liu
Ist vom herren Großweybell im
der kestien befragt worden
inen hoffer
suni hoffer von Schuffhisen
im ampt Burgdorff glägen
gen wägen siner fräffnen
um ersten der groben uneristen¬
lichen wortten, die er on allen anlas
eintwilligklich wider den Amman
daselbst voog wimerholen ussgossen
hab, namlich er wölle von im
dem amman han das er in
sine schwyn (mitt züchen preden
angschrygt lasse.
wie als inn miner gädige herren mrt
man umb ein frauell geuertiget
unnd inne der gepür nach bescheyde
lich ghallten, daran er vor dem mor¬
bott wol zufryden gwisen er
nach dem imbis von des hanndeer
wien angfungen
mner gnädie heren
amptman zspägzlen unnd ye meer
s inne eeben büt ablwisen worlen
sie gröber er usbrochen unnd über den
Amptman Cri unnd wunden ge¬
schworen unnd mitt ungschickter
wys unnd gebärden uff in ge¬
wrungen, ouch meer unnträglicher
bos anlisige wortt gäben</Unicode>
            </TextEquiv>
        </TextRegion>
    </Page>
</PcGts>
