340 1024
145 -2 296 39 über antwurdett
26 31 306 67 hatt, bätte er sya sölte sölli
17 49 291 88 nederin bruch so wurde pa in
10 70 317 107 dry oder vir tagenn gsundt unnd
77 93 311 131 sich ietz beclagtte ledig wi
42 113 328 155 sn daruff sy imme antwurdett
14 139 295 175 die wylli sy schwanger were
18 162 180 199 so welte isy en
207 155 325 199 nederin niessen
12 180 315 222 noch bruchen, dan es wäre mit
21 207 305 250 ein fäller gnug, welte nit erst
32 232 296 274 wönm dun, do bätte er mil an
17 249 318 295 yed achtte vrbanna widrumb und
26 284 313 331 präche so syn sölliche nederm¬
16 308 288 355 miessenn wurde, wurdt es in
14 345 274 389 mechtig bschwerenn uff dz
37 374 304 411 en sy welt es dun und
28 391 294 441 gedachtte nedentin bruch
17 420 301 461 daß habe sy aber nit gedann
26 442 317 483 sunders sin sölliche sin nie den
22 465 309 515 sein ußgeschidt und hinwäg
29 490 295 534 geworffen daruff saget er
23 517 297 556 nicl auß nien unnd badts bin
26 540 323 586 vor gemelter versprechung bliben
19 560 318 610 dar wy der sagtt sya. Urbanna
26 583 287 625 gwie daz procß lütte als
38 606 329 650 sige es gangen und will dar
22 620 183 673 daruff sterbenn.
19 669 322 729 Denne hatt man inen beidenn
20 705 292 746 denn syberttenn ardickell
20 729 317 773 für gehaltenn, als ni namlich
16 754 324 802 wie daß er niclauß sin urbane
19 779 324 826 sin gfrindtin uff underwyssenn
50 801 316 842 d gelertt hab wan man
15 824 271 866 deß kindts halbenn anzie
21 845 57 877 sölli
80 848 324 887 3. sagenn es gehöre einem
20 875 324 915 von nüwenburg unnd habe sa
23 900 327 946 zu der eh gnoumen unnd ire
299 351 324 395 .
