398 1024
96 -1 350 47 zum zwölfft das er ouch
102 30 354 75 gsschossen, wann er solie gricht
94 56 364 91 werden, wurde er on ablaßn
97 81 373 117 schryen, ich e vogt von Thorbers
103 100 327 142 Ich laden dich an dzs jungst
97 128 352 164 gricht unnd welt nit ufhoren
112 149 369 186 chryen biß dz man in richtete
125 170 341 205 inan verbunde im dan dz
99 186 355 231 nul, ist bkanntlich seinlichs
114 216 348 256 n unbsinter wiß gredt
107 244 196 285 habenn
89 289 355 336 zum wyzechenden befragt ob.
90 321 345 359 war das er gredt er wew
78 342 367 381 gern eiden was darum zeliden
95 366 358 403 ye, nur das ime winistort
84 389 327 428 so synen fry worden wäre.
83 401 357 444 unnd er hate zweyschwardter
91 433 343 473 lassen schlyffenn dero er eins
149 454 364 494 hhate dz ander so groser
81 463 152 494 by im
96 474 363 515 khennen unnd wan der vogtt
85 501 362 537 etwan da für rytte wolte er
74 521 348 564 in etwarum ankeitzen
82 546 359 584 disers artigkets ist er ouch nit
75 570 347 606 bkhanntlich nit anzeig dz er
73 595 343 632 allein ein klein böß schwert
79 617 296 658 hab geschwygen zwöy
92 697 347 742 zum 14. das er ouch grodt
75 733 341 768 Winstorff hab im sovil leidts
90 751 328 791 gethan unnd wan er schom
90 773 359 806 turbe täge ime eins neben den
106 794 340 833 anderen, er sye im sin er
71 814 360 853 hab vil rechts aber muss alwesn
66 841 336 875 von armut wegen dzs läßzer
84 861 348 902 an ist bkanntlich dz er sölichs
92 891 170 923 gredt
