340 1024
77 12 241 55 ust hab er mitt im
8 21 40 58 dan
10 39 277 88 bruch also übell zuschweren, wurde
11 65 255 111 es hab inn ouch nie glustett
18 95 249 144 dem bösen zuruffen, noch sye
16 125 277 163 im ergän mitt pitt an un
36 144 278 190 n herren so guttg zesin, und
34 177 293 219 mes wanndels halb, die anndere
30 200 286 254 nachpuren als kempfen, hein
59 228 274 270 zimmerman und nit
24 253 287 309 mir Hans Hechten zu fragen
29 284 300 356 Denne ist im wycher für¬
64 328 288 378 allten wie das im inn
51 363 296 409 sin tuncknen toben so grebe
36 383 298 442 herverletzliche redan wider sin
39 412 289 459 lybliche mutter unnd vatter
43 444 304 492 mit ingefallen noch zu Sinn
39 466 301 522 khommen wärend wo er nit
41 508 281 553 ettwas derglichen böses von
58 533 306 586 nien ellteren wüßte, so vil¬
50 553 301 615 faltig unnd heyter habe ers
60 586 300 650 geandet als (mitt züchten
58 622 299 674 freden) sin muter sig ein
51 655 283 700 hur ittem sin muter
64 692 287 731 sige daran schuldi das
58 708 307 770 inn der küffell well nän
53 757 306 802 unnd sim muter habe sin
55 790 295 841 vatter darzu bracht das
56 816 305 867 er zum schölmen worden sig
59 848 322 904 darüber ouch underscheydenlich
59 875 327 934 ußruckenlich gsprochen, wenn
