359 1024
34 29 147 52 in der manen
212 24 329 59 durch berren
31 45 121 79 großweybe
216 48 338 78 de kräll von
31 67 154 105 bloumen uß der
175 68 312 107 Landvgti Sillung
115 90 315 128 unde ardickell befragt
38 90 89 125 nolch vo
31 115 323 146 worden, von wägen das er frantz und
48 134 329 174 in gsell der nach dem sy durch den
30 147 345 195 fryweybell gfencklichen angnoumen
35 177 326 221 uss broch unnd des nachts enthuffenn
37 201 310 243 ein schligell achs unnd ein yrnen
36 223 328 269 weggen durss porttner umb 1 krü
39 247 316 291 verkhoufft, das gelt im wirts hun
48 274 313 307 erzert, Zudem hab man noch
39 291 337 339 ein biell unnd ysenen wägen hulder
43 318 154 357 zme funden
103 356 303 407 Franntz desfialt
50 394 333 442 so sin antwurt, namlich fonner
39 420 326 463 nit ab sin dan das er unnd sin gesell
44 445 342 484 uff den tag als sy gefangen wurdent
38 467 323 509 bin einem huss ander erafs, ein
39 489 313 527 schlegell achss und einen ysenen
41 514 330 551 weggenn funden liggen, haben
62 533 302 574 söllcher weggen und achs i
54 555 332 597 gnbymen unnd wie obgemelt umb
45 578 341 621 7. krützer verkhoufft unnd das gelt
52 603 329 644 im wirtzhufs geyt aber das
39 628 328 666 Biell und den gsennen weggenn
45 650 321 691 so man noch hinder im fundenn
48 670 334 712 habe sins gsellen frouw, sinem
46 690 320 742 meittli gäbenn abe er mögnnt
44 719 322 764 wüssen, wanne sy mit kennen
56 743 331 790 igent denn ia der selb des tah
52 767 325 815 uf den strass on allegefer
50 795 325 837 zu im kunensig unnd sunst vor
45 811 310 863 nacher sinen kein guwinschafft
45 837 302 890 fundtsame gehept, wüsse
55 864 235 911 inen namen nicht
36 893 323 947 Dannenthin ist ime ouch kürgelen
51 920 333 966 sin vorige gefencknus den 3. tan
