379 1024
107 26 321 75 uff Frytag dem 1xi tag
100 60 354 109 jenners im x5 unnd 2xvi ir
105 83 345 126 in gägenwürtig kheytt der frommen
102 111 346 159 ersamanen wysen herren Sebastig
103 133 346 183 Deruns des Rhatts Jacob keuff
96 160 325 202 mans der Burgeren Gallus
101 189 328 231 Waldis grossweybells und
107 215 335 262 der weyblen miner gnädige herren
88 249 342 306 itt diser gägenwürtiger Hanns
83 290 338 343 khenntsch von Remenmenstier
84 321 326 365 pürtig zu Marzili bkhennnt
84 341 324 387 unnd verzägen. Demnach
92 376 329 419 er ungfarlich ver zwöyen iaden
86 395 328 450 zu Bürren gedienet haber
97 432 327 471 sich daselbst mitt lattein lum
89 459 326 498 von reyben veretlichert un¬
93 485 328 526 lang darnach hab er dieselbig
84 509 325 551 sin befrouw mitt imme gan
85 537 347 581 Roummenmousigr in sin heimet
85 566 324 611 gefürt, daselbst sy aber kheins
83 594 332 635 wägs sin noch blyben wollen,
79 618 319 662 der gstallt er widerumb mitt ir
78 645 309 694 ußher khertt unnd sich mitt
81 677 314 719 dienen beholffen inn dem
76 700 329 739 imme ein unfall an einem
73 727 334 772 schenckell so im eitzweybrochen
74 756 332 794 begegnett deßwägen er armut
68 780 334 828 halb für hochgenamnt min gnädige
67 810 312 857 herren khertt, da ir gndien in
69 837 342 883 alhie inn der innsell ein zyt
