318 1024
37 -5 295 52 Aber sin frouw sig im verenen
47 32 268 80 zytto mit tod abgangen und
45 64 288 107 zu Losannen ein süm der
52 93 294 147 buren werchtryb unnd noch ein
49 121 249 178 ochter daselbst vererlichert
63 159 301 208 und erst dise fruling hab er er
52 189 300 240 rägen sines lybs kranckheytt
48 218 293 264 sich des allmussen dester füren
49 239 295 291 müssen behelffen, wo er aber
88 275 292 329 ngschworen hab das sig in
40 306 304 356 nit zewüssen, doch sigs im wider¬
31 338 298 387 faren das sig im tüürlich leyd.
27 365 280 414 und bitte gott und min herren
37 394 270 442 umb verzychung und gnad
122 445 253 482 Petter Waldtma
37 475 271 528 Uff obbemelten tag ist dem
56 508 282 550 etter Waldman von Stäffisburg
45 531 275 577 dur in der keffi fürgehallten
49 563 289 607 worden siner liederlich hußhalten
40 582 282 630 inn dem das er tag unnd nacht
37 616 270 655 bein wyn sitze unnd sellten
48 640 236 683 werche das zu besorgen i
48 668 273 706 strenger thüre, sölichs sine gulin
46 695 285 726 nit ertagen mög, ouch wann er da
38 712 194 746 heim khom er der
153 738 260 773 siner frouwen f
48 735 260 801 ie e d e e ne
35 777 282 825 vanlaset worden ouch von huß, der
39 799 119 837 töuffery nach
198 814 263 846 hierüber
38 827 280 878 gibt er disen bscheyd er habe noch
41 855 276 897 von gotts gdigen etwan by i  lber
34 876 275 935 wärtt gutts unnd noch nützt schulich
35 902 258 954 inn das heuptgutt verthan. ge¬
