335 1024
80 25 306 66 ff Mittwuchen dem 17. tag
64 53 311 94 Mertzens 1556. ist inn der
80 81 305 120 ffen vom herren großwyybell
58 105 315 143 Gallus Galde Banli fürsten
63 127 324 170 berg Mihell fürr Mabergs on
66 150 314 194 ulighen alhie pürtig, examinier
65 173 135 203 worden.
81 205 324 249 also hatt er offs herren Berss¬
66 234 298 278 weybels ernstigs frägen vor ja
58 263 304 305 wie dz er nach dem er ougfarlich
73 290 309 334 vor einem iar alhie inn der
77 314 331 360 seffien von wägen ettlicher klein
86 339 314 376 bstälen mit gutten ge¬
73 362 314 403 schwungen sonnst onc wyshere
77 384 262 428 mutgeltnus usgelassen
64 412 313 450 er uff dz zu sinem großvatter
128 440 326 482 fürstenberger gan Staff
96 446 327 506 y zogen daselbst sich ettwas
74 492 329 529 zytts enthallten, als aber der¬
69 516 328 555 selb sin großsvatter von dans
67 543 302 581 über dz wasser einert die
66 565 327 609 hannder sich husheblichentseg
69 589 320 632 unnd sunst mitt khündren be
63 612 319 656 laden sige er von im gangen
70 636 314 680 unnd zu Thun zum bäger
71 659 324 702 gedunget dem er gedienen
66 678 323 732 bis nechstuerschinen wienachten
69 706 318 752 unnd diewyl der zyt sin
67 729 322 773 zil uss was sig er wideub
70 755 321 804 herab zu siner muter khommen
72 779 314 822 des fürnemmens ettwan zu
73 806 318 845 einem schiffman zedingen
75 828 322 874 dis zytt har so hab er sich
71 856 323 897 leyder übell verganngen, ir
74 875 329 919 dem däsier ougfarlich vor
77 907 333 948 einem möner, habe söllen im
70 926 321 977 Hanns Vogts huss alhie uff
