337 1024
272 -1 304 20 165
8 7 301 54 unnd als hierüber die mutter ghey
7 32 307 83 schlaffen unnd rüwig sin wütsch
11 62 312 105 er f unwirscher wys fürhär gegen
7 86 312 129 der mutter, sprächende witt due
13 114 321 155 mirs nit gäben, so sägs nummen
10 139 308 178 unnd hiemit erwirste ein sil
14 164 300 198 so an einem garten höüwlin
15 189 316 230 ettwan gsin was schlügs der
8 217 316 258 mutter an die fuss darzu
11 240 305 275 khöine sin grossvatter der alt
17 265 323 311 spätig und ein vatter Hans
21 288 326 332 spätig unnd schlugind inn dar¬
16 314 322 369 unb fast übell, do hab es sich
18 340 319 385 villichen begäben, das er enen
27 363 307 410 gefluchet, den großvatter ein
23 395 319 439 allten Bränni gscholten unnd
19 420 313 470 zu sinem vattern gsagt du
27 445 305 494 alter kryb las mich mitt
26 469 93 499 friden
142 477 328 515 zu annderen mal
10 477 49 529 zu
60 485 315 549 zu letst vor viertzägen tag
31 524 315 575 sig er abermals ab dem wasser
31 549 305 598 abens heim khommen, hab
28 568 319 620 vor hunger des nacht mals nitt
33 594 326 648 mögen wortten unnd an dem er
26 620 304 676 der mutter brott hiesch gäb
26 647 318 704 imn böss wort und schluge uff
23 674 342 731 inn mit der kuncklen hürwider
32 698 329 761 er sya mit einem dürren stäcken
23 719 285 786 über iren arm taff
35 862 324 923 ist einest lär uffzogen worden,
43 894 322 946 dannenthin der kleinstein ine zu¬
47 918 322 966 estelltn do er aber vermeint, alles
39 939 295 989 was er böses ghandlet verjäche han
57 955 277 1009 ses sig im nit zewüssen.
