323 1024
73 14 235 59 ira damaln abgschlagen
17 21 37 45 das
20 42 210 82 ann sy domaln khein gä
51 58 262 114 ira darby angeheygt wenn si
47 91 267 140 n möcht, so wölte sy iren
10 125 270 165 über acht tag wol ettwas daruff
21 154 286 189 antlenen als aber sy sya Glintzin
21 175 156 213 hertt an gegätten
184 177 279 216 sy uss g iren
57 199 147 229 unnd beuel
168 201 284 234 den einen rock
24 224 282 268 so negeli farb sampt dem göller
19 253 287 296 pätschen des seylers frouwen by den
24 278 291 318 had gebracht die angendts i lb
29 296 276 352 daruff einhent, do hab sy dasser
40 329 277 378 alte dr von stundan gäben unnd
41 360 265 402 y der sach wol zfreden gsin
24 387 288 429 die übrigen cleyder namlich das
34 413 274 456 lyblin unnd ein grunen besen
32 438 287 480 unnderrock, hab sy einer anderen
29 463 301 506 inngfrouwen so dozmaln inn irem
39 492 279 532 huss gsin unnd von Wallis pütig
43 515 300 563 ige habe die ouch verheyssen etteas
38 540 281 586 daruff zueilenen, doch hiehur
42 565 289 614 heim inn wallis greysser komm
45 596 299 639 ber inn kurtzen widerumb alhar
33 624 292 669 unnd sig hiemit vrpütig sy wöl
42 653 297 696 ira die kleyder alle samenthafft
41 680 299 722 on alles falen innerhalb achtl tagen
39 701 290 751 ia wann sy ira die vier kläd
149 733 295 774 inn irem namen
67 735 103 772 undg
131 755 290 798 frouwen der seylern das
45 784 281 822 entlent unnd ira gäben ußru
44 811 283 855 unnd bezale, zu iren handen
46 839 293 882 zestellen unnd zuüberantwurt
48 862 280 910 will sunst nitt wyter anred
258 879 285 907 heyt
47 889 255 932 dann sy hab die luter war
209 915 231 937 nitt
53 914 118 954 bekhent
51 921 270 973 min gnädge wöllindtn sy widerumb
52 956 208 1001 zu iren kenden las
