369 1024
86 13 355 53 mitt rächt verspertt, ye das sy
83 36 358 78 dieselbigen ungeburenn unnd zu
92 67 339 107 brach liggen lassen müssen
85 83 345 138 darzu ouch inen by x lbzn
91 117 339 164 buß uss irem rygnen hus
89 145 325 193 pietten olches huss doch
96 173 343 226 dienen inn selbiger spänigen
90 205 130 243 Schu
137 205 300 247 possen vergryffen
139 239 346 283 e irer tochter halb zeygt
96 265 343 307 yan nach dem sy von wägen
85 289 346 334 obemels rächts hanndells
81 314 330 352 wägen entricht unnd er¬
83 341 341 388 zürt, hab dieselb ir tochter
81 363 354 415 uff ein zytt zu ira gsprochen.
84 397 347 439 vetter rapp ir man, gäbe ira
81 420 350 467 der muter smit züchen zreden
83 445 350 494 buginen für etc. unnd sya sunst
77 467 343 519 ouch ettliche mal heyssen die
78 486 352 547 unwarzeytt reden das sya nun
72 517 349 567 als ein muter gegen irer tochter
72 546 357 603 herzlich beschwachett unnd zu zer¬
79 579 331 622 gereytzt derhalb sy die muter
85 608 337 656 yn die tochter angryffin ir
79 635 355 691 die lasterlichen gegen ira hieuor
76 659 355 712 gebruchten wortt verwissen unnd
80 686 334 740 hiemit inn den bach nider
82 711 351 769 gstossen, doch hab die tochter sya
74 740 322 800 die muter mit gschlagen
67 779 351 836 unnd nach söllichem allein habe
86 803 361 863 y Barbli, diser handell, dem
63 832 354 905 vogt zu erlach selbs mümlich
74 859 183 907 anzeygt
