367 1024
59 4 322 65 uff sammbstag dem 2 jug
59 37 329 90 in gegenwürtigkheyt hat sebistig
56 61 325 114 darn des rhatts her Abrhan mi
62 92 332 139 prediran her großweybell gaben
94 111 209 152 Baldi
142 148 343 224 Michell har
61 197 338 258 Ist Michell Eschenn von Äschliby
64 234 328 280 Deßbach, alhie in der insell b
59 250 340 313 fragt worden, was inne verursache
57 288 329 331 hab, das er an der landts gnen
61 317 340 358 des vardrigen iars daselbst zu dieß¬
122 343 334 384 hallten nit erschynen sye
69 364 341 410 dazu miner gnäige herren Cristenlichn
64 394 323 434 ordnungen nitt gehorsamme in
68 418 338 459 dem das er sich wie ander töuffer
64 437 337 485 des kilchgangs sich gar antziecht unnd
65 465 338 511 ussere, darüber ouch als ein widerspä¬
60 490 275 539 miger im lannd belybe.
66 533 338 581 zibtt den bescheyd, es sig mit
54 566 329 608 an, dann das er uß ettwas forcht
52 591 338 632 man wurde in gefengklich annemmen
51 615 330 654 an die gmeind nit khommen sig
51 637 334 680 noch sich erzeygen dörffen, wiewert er
59 660 326 706 domaln anheimsche gwäsen, das in
61 685 328 730 aber doch von stundan übell ge¬
54 708 348 754 ruwen wä aber es wäre gersunst
61 730 327 776 unnd sige nit gsinnet uß dem
60 758 352 794 land ziechen unnd vil darin denn
51 784 347 826 daruß eschweren. von wägen
55 804 336 852 des kilchgange, sig er vor einem
43 831 307 874 iar von Wältzn Gärber beredt
47 860 343 898 worden. Diewyll Jederman unne¬¬
60 886 201 924 heydenlich dar
225 889 340 922 tage unnd aber
