362 1024
106 -2 345 57 Gibt hierüber den bescheydt
100 38 362 82 khönne yetz wol erachtn das er
99 64 360 105 gfällt hab Bitte deßhalb min
104 89 360 132 s herren umb gnad unnd ve
155 112 366 151 g sige vornacher sin abe
86 134 360 177 lang kheiner un gehorsamme nie
124 160 366 202 uldet worden noch einichem
96 184 366 220 räuel begangen dann das
82 212 367 254 er by min monatten har mi
91 228 347 275 sige an die predig zur kilchen
90 253 365 304 gangen unnnd also by sine
92 285 351 328 roüwen bliben sitzen er sich
85 316 348 354 aber uss thorheytt inn den sach
92 338 346 379 stannden gwäsen unnd nitt
87 364 344 407 so glückhafftig das er des
75 387 347 430 landtvogts vätterlicher ermannt
78 414 346 454 khöume annemmen, unnd siner
88 439 347 470 erroffnung volgen, wiewol
86 461 349 493 s inne bold darnach gerüwe
77 482 313 514 ward, aber e zuo Gpnadt
86 502 343 543 ig im leyd, das er nochmal
86 526 349 564 nun gnädigen herren alhie, habe beim
80 548 345 589 unnd bekhümbert er sige g
86 575 347 607 sinnet unnd des gemuts, mit
110 595 338 635 herren mitt lyb unnd zu
79 611 347 662 zu gehorsammen unnd offennlic
92 641 278 682 ver der cristenlichen
91 667 303 698 mitt dem eyd bezü
83 686 308 722 wicklen der ordnung
86 711 320 751 khommen. Darzu khe
78 734 326 774 nitt fälen, was er alhie ver
88 756 326 796 dem wöll er statt thun
78 781 324 823 dann er noch mit dermassen
84 802 345 843 der wideroufferen irihumb
82 821 349 866 gefallen, das er noch vil drrht
104 852 342 890 tzt hab habe sich ouch nie
85 873 323 914 assen annders fart touff
