386 1024
75 -1 331 48 der unnseren also mutwillig
76 34 341 74 dahin züchen. Aber kheins
78 58 351 95 wägs inn dem verstand das
76 84 319 128 er den inngsten tag habe
76 112 358 149 wöllen vorsag noch unserem
72 139 345 179 herrenn gott, die zyt setzen
69 165 336 199 un ein zyl namsen
79 185 351 230 hiemit ouch sich einschuldiget
80 215 345 260 das er milt wüssen den sthah
78 241 348 282 nt nie dützer hab, noch min
77 269 350 310 herren amptlut enttkeret
86 294 349 335 dann dn es uß dem nüwen
87 326 338 364 Eestament sovil erlernet
74 350 327 387 das er vor gott unnd der
75 374 331 419 welt straffwürdig wäre
55 403 324 445 wann er die oberkheytt
92 435 182 469 eerachtte
121 468 326 510 estlich hatt er anzeygt
82 495 329 535 wie das er hür, ungfarlich nan
85 518 349 563 dem höuwet, alls er ußwolls
86 543 345 590 kham, do er dann vil arffüree
84 565 329 612 unnd anstoss von den papisten
82 593 339 637 erlitten, sich er ouch wundriger
85 618 322 664 wys an eine töuffer predig
90 644 323 689 gangen zu erfaren, was ouch
78 670 323 718 der selben seckt handell
88 701 332 744 syge, was er aber da gsen
81 731 321 775 unnd ghött das lass er sy
82 753 337 799 verantwurten im ghalls
90 790 329 835 unst nitt, sig die ver¬
83 819 328 868 samlung gsin, daoben inn
83 853 345 895 einer ouw habe da geler
68 884 337 928 nich zedo mitt ine daby
83 905 338 954 gsin Andres schindler unnd
