357 1024
98 5 322 51 damitt inne an herd gefelltn
99 30 320 79 desswägen sich der vatter noch
97 61 322 98 hüttigs tags an einem arm
108 81 231 123 abell klage.
96 124 330 174 ist sin anntwurtt er mehe
96 149 315 198 zu der zytt ein trunck ghan
100 183 319 220 han unnd uß unbesimt vill
103 209 314 249 ein wäsen gfürt, das so er
99 232 328 279 michter gwäsen wurde erspar
96 259 327 308 haben doch sig im nitt in¬
99 285 323 334 gedunck so übell geschworen
144 317 328 355 wüsse aber wol das
92 318 325 388 er den vatter nitt gschlagen
88 365 319 405 noch inn mitt verdachtem mut
85 390 316 439 zufallen gmacht desselbige
89 423 306 467 tags daruor sig er by sinem
82 452 326 495 vetter Niclaus Wannern oli
81 476 320 526 inn der statt spaat bim wyn
90 502 325 546 ssin hab den selben bätten mitt
75 533 325 576 im heinzegan unnd by im über¬
81 558 308 608 nacht zeblyben, dann söllichs
73 586 319 633 ime der vatter bevolchen hatt
82 610 323 661 derselb aber nitt mit im gwöllen
78 635 303 687 unnd wie er allein inn sins
77 660 310 707 vatters huss ingieng hab
69 685 324 743 imme der vatter inhin inn die
77 714 303 768 stuben grufft, da habe sich
79 746 306 800 ettliche wort zwüschen im
77 774 311 827 unnd dem vatter zutragen
71 804 292 850 do sig der vatter von dem
73 833 320 887 Brchh uffgstannden unnd im
60 863 303 922 ein dem sum ein bring
