383 1024
53 -21 338 45 so er alhie dem yssenke ämer enter
55 19 329 80 genn hat wellenn, sprichtsyr uß
65 46 313 100 i söll solt erdh, so wüsse er
56 79 336 133 kein witheren bescheid darumb
57 108 332 155 zu gäbend, dan di er wins set
64 145 84 160 n
109 133 332 179 ast druncken wäre und
95 155 316 208 halb sölliche bendel möcht
50 184 314 229 ynoumen habenn, sige ime das
52 212 260 261 mit heitter zu wüssen,
61 238 333 304 Dannethin so hat man im für¬
45 274 296 317 gehaltn wannd er mit den
64 301 346 342 wenzig sägessen krmnen sige, deren
49 327 341 378 er eine umb vierschilling verkafen
48 348 320 397 habe zeygt an wis das er in sinen
55 369 338 414 läbenn nie kein ägensein sunders
51 393 334 434 brucht habe unnd ouch keine nie
50 418 313 464 in henden getet habe dan er
64 449 318 489 y fas byn steinhouwerenn
53 474 334 517 eriner, ouch allenn den vergang¬
50 497 331 542 nen sumer sin j bernharts
51 524 338 579 von Wattenwyls steinhouwer
54 552 327 607 zu burgistienn gewerchen
45 580 105 608 habe
42 606 327 648 witers ist erbefragt wordenn
57 629 328 667 wie fil gelts er dem hn vre¬
52 652 268 699 dicanfen zu pätterkiiger
301 665 333 692 siner
57 680 286 728 sintersack gnoumen habe
50 702 318 757 zu söllichen sagen er er sig hie
53 733 303 779 pätterckingen nie gwäsenn
49 753 327 803 kecken ouch vermelten h pre¬
51 779 334 833 dickant sint wüse deßgelis
58 804 272 853 halben kein briche noc
57 826 307 878 bscheid zu gäben, habe ouch
54 861 321 912 niemant nützit verruckt naoch
60 884 316 926 enträgen, dan sinem vatter
53 907 299 957 ein imli bönnen und alt
