357 1024
35 460 63 500 7.
151 -1 312 40 erumb hab er seinliche
134 23 318 58 dann er sine boum an.
120 44 315 80 strass gschwyttet da er
153 66 317 97 der voge Solt wol
150 86 317 126 ürrytten wie ander
156 126 306 165 Bendicht inckher us
157 154 278 186 eder hapsterten
94 172 318 216 nun sechsten ist er bhantlich
78 199 306 239 das er gredt dz ettlich lüt
73 222 329 259 denen er nie kein leyd gechan
73 246 331 279 an in setzind unnd wann gebn
121 264 330 301 über zu louffenwelt
105 290 325 323 lugen wyl er ertwan
83 306 311 345 einer ab im brechte unnd der
77 330 316 369 hab. er von deßwegen geriedt
75 350 330 389 wann in ettwar einer beleid¬
77 375 319 415 gote wetzo er tügen wie er
79 400 280 443 sinen nit recht abkame
123 451 190 489 fünfftin
89 469 327 516 um sybenden. ist im fürge-
79 496 318 539 alten, daz er iaussi zum lgr
59 518 323 561 Gu chorberg gsprochen er wolte
63 548 309 579 halters hab wol erläben, ds
61 569 348 607 er ab denen rossen müßte abher
78 594 315 631 tzen im damit bösen bscheid
62 614 335 656 geben, in dutzend sprechende due
65 642 323 680 Vogeli wann ich grichtet sölte
58 661 328 708 werden, wäre niemand schuldis
68 689 337 728 dann du unnd welt in an dzs
68 713 327 752 jüngst gricht laden er ist
70 738 341 779 nin bkanntlich, das er den vogt
62 760 340 804 zu chorberg. Ein Sogeli Snempt
65 784 294 826 er hab aber wot gsagt
70 810 330 850 wann er der kogt ime umbs
79 835 341 874 laben bringe wol er in aus
75 860 329 898 jüngst gricht ladenn.
