325 1024
24 5 287 50 inn Ulli Buchers huse in die
23 36 273 87 stuben, do er dann die bemelte
21 61 272 106 Sina Gälts behalten liggen
30 86 278 135 gwüst, durch ein fenster bron
6 115 260 159 unnd uss einem seckell
63 149 268 186 einem tröglin glägen
20 175 284 216 zwölff gold eronen, dry taler
17 205 272 253 fünffzächen dickpfennig
28 236 257 283 unnd zächen batztn inn
28 259 278 304 müntz genommen dar-
28 292 297 337 mitt sich uff der strass gwendt
24 316 278 364 den nächsten gan Burgdorff
23 348 298 390 zu khommen, unnd als er erst
32 380 286 422 daselbst ersächen, den merren¬
38 406 291 447 heyl des entragnen gälts inn
54 435 290 476 ld zesin sig er sinns ge¬
30 465 275 506 wäsen, dasselbig widerumb an
39 494 277 539 sin ortt unnd dem es ghörtt
47 524 278 562 tthun, dann das inn der
37 549 283 599 unfral zu zwöyen Müller
42 582 301 630 knächten die sich von Solothurn
47 621 278 659 ürtig nampten gewragen
37 641 262 682 die inne überredt mitt
43 675 307 713 inen gan kom umb dienst
39 699 289 746 zereyssen. Denen er sich
45 728 286 770 unnd das gelt vertruwt, di
39 761 279 803 aber als sy gan Willisouw
47 792 306 834 khommen, inne mitt wyn beladen
41 818 308 865 dähinden glassen unnd mitt
45 850 240 890 dem gält darvon zog
