345 1024
52 -2 334 40 annr irs Ermans wüssenn in frübe
55 22 304 70 pirtt zun einem messpfaffen gli
92 60 285 108 Margre Otrsans
45 96 327 144 dibt zeantwurt sy könn unnd
51 122 323 161 wüsse nützit ab irem erman ze¬
54 148 319 185 clagen, aber sy irenn in koinen
54 168 317 210 wäg müglich by inn zunen
73 189 204 230 huszehaltenn.
68 216 327 261 dannenthin warumb sy syg zu
110 245 335 283 un gangen von wägen das
75 269 325 304 sy offt hab hörrnn sagen wie d
72 288 319 321 er villen armen kdanck unnd
63 311 318 347 bräschaffte lütten hilff könnd
64 331 331 369 unnd der halben des bossen grists
74 354 327 389 mit dem sy beladen gern entle¬
72 375 329 413 siget wäre, desshalben sy zum
62 395 324 439 anderen mall zum pfaffen gangen
61 420 319 455 aber von wägen dz ir eeman
59 441 321 480 nit bewilligen unnd iren glich
67 463 315 503 nach, dem pfaffen geschrybenn
65 479 308 526 so hab der puff pfaff iren on
65 508 341 548 verwytziggung irs kein aus nit
58 531 244 576 helffen wellen etc
