337 1024
94 11 293 51 ghen, das er sol gsprochenn
77 35 289 74 aben, ir bröchend mir inn
66 62 295 104 als wann ich ein wachtel
84 82 291 116 und wäre und den schwur
82 103 289 143 otsliden hab hiemit houff
139 127 287 156 da antwürt er
96 147 287 187 ab gsagt sy brohnn im iu
67 169 299 209 als wan er ein wachtel hund
73 193 297 235 wär, hab aber nit geschwore
80 240 294 294 uu achtendi dzs er Helpas
115 276 270 319 mals im tütsch und o
48 303 304 342 in wältsch söl getromt haben
65 325 298 367 wann im got ußher gehelffen
69 348 296 384 nüsst werde es ettwann eine
60 372 288 411 ein ruchen hergst werden
48 395 298 434 da: er geantwurt sölichs möge
69 416 276 455 sin oder nit wüsse es ni
74 438 304 477 nigentlich doch sye er wider¬
58 460 282 498 wärtig gsin unnd möchte
72 484 288 519 blichs villiche daruff gredt
65 507 304 543 haben daz er gseimott, wann im
74 528 296 566 sot ußshr gehilff ettlich von
65 554 301 587 wifflsisgug wetlicher ur sach
55 575 292 617 des rachtens nit zuerlassen
52 612 282 665 zum wundt als inn die
59 645 291 687 tweybell an dz gricht gfürt
49 670 285 706 unnd dadannen widerum
47 694 67 727 E
102 693 297 733 fengcknus gefertiget dab
91 715 291 753 für unnd für die ange¬
121 735 282 777 schwur gesthan lassen
124 765 272 795 er gar äbred vn
62 785 257 826 heins wags ekantlich
39 828 277 882 zum zechenden als inn die
