437 1024
184 -15 270 22 isse ouch ein
313 -7 355 25 lich u
68 12 374 44 das niemands syn zwen der gstalg
81 33 363 70 ne hab gsächen zu hen louffen
79 51 368 83 sinen bruder zeledigen, und umb
73 67 365 111 sölliche verzwyffelte sich zuf
85 88 372 129 nitt funst strrichen zu straaffen
68 112 377 146 dan es von götts gnaden nitt
72 129 358 172 zu faal khommen darby
80 149 368 189 ouch der wortten nie gedacht
207 167 361 202 am bruder gsprochen
68 173 187 206 das er zu
80 185 366 223 ltt haben, weltisie semliche thu¬
80 206 383 242 das were uns allen ein schandt
130 226 370 265 nach dem man ime ver¬
85 250 375 286 suchender wys fürwarff, sin
74 266 383 304 ruder habe doch bekendt das ine
68 290 343 327 sin bruder hans gschlagen hab
82 304 376 344 ab diser antwurtte, So habe
69 327 384 362 er bebent das nitt die varheytt
96 347 379 386 e, doch welle sölichs nitt wider
83 364 339 404 die hochheytt m. g herren hr e
74 383 356 421 haben, d uß verstands das sy
78 399 382 441 jemands unricht thundt sonder
54 424 380 465 zu bestättigung der warheitt und sinen
100 449 193 484 nschaldigun
69 469 380 515 Nach dem nin diser Hans Schäre
293 495 362 520 Cheimell
80 499 245 537 hinwäg gefürtt is
78 504 388 554 die Klaperi Madlen Ficlaus Bräch
79 535 383 575 buls husfrouw trüwlich und mitt
82 556 383 594 ernst ermandt worden, das syn
84 576 384 615 sich wol dise irs fürprachten
89 594 379 632 sandel sölle bedenckan, das syn
78 617 388 653 niemands uß fyendtschafft unrecht
82 639 383 675 thue, dan ye petter schäre den
96 658 382 696 1der that gezycht und vercsagt
132 674 390 707 an der martter sin unschuld
83 698 352 733 oche nroch biß har erhallten
85 700 391 744 durch die spinliche frag bekandtlich
141 735 346 767 e zu sin dermogen.
89 734 390 785 dergstalt habe syn selbst behörge
92 767 329 802 das sin bruder Hans Den
195 779 393 816 en gstanden, par nüt
88 798 394 835 darvon wüssenwil und weder
81 821 315 858 wünig noch pyl danby
160 831 382 877 sölle syn ouch wol er¬
91 863 374 904 wegen die gstaltsame disers
98 878 398 926 zufaals, erstliche das syn selbst
284 901 340 929 dem s
356 949 395 992 ürga
