306 1024
53 12 290 54 ff semnlichs gibt er dem bericht
50 41 281 84 wie das er 14 tag des nechst
45 70 286 107 verschinens donstags mit einen
48 94 297 135 brieff vom Schultheyssen zu Tun
43 123 303 163 har khommen den selbigen des trge
47 147 300 192 min gnädigen herren schultheyssen über
49 171 291 210 entwurt unnd moruderst ann
55 203 273 244 rytag unnd darnach ain da
39 227 268 273 zu Frhyer rharzytt uf vn
45 257 297 301 miner gnäige herren will unnd bscheydts
47 280 280 325 erwartett, doch uß uner faren
45 309 302 351 sich nit lassen anschryben uermein¬
41 340 268 371 munde der brieff wurde den
85 363 252 400 n inhallten unnd gn
44 384 296 429 amlich dorthun, unnd alls man in
38 411 258 455 die selbigen zwen tag nüt gsag
37 440 286 486 hab er vermeint man dorffte sin
35 475 283 512 nüt sig also mit siner gselen
55 497 302 539 afft heimgangen unnd das mit
94 524 290 568 gferden gehan oder frenen
34 532 82 563 kheine
26 551 221 597 lich noch mutwilligkli
259 588 283 611 ere
36 585 240 628 Bittet derhalben min gnd
32 611 209 653 umb gndge und verzy
287 284 311 308 yt
