2479 3386
320 180 1088 444 Ans Venn
344 253 1080 510 Suettarsten h
607 415 864 552 gurtige
223 451 1095 747 rannsrae
290 606 1098 817 mn h. den feriichteren fürtragen
286 699 1100 891 worden, wie das korentz danige
250 759 1102 970 Zeeglenknecht, mit desen fer
274 871 1017 1018 der alt spiczalmeister Wys
1034 960 1104 1049 dß
278 953 1097 1131 ey vnd Eebruch vertiefft seinen g
258 1010 1097 1200 Accord, die sach zuuerschwygen zehaften
283 1117 1100 1288 vnd die Lybsfrucht so daruß entsti
264 1214 1085 1353 mit ime dem wyßen, de ob de
257 1290 1089 1438 frome sy zugeeignet, sonder zu
227 1374 1085 1513 Danner, selbs, zu zeeignen, vnd
248 1437 1083 1562 syne Daniners Namen auch tauff
257 1523 1071 1650 zelaßen, nebent Deßwegen und
252 1599 1081 1706 diewyl diß sachen, so wider alle I
278 1675 1083 1807 tenliche Erbarkeit vnd gmeinkh
270 1771 1087 1893 strywent, V. g nothwendig e
258 1841 1074 1963 das er vs der Vnderen gfangenschaff
248 1928 1074 2022 dem horhuß, In die Obere gefuegt
251 1995 1071 2077 damit er nit allein vmb dise sone
255 2063 1074 2191 andere syne schandtliche den Tatz
243 2121 1077 2238 exammierst vnd befragt werde, Vnd
242 2180 1075 2326 also solliche examination dem Iren
252 2263 1071 2371 uesten tc. S. Antham Cielier dß
244 2351 1056 2460 kainen Rhats zuuerrichten, die
248 2405 1055 2531 einen Rhat Zedell vffbundt vnnd
244 2480 1066 2608 bewlchen, Das ist nun durhehen
241 2539 1045 2673 gemelten hr exammatoren in bys
238 2620 1046 2720 sGroßweibels gegen Ime Danner
233 2686 1045 2789 dere 24 man diß gars der geput
236 2738 1044 2855 nach verrichtet, und mit ernsthafft
239 2821 1028 2934 worden die warheit zubekenne
224 2891 718 3006 vermantt wordn.
605 2990 677 3051 .
1305 9 2095 289 agend
1148 39 2118 404 nge
1220 112 2138 427 n
1150 201 2159 597 get
1221 418 1284 493 6
1173 325 2112 660 gshe vo
1234 378 2077 715 eter
1150 466 2067 777 e  saheng aach
1243 569 2113 843 genet ene d
1232 621 2136 900 endah ehet
1151 794 1246 882 gune
1163 740 2129 1011 von soa ußgebracht, das sy sich mit er
1163 839 2066 1086 mitem Wyßen vergangen habe,
1146 896 2128 1158 vnd das das Kindt, fanff deßen schwanger
1151 1011 2042 1231 denselbigen zughöre, Hernach min
1162 1071 2083 1312 seer zu imme wyßen gangen und
1153 1149 2057 1364 anselbigen sölliches mit scharpffenn
1170 1208 2135 1431 wergen verwisen, der aber der sach ge
1154 1302 2086 1512 laugnet, hernach abr als er anner
1160 1374 2039 1585 imme getroüwt sölliches dem gristlichen
1160 1440 2008 1647 herren zulagen, habe der Wyß
1150 1524 2101 1704 vmb stllschwygens gebathen, daruff er
1137 1621 2103 1774 damr zme wyßenangmutet, wan er
1149 1699 2118 1866 wyß ime 600 lb geben, er nit allei
1139 1784 2050 1933 zu der sach schwygen, sonders auch das
1142 1832 2067 2006 kindt desen syn frouw schwanger und
1148 1906 2066 2080 fürgebe, es demn wyßen zughöre,
1139 1978 1952 2120 I syn danners nammen Tauffe
1143 2040 2095 2201 vnd für syn eigen Kindt vfferziehen
1159 2105 2066 2264 well, daßen wie auch deß Kindts
1142 2172 2067 2310 das imme selbiges züihe, sach wyßbe
1159 2222 2067 2381 schwerdt, wo aber er danner Zur sach
1156 2336 2067 2468 schwygen und nüt daruß mochen wolle
1153 2378 2062 2535 er Ime 100 gl. wie auch 15 8. fin
1158 2419 2072 2581 ein kleidt werden laßen, endtlichen also
1156 2519 2023 2660 deß Märits umb die 100 gl wie
1142 2546 2091 2704 1 für ein klendt und sonst
1140 2633 2115 2787 täglicher handtreichung mit einandern
1147 2698 2068 2838 deß einen worden, welche er auch bis
1159 2755 2067 2917 in von Iue wyßen under¬
1166 2854 1849 3000 sidenlich empfang habe.
