<?xml version="1.0" encoding="UTF-8" standalone="yes"?>
<PcGts xmlns="http://schema.primaresearch.org/PAGE/gts/pagecontent/2013-07-15" xmlns:xsi="http://www.w3.org/2001/XMLSchema-instance" xsi:schemaLocation="http://schema.primaresearch.org/PAGE/gts/pagecontent/2013-07-15 http://schema.primaresearch.org/PAGE/gts/pagecontent/2013-07-15/pagecontent.xsd">
    <Metadata>
        <Creator>prov=University of Rostock/Institute of Mathematics/CITlab|PLANET AI GmbH/Gundram Leifert/gundram.leifert@planet-ai.de:name=German_Kurrent_XVI-XVIII_M1(htr_id=19584)::::v=2.6.7
prov=University of Rostock/Institute of Mathematics/CITlab|PLANET AI GmbH/Tobias Gruening/tobias.gruening@planet-ai.de:name=de.uros.citlab.module.baseline2polygon.B2PSeamMultiOriented:v=2.6.7
prov=University of Rostock/Institute of Mathematics/CITlab|PLANET AI GmbH/Tobias Gruening/tobias.gruening@planet-ai.de:name=/net_tf/LA73_249_0mod360.pb:de.uros.citlab.segmentation.CITlab_LA_ML:v=2.6.6
prov=University of Rostock/Institute of Mathematics/CITlab|PLANET AI GmbH/Tobias Gruening/tobias.gruening@planet-ai.de:name=/net_tf/LA73_249_0mod360.pb:de.uros.citlab.segmentation.CITlab_LA_ML:v=2.6.6
Transkribus</Creator>
        <Created>2020-09-22T11:08:31.529+02:00</Created>
        <LastChange>2022-09-12T14:28:24.333+02:00</LastChange>
        <TranskribusMetadata docId="1334812" pageId="52358870" pageNr="34" tsid="114640582" status="IN_PROGRESS" userId="9570" imgUrl="https://files.transkribus.eu/Get?id=KPYUCLUJQVFLSNLFTWXCMPXC&amp;fileType=view" xmlUrl="https://files.transkribus.eu/Get?id=OPQYGMKQITHJTXCVMGMKRILA" imageId="15435716"/>
    </Metadata>
    <Page imageFilename="Turmbuch 1622_00034-20200922_095028.jpg" imageWidth="2458" imageHeight="3014">
        <ReadingOrder>
            <OrderedGroup id="ro_1687513801428" caption="Regions reading order">
                <RegionRefIndexed index="0" regionRef="r1"/>
                <RegionRefIndexed index="1" regionRef="r2"/>
            </OrderedGroup>
        </ReadingOrder>
        <TextRegion orientation="0.0" id="r1" custom="readingOrder {index:0;}">
            <Coords points="401,108 401,2656 1257,2656 1257,108"/>
            <TextLine id="r1l1" custom="readingOrder {index:0;} person {offset:0; length:14;}">
                <Coords points="437,203 637,156 800,174 857,136 925,164 1031,141 1242,178 1240,92 1137,96 1043,34 894,57 792,33 718,96 606,115 435,84"/>
                <Baseline points="443,167 482,165 522,164 561,161 601,158 641,156 680,153 720,150 759,148 799,146 839,144 878,143 918,142 957,141 997,141 1037,142 1076,144 1116,146 1155,149 1195,152 1235,158"/>
                <TextEquiv>
                    <Unicode>Hanns Gerbrach</Unicode>
                </TextEquiv>
            </TextLine>
            <TextLine id="r1l2" custom="readingOrder {index:1;} place {offset:16; length:7;}">
                <Coords points="437,259 733,255 848,218 978,287 1065,224 1248,231 1247,182 1040,142 917,189 825,167 696,187 639,155 524,209 436,211"/>
                <Baseline points="443,236 485,237 527,236 569,236 611,234 653,231 695,229 737,226 779,223 821,221 863,218 905,216 947,215 989,213 1031,213 1073,215 1115,217 1157,219 1199,226 1242,231"/>
                <TextEquiv>
                    <Unicode>ein Küeffer von Felland</Unicode>
                </TextEquiv>
            </TextLine>
            <TextLine id="r1l3" custom="readingOrder {index:2;}">
                <Coords points="453,496 878,455 1065,478 1223,443 1205,377 1144,422 1057,394 852,432 751,410 704,440 552,390 448,389"/>
                <Baseline points="459,482 496,479 534,476 572,474 610,472 648,470 686,467 724,464 762,463 800,461 838,459 875,458 913,456 951,453 989,452 1027,452 1065,450 1103,449 1141,447 1179,447 1217,446"/>
                <TextEquiv>
                    <Unicode>uff Fryczag den 15. novembr</Unicode>
                </TextEquiv>
            </TextLine>
            <TextLine id="r1l4" custom="readingOrder {index:3;} person {offset:10; length:15;}">
                <Coords points="458,557 777,542 820,564 952,526 1242,555 1240,489 1191,505 1149,480 889,459 764,493 708,464 622,499 540,483 457,509"/>
                <Baseline points="464,542 502,542 541,542 579,540 618,540 656,538 695,536 733,534 772,532 810,530 849,528 888,526 926,524 965,524 1003,522 1042,522 1080,522 1119,523 1157,524 1196,527 1235,530"/>
                <TextEquiv>
                    <Unicode>16 22 hat Hans Aldelbrach</Unicode>
                </TextEquiv>
            </TextLine>
            <TextLine id="r1l5" custom="readingOrder {index:4;} place {offset:16; length:9;}">
                <Coords points="425,644 527,615 650,637 819,603 878,630 1031,598 1168,652 1250,617 1249,554 1160,536 1051,573 906,545 722,580 580,545 424,594"/>
                <Baseline points="431,608 471,610 512,611 552,611 593,611 634,609 674,608 715,606 756,603 796,602 837,599 878,597 918,595 959,594 1000,591 1040,591 1081,591 1122,591 1162,593 1203,596 1244,600"/>
                <TextEquiv>
                    <Unicode>der küeffer von Fellanden zür</Unicode>
                </TextEquiv>
            </TextLine>
            <TextLine id="r1l6" custom="readingOrder {index:5;} place {offset:11; length:7;}">
                <Coords points="464,720 589,683 822,680 903,708 979,663 1042,698 1160,669 1249,695 1248,629 1131,652 1065,609 1026,638 937,616 847,647 784,617 724,656 618,623 463,657"/>
                <Baseline points="470,681 508,680 547,680 585,678 624,677 663,677 701,675 740,674 778,672 817,671 856,669 894,669 933,668 971,668 1010,666 1049,666 1087,668 1126,668 1164,669 1203,672 1242,674"/>
                <TextEquiv>
                    <Unicode>gepiets zu Marzili uß benelh</Unicode>
                </TextEquiv>
            </TextLine>
            <TextLine id="r1l7" custom="readingOrder {index:6;}">
                <Coords points="462,767 572,781 702,755 792,779 909,753 964,785 1017,761 1089,785 1184,749 1263,782 1263,722 1147,726 1088,686 1031,705 979,663 880,723 812,692 647,701 608,679 540,732 462,733"/>
                <Baseline points="468,749 507,749 546,749 586,749 625,749 665,749 704,749 744,749 783,747 823,747 862,746 901,746 941,746 980,746 1020,746 1059,746 1099,746 1138,747 1178,747 1217,749 1257,750"/>
                <TextEquiv>
                    <Unicode>mn g. h mit ernsthafften word</Unicode>
                </TextEquiv>
            </TextLine>
            <TextLine id="r1l8" custom="readingOrder {index:7;}">
                <Coords points="455,834 561,822 860,863 958,824 1151,838 1257,878 1258,800 1194,802 1140,766 1095,801 1042,765 964,785 935,762 874,797 697,770 456,793"/>
                <Baseline points="462,821 501,822 540,822 580,822 619,822 659,822 698,822 738,822 777,822 817,822 856,822 895,822 935,822 974,824 1014,824 1053,825 1093,825 1132,827 1172,829 1211,830 1251,833"/>
                <TextEquiv>
                    <Unicode>und betröüwung der marter e</Unicode>
                </TextEquiv>
            </TextLine>
            <TextLine id="r1l9" custom="readingOrder {index:8;}">
                <Coords points="458,909 573,938 686,907 746,935 954,890 1003,929 1184,916 1240,947 1257,882 1133,869 1095,833 1027,875 974,851 801,883 731,854 681,883 542,886 458,852"/>
                <Baseline points="465,900 504,902 543,902 582,902 622,902 661,902 700,900 739,900 779,899 818,899 857,897 896,897 936,897 975,897 1014,897 1053,899 1093,900 1132,902 1171,905 1210,908 1250,912"/>
                <TextEquiv>
                    <Unicode>vb syne begangne debstal ex</Unicode>
                </TextEquiv>
            </TextLine>
            <TextLine id="r1l10" custom="readingOrder {index:9;}">
                <Coords points="460,992 499,982 551,1005 573,991 598,1004 659,971 728,991 803,972 834,980 834,945 778,924 695,949 631,913 557,944 461,924"/>
                <Baseline points="467,966 492,968 518,969 544,969 570,969 595,969 621,969 647,969 673,969 699,969 724,969 750,969 776,971 802,972 828,974"/>
                <TextEquiv>
                    <Unicode>miniert worden.</Unicode>
                </TextEquiv>
            </TextLine>
            <TextLine id="r1l11" custom="readingOrder {index:10;}">
                <Coords points="422,1121 489,1086 691,1071 864,1098 946,1071 980,1094 1113,1080 1174,1119 1246,1091 1246,1006 1215,1002 1169,1030 1072,1000 966,1041 806,963 678,1026 531,1033 423,991"/>
                <Baseline points="429,1061 469,1064 510,1066 550,1067 591,1068 631,1070 672,1070 712,1070 753,1070 793,1070 834,1069 874,1068 915,1068 955,1068 996,1068 1036,1068 1077,1068 1117,1069 1158,1070 1198,1072 1239,1074"/>
                <TextEquiv>
                    <Unicode>Der hat bekent, wie das er ungfar</Unicode>
                </TextEquiv>
            </TextLine>
            <TextLine id="r1l12" custom="readingOrder {index:11;}">
                <Coords points="464,1154 819,1144 894,1174 1113,1138 1242,1151 1232,1104 1053,1120 922,1091 808,1130 755,1104 616,1121 465,1102"/>
                <Baseline points="471,1134 509,1136 547,1136 585,1137 624,1139 662,1139 700,1140 738,1140 777,1141 815,1142 853,1142 891,1142 930,1142 968,1142 1006,1142 1044,1142 1083,1140 1121,1140 1159,1140 1197,1139 1236,1137"/>
                <TextEquiv>
                    <Unicode>vor 6. Joren alhie Zum baren</Unicode>
                </TextEquiv>
            </TextLine>
            <TextLine id="r1l13" custom="readingOrder {index:12;}">
                <Coords points="461,1217 714,1219 771,1250 902,1226 993,1259 1046,1219 1207,1231 1236,1217 1236,1157 1148,1186 1089,1157 938,1183 756,1145 681,1176 631,1142 539,1193 461,1167"/>
                <Baseline points="468,1205 506,1208 544,1209 582,1211 620,1212 658,1214 696,1214 734,1215 772,1215 810,1215 849,1215 887,1215 925,1215 963,1215 1001,1215 1039,1215 1077,1215 1115,1215 1153,1214 1191,1214 1230,1214"/>
                <TextEquiv>
                    <Unicode>truncknerwyß ein handtbeck</Unicode>
                </TextEquiv>
            </TextLine>
            <TextLine id="r1l14" custom="readingOrder {index:13;}">
                <Coords points="467,1316 947,1296 1120,1329 1203,1305 1236,1328 1252,1196 1151,1265 1037,1281 896,1237 750,1245 694,1275 468,1264"/>
                <Baseline points="474,1286 512,1287 551,1289 589,1290 628,1290 666,1292 705,1292 743,1292 782,1292 820,1292 859,1292 898,1292 936,1292 975,1292 1013,1292 1052,1292 1090,1292 1129,1293 1167,1293 1206,1295 1245,1296"/>
                <TextEquiv>
                    <Unicode>genommen, syeb imme ab vom my</Unicode>
                </TextEquiv>
            </TextLine>
            <TextLine id="r1l15" custom="readingOrder {index:14;}">
                <Coords points="455,1375 525,1389 624,1363 703,1408 754,1375 878,1410 929,1378 1247,1386 1247,1346 1164,1321 1040,1346 933,1310 880,1339 851,1313 769,1356 684,1326 642,1350 522,1320 455,1341"/>
                <Baseline points="461,1362 500,1364 539,1365 578,1368 617,1368 656,1370 695,1371 734,1372 773,1373 812,1373 851,1374 890,1374 929,1374 968,1376 1007,1376 1046,1376 1085,1376 1124,1376 1163,1374 1202,1374 1241,1374"/>
                <TextEquiv>
                    <Unicode>wider abgewegt, vnd vbel daru</Unicode>
                </TextEquiv>
            </TextLine>
            <TextLine id="r1l16" custom="readingOrder {index:15;}">
                <Coords points="439,1466 512,1458 551,1481 603,1460 664,1474 693,1456 821,1485 853,1462 944,1450 945,1404 822,1436 774,1429 737,1397 684,1421 594,1389 549,1425 512,1418 478,1385 440,1387"/>
                <Baseline points="446,1449 471,1448 497,1448 523,1448 549,1448 575,1448 601,1448 627,1448 653,1449 679,1449 704,1451 730,1451 756,1451 782,1452 808,1452 834,1454 860,1454 886,1454 912,1454 938,1455"/>
                <TextEquiv>
                    <Unicode>exactiert worden.</Unicode>
                </TextEquiv>
            </TextLine>
            <TextLine id="r1l17" custom="readingOrder {index:16;}">
                <Coords points="866,1552 885,1548 887,1551 906,1538 931,1549 946,1548 942,1458 935,1459 919,1449 911,1449 883,1481 876,1478 870,1485 863,1485"/>
                <Baseline points="873,1539 906,1533 939,1536"/>
                <TextEquiv>
                    <Unicode></Unicode>
                </TextEquiv>
            </TextLine>
            <TextLine id="r1l18" custom="readingOrder {index:17;}">
                <Coords points="723,1546 746,1549 770,1543 788,1561 826,1541 840,1543 849,1553 861,1551 861,1527 832,1525 803,1501 794,1500 784,1508 769,1502 754,1504 745,1497 723,1502"/>
                <Baseline points="729,1538 754,1539 779,1538 804,1538 829,1538 855,1541"/>
                <TextEquiv>
                    <Unicode>ern</Unicode>
                </TextEquiv>
            </TextLine>
            <TextLine id="r1l19" custom="readingOrder {index:18;}">
                <Coords points="416,1585 539,1580 611,1610 748,1583 906,1613 1021,1579 1098,1612 1205,1607 1243,1590 1243,1520 788,1562 688,1519 576,1538 532,1506 416,1536"/>
                <Baseline points="422,1569 462,1571 503,1572 544,1574 584,1574 625,1575 666,1577 706,1577 747,1578 788,1580 829,1580 869,1580 910,1581 951,1581 991,1581 1032,1580 1073,1580 1113,1578 1154,1577 1195,1575 1236,1574"/>
                <TextEquiv>
                    <Unicode>Item so habe er uff ein zym z</Unicode>
                </TextEquiv>
            </TextLine>
            <TextLine id="r1l20" custom="readingOrder {index:19;} place {offset:0; length:9;}">
                <Coords points="445,1642 520,1673 677,1652 715,1674 957,1658 1018,1682 1242,1653 1242,1623 1144,1595 1058,1638 853,1598 637,1621 445,1598"/>
                <Baseline points="452,1641 491,1642 530,1643 569,1644 608,1645 647,1647 686,1647 726,1649 765,1650 804,1651 843,1652 882,1652 921,1653 960,1653 1000,1653 1039,1653 1078,1652 1117,1651 1156,1649 1195,1648 1235,1644"/>
                <TextEquiv>
                    <Unicode>Wettenwyl uß einem stale</Unicode>
                </TextEquiv>
            </TextLine>
            <TextLine id="r1l21" custom="readingOrder {index:20;}">
                <Coords points="439,1731 818,1744 911,1717 1005,1758 1109,1729 1177,1746 1226,1721 1227,1689 1197,1671 1133,1691 1083,1662 1019,1703 904,1664 836,1687 783,1655 715,1674 675,1653 531,1685 484,1647 441,1650"/>
                <Baseline points="446,1716 484,1716 523,1716 562,1718 600,1718 639,1719 678,1721 716,1721 755,1722 794,1724 833,1725 871,1727 910,1727 949,1728 987,1728 1026,1729 1065,1730 1103,1730 1142,1728 1181,1728 1220,1727"/>
                <TextEquiv>
                    <Unicode>kalb entfrombdet daselb zu</Unicode>
                </TextEquiv>
            </TextLine>
            <TextLine id="r1l22" custom="readingOrder {index:21;} place {offset:0; length:5;}">
                <Coords points="443,1786 511,1817 715,1795 842,1832 1044,1813 1081,1834 1126,1807 1230,1831 1242,1735 981,1757 913,1720 707,1763 592,1738 444,1754"/>
                <Baseline points="449,1784 488,1785 527,1786 566,1787 605,1788 645,1790 684,1791 723,1793 762,1794 801,1796 841,1797 880,1799 919,1801 958,1803 997,1805 1037,1806 1076,1808 1115,1808 1154,1809 1193,1811 1233,1811"/>
                <TextEquiv>
                    <Unicode>ligen vmb 13. bz verkaufft</Unicode>
                </TextEquiv>
            </TextLine>
            <TextLine id="r1l23" custom="readingOrder {index:22;}">
                <Coords points="398,1938 710,1915 1090,1951 1250,1914 1242,1853 1171,1896 1025,1907 940,1901 895,1856 817,1901 765,1870 588,1894 479,1800 401,1787"/>
                <Baseline points="405,1901 449,1902 493,1905 537,1907 581,1910 625,1911 669,1913 714,1916 758,1917 802,1919 846,1920 890,1922 934,1923 979,1923 1023,1923 1067,1922 1111,1921 1155,1919 1199,1916 1244,1911"/>
                <TextEquiv>
                    <Unicode>In einem Sombstag nach den s</Unicode>
                </TextEquiv>
            </TextLine>
            <TextLine id="r1l24" custom="readingOrder {index:23;} place {offset:4; length:4;}">
                <Coords points="442,2016 574,1988 701,2028 756,1998 810,2027 861,1999 1181,2021 1211,2010 1213,1913 1103,1982 970,1989 920,1987 865,1934 777,1974 632,1970 573,1933 444,1941"/>
                <Baseline points="449,1977 486,1979 524,1983 562,1985 600,1987 638,1990 675,1991 713,1994 751,1995 789,1997 827,1998 864,1998 902,2000 940,2000 978,2000 1016,2000 1053,2000 1091,2000 1129,1998 1167,1997 1205,1995"/>
                <TextEquiv>
                    <Unicode>gan Chun gangen, einem eit</Unicode>
                </TextEquiv>
            </TextLine>
            <TextLine id="r1l25" custom="readingOrder {index:24;}">
                <Coords points="439,2066 986,2099 1115,2083 1155,2105 1225,2087 1226,2022 1202,2016 1059,2038 927,2017 841,2055 760,2000 633,2026 568,1988 441,2026"/>
                <Baseline points="446,2049 484,2054 523,2057 561,2060 600,2062 639,2065 677,2068 716,2069 754,2072 793,2073 832,2075 870,2075 909,2076 947,2076 986,2076 1025,2076 1063,2075 1102,2075 1140,2073 1179,2071 1218,2069"/>
                <TextEquiv>
                    <Unicode>entfüert und mit dem selbige</Unicode>
                </TextEquiv>
            </TextLine>
            <TextLine id="r1l26" custom="readingOrder {index:25;} place {offset:4; length:9;}">
                <Coords points="439,2159 616,2153 669,2192 737,2155 784,2182 922,2167 1027,2194 1243,2159 1244,2113 1104,2090 991,2131 907,2086 753,2133 596,2069 440,2103"/>
                <Baseline points="446,2132 485,2134 525,2138 564,2141 604,2144 643,2147 683,2150 722,2153 762,2155 801,2157 841,2159 880,2160 920,2160 959,2162 999,2161 1038,2160 1078,2159 1117,2156 1157,2153 1196,2149 1236,2144"/>
                <TextEquiv>
                    <Unicode>gan Burgdorff kommen und ve</Unicode>
                </TextEquiv>
            </TextLine>
            <TextLine id="r1l27" custom="readingOrder {index:26;}">
                <Coords points="434,2227 494,2220 586,2288 655,2244 770,2250 851,2297 899,2260 1001,2246 1139,2300 1230,2298 1233,2173 1200,2164 910,2230 757,2198 625,2208 490,2143 435,2160"/>
                <Baseline points="441,2210 480,2214 519,2218 558,2223 598,2226 637,2229 676,2233 715,2237 755,2238 794,2240 833,2243 872,2243 912,2244 951,2244 990,2243 1029,2241 1069,2240 1108,2237 1147,2233 1186,2229 1226,2223"/>
                <TextEquiv>
                    <Unicode>kauffen wollen, aber daselbste</Unicode>
                </TextEquiv>
            </TextLine>
            <TextLine id="r1l28" custom="readingOrder {index:27;}">
                <Coords points="428,2298 1074,2342 1238,2311 1239,2251 1184,2233 1059,2287 968,2260 874,2310 746,2272 535,2285 488,2248 429,2270"/>
                <Baseline points="434,2289 473,2294 513,2298 553,2303 593,2307 633,2312 673,2315 713,2318 753,2322 793,2324 833,2325 872,2327 912,2328 952,2327 992,2327 1032,2324 1072,2322 1112,2319 1152,2314 1192,2308 1232,2301"/>
                <TextEquiv>
                    <Unicode>widerumb erdappet, dem ander</Unicode>
                </TextEquiv>
            </TextLine>
            <TextLine id="r1l29" custom="readingOrder {index:28;}">
                <Coords points="433,2410 499,2390 605,2430 646,2399 845,2426 940,2400 1117,2446 1244,2397 1248,2297 1023,2385 935,2390 828,2379 731,2321 593,2349 436,2324"/>
                <Baseline points="440,2378 479,2379 519,2382 559,2383 599,2387 639,2390 679,2393 719,2397 759,2400 799,2403 839,2406 878,2409 918,2409 958,2411 998,2411 1038,2411 1078,2409 1118,2408 1158,2403 1198,2398 1238,2391"/>
                <TextEquiv>
                    <Unicode>syn roß wider worden, er gefengt</Unicode>
                </TextEquiv>
            </TextLine>
            <TextLine id="r1l30" custom="readingOrder {index:29;}">
                <Coords points="416,2489 607,2494 671,2528 752,2486 819,2524 901,2494 1004,2528 1246,2464 1247,2398 1108,2469 1023,2475 938,2400 873,2459 802,2463 733,2432 566,2442 418,2383"/>
                <Baseline points="423,2468 463,2468 504,2469 545,2471 586,2472 627,2476 667,2478 708,2481 749,2485 790,2488 831,2490 871,2492 912,2494 953,2495 994,2495 1035,2493 1075,2490 1116,2487 1157,2480 1198,2473 1239,2463"/>
                <TextEquiv>
                    <Unicode>zugezogen und hernach von der</Unicode>
                </TextEquiv>
            </TextLine>
            <TextLine id="r1l31" custom="readingOrder {index:30;}">
                <Coords points="393,2557 1116,2639 1233,2616 1239,2504 1130,2555 1034,2522 955,2564 775,2512 716,2550 583,2501 395,2520"/>
                <Baseline points="401,2544 442,2546 483,2548 525,2550 566,2553 608,2557 649,2562 690,2565 732,2570 773,2575 815,2578 856,2582 897,2584 939,2586 980,2588 1022,2588 1063,2587 1104,2585 1146,2582 1187,2576 1229,2570"/>
                <TextEquiv>
                    <Unicode>daselbsten mit dem eidt verwist</Unicode>
                </TextEquiv>
            </TextLine>
            <TextLine id="r1l32" custom="readingOrder {index:31;}">
                <Coords points="410,2621 424,2622 451,2646 468,2640 477,2648 510,2637 533,2642 548,2631 567,2643 582,2642 585,2623 573,2623 538,2590 519,2602 513,2599 499,2607 485,2602 467,2609 441,2590 414,2589"/>
                <Baseline points="416,2619 442,2623 469,2628 495,2632 522,2637 548,2639 575,2640"/>
                <TextEquiv>
                    <Unicode>worden.</Unicode>
                </TextEquiv>
            </TextLine>
            <TextEquiv>
                <Unicode>Hanns Gerbrach
ein Küeffer von Felland
uff Fryczag den 15. novembr
16 22 hat Hans Aldelbrach
der küeffer von Fellanden zür
gepiets zu Marzili uß benelh
mn g. h mit ernsthafften word
und betröüwung der marter e
vb syne begangne debstal ex
miniert worden.
Der hat bekent, wie das er ungfar
vor 6. Joren alhie Zum baren
truncknerwyß ein handtbeck
genommen, syeb imme ab vom my
wider abgewegt, vnd vbel daru
exactiert worden.

ern
Item so habe er uff ein zym z
Wettenwyl uß einem stale
kalb entfrombdet daselb zu
ligen vmb 13. bz verkaufft
In einem Sombstag nach den s
gan Chun gangen, einem eit
entfüert und mit dem selbige
gan Burgdorff kommen und ve
kauffen wollen, aber daselbste
widerumb erdappet, dem ander
syn roß wider worden, er gefengt
zugezogen und hernach von der
daselbsten mit dem eidt verwist
worden.</Unicode>
            </TextEquiv>
        </TextRegion>
        <TextRegion orientation="0.0" id="r2" custom="readingOrder {index:1;}">
            <Coords points="1344,10 1344,2837 2391,2837 2391,10"/>
            <TextLine id="r2l1" custom="readingOrder {index:0;}">
                <Coords points="2267,60 2283,65 2296,77 2305,101 2316,99 2330,106 2367,36 2353,32 2351,27 2340,31 2336,28 2312,31 2306,18 2300,20 2291,15"/>
                <Baseline points="2283,44 2311,62 2340,74"/>
                <TextEquiv>
                    <Unicode>34</Unicode>
                </TextEquiv>
            </TextLine>
            <TextLine id="r2l2" custom="readingOrder {index:1;}">
                <Coords points="1378,180 1520,174 1606,212 1800,152 1930,150 1997,186 2045,154 2337,169 2355,130 2211,89 1792,128 1653,53 1535,117 1377,83"/>
                <Baseline points="1385,161 1433,159 1481,158 1529,156 1577,155 1626,153 1674,152 1722,150 1770,149 1818,149 1867,147 1915,147 1963,147 2011,147 2059,147 2108,149 2156,149 2204,150 2252,152 2300,153 2349,156"/>
                <TextEquiv>
                    <Unicode>von daselbst dannen sye er gantue¬</Unicode>
                </TextEquiv>
            </TextLine>
            <TextLine id="r2l3" custom="readingOrder {index:2;}">
                <Coords points="1361,253 2226,230 2334,275 2334,173 2243,208 2129,166 1994,186 1927,150 1778,199 1568,208 1507,175 1361,213"/>
                <Baseline points="1367,233 1415,230 1463,226 1511,224 1559,222 1607,221 1655,221 1703,221 1751,221 1799,221 1847,221 1895,221 1943,222 1991,223 2039,224 2087,225 2135,225 2183,227 2231,227 2279,228 2327,228"/>
                <TextEquiv>
                    <Unicode>nen komen dem Bredicanten auch</Unicode>
                </TextEquiv>
            </TextLine>
            <TextLine id="r2l4" custom="readingOrder {index:3;}">
                <Coords points="1375,314 2327,297 2327,270 2246,246 2146,272 2010,228 1932,269 1782,223 1668,250 1582,224 1474,276 1375,262"/>
                <Baseline points="1382,296 1431,294 1480,293 1530,292 1579,291 1629,290 1678,290 1727,290 1777,290 1826,288 1876,288 1925,288 1975,288 2024,288 2073,288 2123,288 2172,288 2222,288 2271,287 2321,287"/>
                <TextEquiv>
                    <Unicode>ein roß entfüert mit demselbig</Unicode>
                </TextEquiv>
            </TextLine>
            <TextLine id="r2l5" custom="readingOrder {index:4;} place {offset:4; length:6;}">
                <Coords points="1376,396 1481,359 1782,383 1982,352 2160,413 2222,360 2342,355 2342,318 2217,342 2157,304 1877,328 1833,298 1769,344 1665,298 1599,347 1552,309 1375,340"/>
                <Baseline points="1382,366 1429,365 1477,363 1525,363 1572,362 1620,362 1668,360 1715,360 1763,360 1811,359 1859,359 1906,359 1954,357 2002,357 2049,357 2097,357 2145,356 2192,356 2240,356 2288,354 2336,354"/>
                <TextEquiv>
                    <Unicode>gan Murten gfaren und schon al</Unicode>
                </TextEquiv>
            </TextLine>
            <TextLine id="r2l6" custom="readingOrder {index:5;}">
                <Coords points="1376,440 1958,427 2188,439 2236,475 2347,438 2346,408 2239,368 2160,413 2109,378 1949,409 1804,376 1741,410 1558,409 1514,369 1462,406 1376,397"/>
                <Baseline points="1383,435 1430,433 1478,430 1526,428 1574,426 1622,426 1670,425 1717,425 1765,425 1813,425 1861,425 1909,425 1957,425 2005,425 2052,426 2100,426 2148,426 2196,426 2244,426 2292,426 2340,425"/>
                <TextEquiv>
                    <Unicode>bereit einem anderen verkoufft, vnd</Unicode>
                </TextEquiv>
            </TextLine>
            <TextLine id="r2l7" custom="readingOrder {index:6;}">
                <Coords points="1388,521 1672,502 1872,547 1932,497 2223,506 2336,491 2336,457 2236,473 2167,439 1955,427 1836,481 1752,450 1700,482 1549,475 1502,437 1388,475"/>
                <Baseline points="1395,504 1441,503 1488,501 1535,501 1582,500 1628,498 1675,498 1722,497 1769,497 1815,495 1862,495 1909,494 1956,494 2002,493 2049,492 2096,491 2143,491 2189,490 2236,489 2283,488 2330,486"/>
                <TextEquiv>
                    <Unicode>2. F. daruff empfangn aber anr</Unicode>
                </TextEquiv>
            </TextLine>
            <TextLine id="r2l8" custom="readingOrder {index:7;}">
                <Coords points="1394,585 1588,608 1795,567 1988,609 2035,571 2078,606 2125,576 2337,578 2337,530 1933,497 1872,548 1597,511 1551,548 1394,560"/>
                <Baseline points="1401,581 1447,578 1493,576 1540,575 1586,573 1633,573 1679,572 1726,572 1772,570 1819,570 1865,570 1911,570 1958,570 2004,570 2051,570 2097,570 2144,570 2190,569 2237,569 2283,569 2330,567"/>
                <TextEquiv>
                    <Unicode>noch daselbsten von deß h Predi¬</Unicode>
                </TextEquiv>
            </TextLine>
            <TextLine id="r2l9" custom="readingOrder {index:8;}">
                <Coords points="1394,670 1603,700 1714,644 1869,693 1964,644 2009,674 2153,643 2340,687 2339,579 2301,573 2193,620 2129,580 2038,629 1926,579 1834,629 1710,627 1647,590 1559,625 1517,587 1394,625"/>
                <Baseline points="1400,656 1446,654 1493,653 1539,651 1586,650 1633,650 1679,648 1726,648 1773,647 1819,647 1866,647 1913,647 1959,645 2006,645 2053,645 2099,645 2146,645 2193,645 2239,645 2286,645 2333,645"/>
                <TextEquiv>
                    <Unicode>rant Sohn ergriffen, gefengeklich</Unicode>
                </TextEquiv>
            </TextLine>
            <TextLine id="r2l10" custom="readingOrder {index:9;}">
                <Coords points="1376,757 1713,736 1810,776 1913,715 1990,784 2044,739 2326,725 2336,679 2248,700 2149,644 2078,678 1983,654 1908,698 1564,709 1487,674 1375,696"/>
                <Baseline points="1382,735 1429,734 1476,731 1524,729 1571,726 1619,725 1666,723 1713,722 1761,720 1808,719 1856,717 1903,717 1950,717 1998,717 2045,717 2093,717 2140,718 2187,719 2235,720 2282,723 2330,725"/>
                <TextEquiv>
                    <Unicode>zngezogen ime syn roß wider worden</Unicode>
                </TextEquiv>
            </TextLine>
            <TextLine id="r2l11" custom="readingOrder {index:10;}">
                <Coords points="1373,839 1452,800 1927,838 2250,793 2310,832 2361,809 2360,710 2261,749 2180,731 2138,772 1931,728 1824,782 1372,770"/>
                <Baseline points="1379,800 1427,801 1476,803 1525,803 1574,803 1622,803 1671,801 1720,801 1769,799 1817,798 1866,797 1915,795 1964,794 2012,794 2061,792 2110,792 2159,792 2207,794 2256,795 2305,798 2354,801"/>
                <TextEquiv>
                    <Unicode>vnd noch dem er starck daselbstn</Unicode>
                </TextEquiv>
            </TextLine>
            <TextLine id="r2l12" custom="readingOrder {index:11;}">
                <Coords points="1388,906 1572,894 1628,937 1765,891 1878,934 1981,873 2233,911 2360,892 2360,809 2301,832 2250,793 1951,856 1862,818 1685,810 1560,854 1387,827"/>
                <Baseline points="1394,882 1442,882 1490,881 1538,879 1586,879 1634,878 1682,876 1730,876 1778,875 1826,875 1874,873 1922,873 1970,873 2018,872 2066,872 2114,872 2162,872 2210,872 2258,873 2306,873 2354,875"/>
                <TextEquiv>
                    <Unicode>gefolteret, endtlichen an das halßysen</Unicode>
                </TextEquiv>
            </TextLine>
            <TextLine id="r2l13" custom="readingOrder {index:12;} place {offset:31; length:7;}">
                <Coords points="1388,988 1567,946 2189,990 2380,956 2379,899 2335,893 1387,922"/>
                <Baseline points="1394,960 1445,959 1497,956 1548,954 1600,953 1651,951 1703,950 1754,948 1806,947 1857,947 1909,947 1960,945 2012,945 2063,945 2115,945 2166,945 2218,947 2269,947 2321,947 2373,948"/>
                <TextEquiv>
                    <Unicode>gestelt und von der Herschafft Fryburg</Unicode>
                </TextEquiv>
            </TextLine>
            <TextLine id="r2l14" custom="readingOrder {index:13;} place {offset:4; length:4;}">
                <Coords points="1376,1057 1622,1036 1709,1065 1790,1028 2342,1060 2379,1042 2379,963 2268,1005 2104,970 1923,1011 1710,954 1603,1015 1532,981 1376,1001"/>
                <Baseline points="1382,1029 1431,1029 1481,1029 1530,1029 1580,1029 1629,1029 1679,1029 1728,1028 1778,1028 1827,1028 1877,1028 1927,1028 1976,1028 2026,1028 2075,1028 2125,1029 2174,1029 2224,1031 2273,1032 2323,1034 2373,1035"/>
                <TextEquiv>
                    <Unicode>vnd Murt mit dem Eidt verwisen</Unicode>
                </TextEquiv>
            </TextLine>
            <TextLine id="r2l15" custom="readingOrder {index:14;}">
                <Coords points="1387,1113 1417,1117 1442,1112 1474,1128 1505,1161 1537,1165 1540,1081 1530,1081 1516,1068 1490,1066 1472,1080 1458,1076 1436,1084 1388,1079"/>
                <Baseline points="1394,1107 1421,1106 1449,1106 1476,1108 1504,1109 1532,1110"/>
                <TextEquiv>
                    <Unicode>worden.</Unicode>
                </TextEquiv>
            </TextLine>
            <TextLine id="r2l16" custom="readingOrder {index:15;}">
                <Coords points="1338,1228 1696,1223 1833,1261 1905,1220 2392,1238 2392,1170 2358,1166 1715,1201 1617,1157 1527,1176 1429,1115 1339,1121"/>
                <Baseline points="1344,1212 1396,1212 1448,1214 1500,1214 1552,1215 1604,1215 1656,1217 1708,1217 1760,1218 1812,1219 1864,1220 1916,1220 1968,1221 2020,1221 2072,1221 2124,1221 2176,1221 2228,1221 2280,1221 2332,1221 2385,1220"/>
                <TextEquiv>
                    <Unicode>Nach demselbigen sye er vnlangst alher</Unicode>
                </TextEquiv>
            </TextLine>
            <TextLine id="r2l17" custom="readingOrder {index:16;} person {offset:11; length:17;}">
                <Coords points="1378,1315 1482,1288 1844,1297 1999,1334 2121,1292 2243,1324 2373,1304 2373,1270 2297,1246 1882,1277 1807,1250 1637,1271 1600,1243 1561,1274 1378,1235"/>
                <Baseline points="1385,1286 1434,1286 1483,1286 1532,1287 1581,1289 1630,1289 1679,1290 1728,1292 1777,1292 1826,1293 1876,1295 1925,1295 1974,1296 2023,1296 2072,1296 2121,1295 2170,1294 2219,1293 2268,1290 2317,1288 2367,1286"/>
                <TextEquiv>
                    <Unicode>komen, vnd Sammel Wettenbach dem</Unicode>
                </TextEquiv>
            </TextLine>
            <TextLine id="r2l18" custom="readingOrder {index:17;}">
                <Coords points="1381,1400 1500,1366 1994,1370 2070,1399 2325,1368 2124,1291 1989,1352 1889,1316 1825,1350 1654,1342 1556,1290 1480,1340 1382,1319"/>
                <Baseline points="1388,1356 1434,1358 1481,1359 1527,1361 1574,1362 1620,1362 1667,1364 1713,1364 1760,1365 1806,1365 1853,1367 1899,1367 1946,1367 1992,1367 2039,1368 2085,1368 2132,1368 2178,1368 2225,1368 2271,1368 2318,1368"/>
                <TextEquiv>
                    <Unicode>Ysenkrämer 2 zugmäßer vor</Unicode>
                </TextEquiv>
            </TextLine>
            <TextLine id="r2l19" custom="readingOrder {index:18;}">
                <Coords points="1378,1442 2019,1440 2238,1470 2343,1457 2344,1417 1994,1370 1827,1374 1772,1416 1622,1369 1497,1416 1379,1399"/>
                <Baseline points="1385,1431 1432,1431 1480,1430 1527,1430 1575,1430 1623,1430 1670,1430 1718,1431 1765,1431 1813,1433 1861,1434 1908,1436 1956,1437 2003,1437 2051,1439 2099,1440 2146,1440 2194,1440 2241,1442 2289,1442 2337,1440"/>
                <TextEquiv>
                    <Unicode>dem Laden entfrömbdet, die Ime</Unicode>
                </TextEquiv>
            </TextLine>
            <TextLine id="r2l20" custom="readingOrder {index:19;}">
                <Coords points="1396,1513 1726,1530 1773,1506 1999,1570 2196,1523 2196,1496 1953,1472 1879,1492 1828,1456 1708,1441 1522,1484 1468,1444 1398,1443"/>
                <Baseline points="1403,1497 1442,1499 1481,1499 1520,1499 1560,1500 1599,1500 1638,1502 1678,1503 1717,1503 1756,1505 1796,1506 1835,1509 1874,1510 1913,1512 1953,1513 1992,1514 2031,1515 2071,1517 2110,1518 2149,1518 2189,1520"/>
                <TextEquiv>
                    <Unicode>abr auch umbhin worden syein.</Unicode>
                </TextEquiv>
            </TextLine>
            <TextLine id="r2l21" custom="readingOrder {index:20;}">
                <Coords points="1370,1625 1586,1625 1623,1652 1693,1626 1774,1669 1814,1640 1981,1638 2047,1669 2114,1641 2179,1694 2257,1647 2330,1664 2333,1603 2093,1618 2004,1581 1858,1612 1677,1562 1565,1607 1373,1535"/>
                <Baseline points="1377,1608 1424,1611 1471,1613 1519,1615 1566,1619 1614,1621 1661,1623 1708,1625 1756,1627 1803,1629 1851,1632 1898,1632 1945,1635 1993,1636 2040,1637 2088,1638 2135,1638 2182,1640 2230,1640 2277,1640 2325,1640"/>
                <TextEquiv>
                    <Unicode>vnnd nechst verschinner tagen sye er</Unicode>
                </TextEquiv>
            </TextLine>
            <TextLine id="r2l22" custom="readingOrder {index:21;} place {offset:3; length:11;}">
                <Coords points="1363,1703 1528,1688 1833,1733 1919,1706 2077,1719 2147,1761 2215,1723 2303,1730 2305,1688 2182,1696 2109,1665 1983,1692 1846,1656 1774,1672 1688,1625 1625,1653 1366,1625"/>
                <Baseline points="1371,1682 1417,1683 1463,1685 1510,1687 1556,1689 1602,1692 1649,1695 1695,1696 1741,1698 1788,1700 1834,1703 1880,1705 1927,1706 1973,1709 2019,1710 2066,1712 2112,1713 2158,1713 2205,1715 2251,1715 2298,1715"/>
                <TextEquiv>
                    <Unicode>zu Matzenriedt in einen Koller</Unicode>
                </TextEquiv>
            </TextLine>
            <TextLine id="r2l23" custom="readingOrder {index:22;}">
                <Coords points="1387,1783 2133,1784 2261,1829 2362,1790 2365,1712 2088,1771 2022,1771 1969,1719 1833,1762 1660,1714 1389,1727"/>
                <Baseline points="1395,1755 1443,1758 1491,1760 1539,1763 1587,1766 1635,1767 1683,1770 1731,1772 1779,1775 1827,1777 1875,1779 1923,1781 1971,1783 2019,1784 2067,1787 2115,1788 2163,1790 2211,1790 2259,1791 2307,1793 2355,1793"/>
                <TextEquiv>
                    <Unicode>gangen, vnd einem Buren 2 fasen</Unicode>
                </TextEquiv>
            </TextLine>
            <TextLine id="r2l24" custom="readingOrder {index:23;}">
                <Coords points="1373,1840 1518,1880 1637,1854 1686,1886 1864,1858 2370,1882 2358,1816 2310,1850 2130,1850 1893,1775 1591,1825 1533,1785 1483,1821 1375,1794"/>
                <Baseline points="1380,1829 1429,1834 1478,1837 1527,1841 1576,1844 1626,1847 1675,1850 1724,1852 1773,1854 1822,1856 1872,1858 1921,1860 1970,1862 2019,1862 2068,1863 2118,1864 2167,1865 2216,1866 2265,1866 2314,1866 2364,1868"/>
                <TextEquiv>
                    <Unicode>daruß entfröuldet, de ime ob auch</Unicode>
                </TextEquiv>
            </TextLine>
            <TextLine id="r2l25" custom="readingOrder {index:24;}">
                <Coords points="1388,1913 1684,1933 1803,1979 1843,1947 2262,1950 2327,1990 2379,1963 2379,1879 2127,1926 1944,1886 1827,1922 1559,1859 1390,1885"/>
                <Baseline points="1395,1899 1443,1907 1492,1913 1541,1919 1590,1923 1639,1927 1688,1931 1737,1933 1786,1936 1835,1937 1884,1938 1932,1940 1981,1941 2030,1941 2079,1943 2128,1943 2177,1943 2226,1944 2275,1944 2324,1946 2373,1946"/>
                <TextEquiv>
                    <Unicode>angentz wid abgiagt, er darob er </Unicode>
                </TextEquiv>
            </TextLine>
            <TextLine id="r2l26" custom="readingOrder {index:25;}">
                <Coords points="1381,2013 1596,1995 1714,2061 2112,2028 2213,2060 2358,2040 2360,2005 2153,1981 2059,2008 1941,1956 1810,1983 1676,1939 1564,1976 1507,1939 1384,1957"/>
                <Baseline points="1389,1976 1437,1983 1485,1988 1533,1992 1581,1997 1629,2000 1677,2005 1726,2007 1774,2010 1822,2012 1870,2015 1918,2016 1966,2018 2014,2019 2063,2021 2111,2022 2159,2024 2207,2025 2255,2027 2303,2028 2352,2030"/>
                <TextEquiv>
                    <Unicode>griffen vnd gfencklichen alhar ge¬</Unicode>
                </TextEquiv>
            </TextLine>
            <TextLine id="r2l27" custom="readingOrder {index:26;}">
                <Coords points="1388,2089 1710,2082 2058,2137 2187,2103 2228,2141 2321,2146 2396,2129 2398,2086 2354,2061 2031,2075 1913,2030 1836,2071 1632,2060 1523,2004 1390,2012"/>
                <Baseline points="1395,2061 1444,2068 1494,2073 1544,2077 1594,2082 1644,2085 1693,2087 1743,2089 1793,2091 1843,2093 1893,2093 1942,2094 1992,2095 2042,2096 2092,2096 2142,2097 2191,2099 2241,2099 2291,2100 2341,2103 2391,2105"/>
                <TextEquiv>
                    <Unicode>füert worden. Dise syne begang</Unicode>
                </TextEquiv>
            </TextLine>
            <TextLine id="r2l28" custom="readingOrder {index:27;}">
                <Coords points="1387,2141 1606,2190 1659,2160 1733,2194 1801,2168 1894,2202 1945,2173 2035,2199 2297,2175 2298,2149 2051,2157 1997,2120 1939,2153 1783,2151 1708,2085 1581,2123 1525,2096 1476,2127 1389,2104"/>
                <Baseline points="1394,2135 1438,2139 1483,2144 1528,2147 1573,2150 1618,2154 1663,2157 1707,2160 1752,2162 1797,2163 1842,2165 1887,2166 1932,2168 1977,2169 2021,2171 2066,2171 2111,2172 2156,2172 2201,2172 2246,2172 2291,2174"/>
                <TextEquiv>
                    <Unicode>ne diebstäl ime sent ime von</Unicode>
                </TextEquiv>
            </TextLine>
            <TextLine id="r2l29" custom="readingOrder {index:28;}">
                <Coords points="1381,2258 1474,2234 1742,2282 2135,2247 2335,2275 2354,2189 2253,2217 1931,2189 1884,2228 1828,2185 1745,2217 1676,2176 1537,2198 1468,2155 1382,2197"/>
                <Baseline points="1388,2220 1435,2227 1483,2232 1531,2236 1579,2241 1627,2244 1675,2246 1723,2248 1771,2250 1819,2251 1867,2252 1914,2252 1962,2252 2010,2253 2058,2253 2106,2252 2154,2252 2202,2252 2250,2252 2298,2253 2346,2253"/>
                <TextEquiv>
                    <Unicode>grundt synes hertzens leidt bitte</Unicode>
                </TextEquiv>
            </TextLine>
            <TextLine id="r2l30" custom="readingOrder {index:29;}">
                <Coords points="1382,2336 1805,2324 1937,2389 2020,2332 2282,2336 2303,2281 2224,2264 2160,2305 2036,2314 1976,2263 1919,2287 1878,2260 1790,2304 1733,2278 1655,2305 1467,2251 1383,2283"/>
                <Baseline points="1389,2298 1434,2304 1479,2311 1524,2315 1570,2319 1615,2324 1660,2326 1706,2328 1751,2330 1796,2330 1842,2331 1887,2331 1932,2331 1977,2331 2023,2330 2068,2330 2113,2330 2159,2329 2204,2328 2249,2328 2295,2328"/>
                <TextEquiv>
                    <Unicode>also Gott vnd vlg vmb gnad</Unicode>
                </TextEquiv>
            </TextLine>
            <TextLine id="r2l31" custom="readingOrder {index:30;}">
                <Coords points="1380,2399 1446,2390 1528,2432 1606,2425 1640,2447 1766,2431 1770,2381 1753,2373 1726,2382 1660,2357 1592,2370 1553,2339 1464,2347 1417,2366 1384,2355"/>
                <Baseline points="1389,2379 1415,2381 1442,2385 1468,2388 1495,2392 1521,2397 1548,2400 1575,2405 1601,2406 1628,2409 1654,2412 1681,2412 1707,2412 1734,2411 1761,2408"/>
                <TextEquiv>
                    <Unicode>vnd verzychūng</Unicode>
                </TextEquiv>
            </TextLine>
            <TextLine id="r2l32" custom="readingOrder {index:31;}">
                <Coords points="1370,2496 1641,2484 1856,2527 1928,2491 2214,2487 2393,2533 2394,2412 2361,2398 2231,2475 1992,2420 1920,2473 1671,2469 1604,2426 1537,2462 1371,2421"/>
                <Baseline points="1377,2469 1427,2475 1478,2479 1528,2481 1579,2484 1629,2486 1680,2487 1730,2489 1781,2489 1831,2489 1882,2489 1932,2489 1983,2489 2033,2488 2084,2487 2134,2487 2185,2487 2235,2488 2286,2489 2336,2490 2387,2492"/>
                <TextEquiv>
                    <Unicode>Ist das erste mol lär, das ander mit dem kleinen</Unicode>
                </TextEquiv>
            </TextLine>
            <TextLine id="r2l33" custom="readingOrder {index:32;}">
                <Coords points="1388,2563 1469,2536 1521,2565 1604,2582 1680,2567 1705,2585 1800,2592 1805,2522 1766,2503 1676,2497 1616,2520 1572,2498 1519,2522 1394,2488"/>
                <Baseline points="1398,2523 1424,2527 1451,2531 1477,2534 1504,2536 1531,2539 1557,2541 1584,2544 1610,2546 1637,2547 1664,2549 1690,2550 1717,2550 1743,2552 1770,2552 1797,2553"/>
                <TextEquiv>
                    <Unicode>stein und das 16</Unicode>
                </TextEquiv>
            </TextLine>
            <TextLine id="r2l34" custom="readingOrder {index:33;}">
                <Coords points="2045,2565 2102,2551 2175,2576 2213,2605 2308,2558 2389,2566 2390,2532 2326,2530 2259,2498 2208,2532 2188,2515 2150,2531 2130,2512 2096,2530 2080,2521 2046,2533"/>
                <Baseline points="2052,2549 2077,2549 2102,2549 2128,2549 2153,2550 2178,2550 2204,2550 2229,2550 2255,2552 2280,2552 2305,2553 2331,2555 2356,2558 2382,2561"/>
                <TextEquiv>
                    <Unicode>n beidn steinen</Unicode>
                </TextEquiv>
            </TextLine>
            <TextLine id="r2l35" custom="readingOrder {index:34;}">
                <Coords points="1375,2591 1507,2624 1520,2614 1623,2618 1664,2629 1699,2667 1721,2670 1726,2582 1538,2583 1457,2540 1410,2562 1377,2560"/>
                <Baseline points="1383,2582 1408,2587 1434,2591 1460,2595 1486,2598 1511,2600 1537,2601 1563,2603 1589,2603 1614,2604 1640,2605 1666,2606 1692,2608 1718,2610"/>
                <TextEquiv>
                    <Unicode>uffzagen worden.</Unicode>
                </TextEquiv>
            </TextLine>
            <TextLine id="r2l36" custom="readingOrder {index:35;}">
                <Coords points="1367,2678 1663,2717 1826,2692 1885,2728 2014,2690 2195,2712 2293,2688 2293,2659 2200,2620 2148,2634 2042,2596 1947,2638 1803,2618 1710,2676 1648,2627 1579,2676 1367,2626"/>
                <Baseline points="1374,2661 1419,2670 1465,2677 1510,2683 1556,2687 1602,2690 1647,2691 1693,2691 1738,2691 1784,2691 1830,2690 1875,2688 1921,2687 1966,2684 2012,2684 2058,2682 2103,2682 2149,2682 2194,2684 2240,2687 2286,2690"/>
                <TextEquiv>
                    <Unicode>Den 20. novembr ist iser küeffer</Unicode>
                </TextEquiv>
            </TextLine>
            <TextLine id="r2l37" custom="readingOrder {index:36;}">
                <Coords points="1382,2729 1762,2780 2099,2748 2188,2771 2250,2729 2139,2695 2079,2732 1997,2706 1877,2734 1819,2700 1627,2721 1590,2696 1382,2699"/>
                <Baseline points="1389,2721 1431,2729 1474,2735 1517,2741 1559,2744 1602,2747 1645,2750 1687,2751 1730,2751 1773,2753 1816,2753 1858,2751 1901,2751 1944,2750 1986,2749 2029,2748 2072,2748 2114,2747 2157,2747 2200,2747 2243,2748"/>
                <TextEquiv>
                    <Unicode>mit ruth ußgschwung und mit dem</Unicode>
                </TextEquiv>
            </TextLine>
            <TextLine id="r2l38" custom="readingOrder {index:37;}">
                <Coords points="1381,2809 1560,2812 1713,2865 1777,2821 2312,2846 2314,2790 2192,2803 2135,2762 2063,2799 1956,2765 1867,2790 1565,2753 1524,2777 1384,2735"/>
                <Baseline points="1389,2786 1434,2792 1480,2798 1526,2803 1572,2806 1618,2809 1664,2812 1709,2814 1755,2816 1801,2817 1847,2817 1893,2819 1939,2819 1985,2819 2030,2819 2076,2819 2122,2819 2168,2819 2214,2820 2260,2820 2306,2822"/>
                <TextEquiv>
                    <Unicode>lidt von ihr g landt verwisen worden.</Unicode>
                </TextEquiv>
            </TextLine>
            <TextEquiv>
                <Unicode>34
von daselbst dannen sye er gantue¬
nen komen dem Bredicanten auch
ein roß entfüert mit demselbig
gan Murten gfaren und schon al
bereit einem anderen verkoufft, vnd
2. F. daruff empfangn aber anr
noch daselbsten von deß h Predi¬
rant Sohn ergriffen, gefengeklich
zngezogen ime syn roß wider worden
vnd noch dem er starck daselbstn
gefolteret, endtlichen an das halßysen
gestelt und von der Herschafft Fryburg
vnd Murt mit dem Eidt verwisen
worden.
Nach demselbigen sye er vnlangst alher
komen, vnd Sammel Wettenbach dem
Ysenkrämer 2 zugmäßer vor
dem Laden entfrömbdet, die Ime
abr auch umbhin worden syein.
vnnd nechst verschinner tagen sye er
zu Matzenriedt in einen Koller
gangen, vnd einem Buren 2 fasen
daruß entfröuldet, de ime ob auch
angentz wid abgiagt, er darob er 
griffen vnd gfencklichen alhar ge¬
füert worden. Dise syne begang
ne diebstäl ime sent ime von
grundt synes hertzens leidt bitte
also Gott vnd vlg vmb gnad
vnd verzychūng
Ist das erste mol lär, das ander mit dem kleinen
stein und das 16
n beidn steinen
uffzagen worden.
Den 20. novembr ist iser küeffer
mit ruth ußgschwung und mit dem
lidt von ihr g landt verwisen worden.</Unicode>
            </TextEquiv>
        </TextRegion>
    </Page>
</PcGts>
