2458 3029
394 53 1217 209 rantz  Cagel
492 163 1036 283 hieūorgemelten.
326 398 1229 543 Als dan verschinner tagen Herr Mar¬
303 495 1227 587 ans Morlott, Herr zu Münchenwyler
303 564 1208 675 mit einem schrifftlichen bricht Frantz
274 629 1195 749 Nagel synen Müller daselbsten ge¬
291 686 1158 809 fengklichen alhar geschickt, darinnen
286 781 1210 890 er dn di Muller viler sachen an¬
290 839 1141 951 clagt, sonderlichen aber daß er der
277 932 1167 1035 Müller verschunnen Minthers und
262 991 1158 1105 der Kornthur vilmehr Getreidts
279 1068 1143 1177 verkaufft, den aber syn mil mit
278 1161 1209 1261 mahlen ertragen mögen, vnß gepuren
266 1234 1197 1336 moßen gewunnen mogen, vnd das er
254 1305 1195 1426 der müller mit synen zwien knechten
254 1375 1093 1479 die Ime dem Herren nit allein im
230 1436 1189 1559 Kornhuß, sonder auch zu Keller übel
254 1507 1203 1664 hußgehalten, ein verstendtnuß gehept
244 1596 1168 1726 unnd imme vil korn und wyn veren
254 1672 813 1791 untrinret habent etc.
257 1738 1148 1900 Vff welche deß Herren von Wylers
247 1837 1190 1981 wider synen Müller und beide knechti
226 1893 1176 2051 gefüerte anslegten, habent vg die
239 2000 1188 2121 verordnung gethan, das der eine knecht
244 2048 1132 2180 Ull müller genampt ein junger
218 2120 1147 2243 poß so Jetzmalen hinder dem Ampt
217 2206 1104 2338 Trachselwaldt gedicnet (wyl dr
217 2281 1122 2411 ander Kneht Christen genampt.
219 2334 1121 2486 nit zubeträtten) alhar verschoffet
203 2399 1114 2553 damit dr Müller und diser sell
207 2511 1139 2644 gegen einanderen verhört werd nit
989 2619 1153 2737 vnd
1251 1147 1279 1215 4
1251 1195 1413 1264 bias In die
1267 1248 1401 1312 mit
2050 30 2112 85 5.
1424 47 2237 174 vnnd vff dz endthin, den Frou
2168 128 2252 194 N
1457 126 2151 221 sichtigen vnd Wysen Herren
1413 193 2217 298 Stätig deß kleinen Rhats ver¬
1433 261 2202 380 der sy beider syths mit ernst¬
1445 334 2218 423 woreten, vmb das ein vnd
1451 398 2380 512 verhöre, vnd gegen einanderen A
1443 469 2368 580 frontiere das ist nun der
1448 535 2347 632 ehrengemelten Herren, zu bysyn
1448 602 2395 699 herren Daūicl Schmidts der bur
1448 674 2430 789 geren und herren Großweibel kilch
1443 744 2413 863 bergers zu Marzil, ihr g beneld
1455 813 2088 939 nach verrichtet worden.
1378 934 2334 1070 Da hat min der Müller Frantz
1438 1020 2376 1118 Nagel anfangß nit gestendig zn
1445 1098 2433 1204 wellen, das er gwußt, das de beide
1437 1152 2423 1255 Kmechten Ime dz Eetreidt. so sy Ime
1437 1235 2416 1340 Zū vnderschidenlichenn mahlen Zū¬
1445 1299 2387 1395 gebracht, Irem Herren Vnntringet
1432 1376 2384 1459 habnit, noch vil weniger das er darzu
1436 1445 2364 1534 geholffen habe, als Zuglych auch
1444 1514 2396 1608 deß Seynes halber, Nach dem
1447 1587 2382 1662 vnd aber Ime dem Muller vor¬
1438 1637 2362 1765 gemelter vllj, der eine Kneht ist
1426 1703 2361 1824 und de angesgestelt worden, hat er
1414 1789 2373 1896 dem Müller vndermundts erhalten
1415 1866 2325 1980 das er der Müller uffein zych zu
1414 1940 2337 2051 imme und synem mitknecht, zu der
1429 2016 2364 2129 Müli grest, ermanglete(reverenter
1429 2079 2358 2200 synen schwynen vnd Roßen haber
1428 2152 2343 2247 ob sy Ime nit etwan darzu ver¬
1414 2230 2361 2327 holffen köntnit, daruff der Crist
1418 2303 2342 2398 Ime geantworttet, er wolle Imn
1436 2367 2352 2482 wol können göben, wan der herrn
1409 2424 2388 2550 Ime haber fur die Roß gebe, wolle
1413 2512 2380 2625 er aldan ime denelben, oder etlichen
1410 2578 2366 2694 daruon lasen werden ime dem
