3125 4133
760 242 1583 433 Item so sye er unnd syn gspant
781 342 1582 502 ner, mit einanderen fern zu
806 416 1491 518 vß Wollis Landt, humb
786 487 1554 620 Ober Sibenthal gangen, daseg
824 556 1588 694 einem Landtman Vßemtz
813 625 1597 769 ein Roß entfrömbdet, daselbi
815 692 1587 819 bis gan St Moritzen gefuert
828 780 1610 905 vnd verkauffen wellen, es sen
798 838 1604 968 der Heing Landtman deßen de
805 920 1614 1040 Roß gsin nachgylt vnd znen s
816 980 1621 1136 Roß zu St Moritzen wider absigt
807 1055 1596 1163 da den syn gspan von imme könen
825 1121 1603 1257 ye, also das er inne iderhar nit wi
819 1209 1130 1300 sters gesechen
783 1257 1607 1396 Denne so habe er Meythaler einen
812 1374 1596 1470 In Mallis Landt, ein Kū Būn¬
825 1430 1614 1532 trüwret und die dem wirth zugt
823 1500 1515 1614 Lienhart vmb. 9. F. verkoufft
816 1584 1575 1737 Wytters zu Gaÿen In Wallig
837 1693 1585 1788 einem ein ehrmen hafen, sye ob
832 1758 1222 1854 ime wid worden
801 1857 1587 1973 Item So habe er vor einem Jor zu
818 1931 1595 2013 St Steffan Im Oberen Sibenthal
809 2003 1541 2097 vor dem Wirthshuß ein große
825 2066 1608 2172 Schenck kannen, so deß Landtsgi¬
842 2134 1603 2249 entfrömbdet, die gan Sichen trag
833 2209 1586 2333 vnd daselbsten einem Kantengießer
827 2270 1323 2387 vmb vier  verkuufft
786 2378 1583 2474 Henne ungfarvor 14 tagen dem
792 2439 1580 2542 Weltschen Wirth zu Turnen ein
804 2502 1609 2607 Beth ein Hauptkeißi ein Eynloche
828 2568 1608 2687 vnd ein Tecki veruentrunret das
790 2629 1572 2753 Wilhelm Meyer dem Küeffer alhit
807 2699 1577 2798 vnd yner frouwen Zuuerkouffe
802 2748 1585 2861 zubracht, daruß sy fünffs erlößen.
795 2816 1607 2916 vnnd dz gelt mit einanderen lied¬
815 2878 1387 2986 licher wÿß vertrincken
