2473 3182
191 46 1086 192 Zu Vffhusen by Eriswyl, Einem
254 168 1053 258 Puren 4 Leybbrot, 1 mass anken,
248 224 1106 324 1. Jini habemäl j juni arbs 1 maß
247 277 1128 387 nydlen und by 20 lb käsen, uß ein
251 338 1107 439 kaller, so er mit synene Instrument
246 404 880 506 ufgethan etc. unntruwet
199 523 1073 661 Einem Landtman In Wallis 12
239 617 1072 722 riemen dürs fleysch 12 gryss
215 682 1048 784 käßi und ein sönmelogel
262 740 858 839 sol wyn entfrömbdet
148 872 1110 1013 Annethin zu Wolhuser abermal
251 982 1063 1075 einem gwüßen landtman, mit
257 1046 1039 1152 synem faltsche dietrich ein
239 1101 1038 1217 sych geoffnet in welichem
242 1156 1102 1295 er aber nützit dann korn funden
221 1243 881 1355 dessen e aber nit begärt.
317 1319 361 1402 3
202 1383 1116 1519 Zur Nussborm hinder Sunnßwald
215 1460 1122 1566 abenmalen ein seych, durch beurte
264 1543 1129 1630 mitel ufgethan zu welichem
251 1608 943 1710 e aber gar mit funden,
228 1694 1058 1787 Vuuer von Dempach, aber ein
227 1791 1116 1871 drych oberlüterter gstalt ufgethan,
233 1831 1059 1948 In dem er mir Eychlen funden
230 1907 779 1996 deen er nit begärt
192 2013 1180 2141 zu Friswyl auch ein stychar gröffnet
214 2106 1134 2206 und darus ein brustthuh genomen,
172 2197 1134 2318 entlichen so habe e Inn malters
236 2279 1173 2386 kilchgang) aber ein sprych gröffnet
243 2354 1110 2457 und darus ein immel möl gestolen
188 2450 1173 2577 und nachdeno imme fürgehalten, obe
205 2539 1120 2639 den eyd, so ime durch die geschworne
208 2597 1186 2702 zu Trachsilwald gäben nit übersachenn
913 2690 1094 2792 zeigt
2139 31 2210 90 8
1201 5 2157 186 zeygt e an doul ime in wüschen
1228 103 2178 222 niemalen kein eyd, sonders allein
1228 165 2211 295 ein glühe, (das er sy gfangenschafft
1232 227 2186 381 er nemandtsrächen welle) gethan
1222 304 1335 415 habe
1412 342 1791 442 Bittet e
1225 437 2190 574 Ist das 1 mal Lär. Das 2 mal
1231 498 2109 612 mit dem kleinen stein. das
1243 564 2087 685 3. mal mit 2 steinen und das
1253 634 2192 778 gmal mit 3 jen pzaen und
1546 726 1659 815 B.
1420 739 1485 814 6
1276 770 2141 918 Ist in gsäsnem rhat einhälligklich
1255 856 2160 976 sekhendt. Das man inne mit
1249 938 2178 1058 ruten ußschmeytzen und volgendts
1255 1012 2130 1129 mit dem eyd und statt und land
1269 1091 1634 1203 zwysen solle.
1326 1220 1950 1345 Werli Mierer von
1478 1294 1751 1415 Attliswyl
1251 1384 2220 1503 Bemmach Verschiner tagen Welli Murer
1231 1471 2193 1572 von Attiswyl, wagen e by nacht vnd
1283 1526 2271 1618 näbel zu meßen Golothurner gepiets
1283 1577 2238 1676 einer gwüsen person, mit synen dietrich
1289 1648 2256 1724 vnd Instrumenten, In Kallen gebrochenne
1289 1693 2184 1785 In welichem er ergriffen, durch denn
1283 1740 2280 1845 richter zu ättigen, gfänklich alhar gfürt
1273 1800 2292 1892 worden: Derhalben nun v gdt gefallen
1289 1857 2253 1954 Vnog Bhatzedels, einen Vß dero mitlen
1283 1925 2240 2022 zeunodnen, beurten Werli Mures
1310 1986 2310 2067 mit zimmlich fekung der marter harüber
1294 2048 2315 2139 zu examinierete.  Welicher Ir gdi benälch
1313 2102 2296 2205 nun uf montag den 12. aprilis diß
1318 2165 2292 2259 1624. jals ime lywasen, anhören und
1321 2227 2313 2344 zägenwürtigkeit des ehrennesten kommen
1268 2273 2310 2402 an fürs wolgeachten wysen herren, herren
1312 2351 2287 2449 BrathLudwig meyen des kleyner shats
1312 2394 2350 2513 Cunrad kilchbärges der Burgeren, Niclaus
1304 2476 2322 2584 kilchbärges Grosweybels, sampt etlicher
1314 2538 2301 2641 Wryblen ni gh und oberen dienerenetc.
1326 2604 2315 2723 requiert und ime volg gestelt worden.
2008 2746 2280 2882 Har
2264 72 2340 154 17
