2476 3046
319 132 1241 278 genommen unnd kungegen ein mäß daß mit
305 226 1238 344 worns darunder gemischlet, nach deder
297 302 1025 411 Der herr deßen erclagt unnd er
301 362 1083 466 verügte thadt vernommen, habe er den
304 441 1090 564 der gepue nach darumb abgestrafft, so
320 493 1074 596 vebüttig dem herren darumb bis
297 558 635 664 hihung zu thun,
336 669 967 782 sanst seye nit weniger, dem
318 732 989 867 zu Wyler Hetzmalen vil ab
307 792 1027 911 selagen, mir damit er inne von
319 859 1037 985 herren erkoufften wuli wyl er der
318 938 1069 1044 hor wol erbeßeret, vnnd der herr
1137 947 1200 1038 .
307 987 1073 1116 etwas geruwen, bringen mögen
292 1081 1131 1183 werde sich uber obstendes nit wyther
305 1126 1154 1247 finden, vmb welliches er aber Ime billl
310 1183 1162 1326 ersezung thun wölle, wie er dann ge
288 1260 1139 1375 Itestationen unnd abscheiden von den
286 1339 1147 1440 dem unnd orten, da er hieuor uff müld
296 1390 1153 1495 unnd sonst geseßen, das er sich erlich und
297 1449 1138 1572 troncklich gehalten habe, Er bidtet aber
283 1518 1159 1639 vor disers synes begangnen fählers wegen,
284 1592 1201 1698 git unnd usr g gantz demütig umb ver
285 1645 1186 1771 zythung unnd das derglychen nit mehr sölle
283 1718 840 1831 von ime gehört werden etc.
1953 34 2185 113 3
1414 76 2236 219 Elbet Hutmere
1461 183 2158 301 M Anthorn des Stat
1570 255 2141 375 alhie Haßfrome
1408 356 2172 498 Demnach von mn h. den eerichter
1454 460 2170 571 fürtragen worden, wie das Elßbe
1461 535 2207 632 nerin, M Anthoni Holtzers
1455 603 2274 724 rüthers alhie hußfröu, als verschu¬
1462 676 2308 786 Pfingsten ein Jar, sich em Erdbideme
1465 742 2308 849 sölle gredt haben, ss wüße wol, wohn
1471 818 2358 940 sölche sach kome, mit vermelden, Es
1445 874 2344 1009 unsers herrgotts schwantz oder delben
1448 962 2405 1069 schweiff, so solche bewegung er Erden
1454 1034 2394 1115 thüey, Da sy die frouw, den darüber
1448 1108 2376 1185 von m. h. den horrichteren sye ver¬
1445 1174 2365 1270 hortt worden und also dirch sy verant
1454 1236 2412 1330 wortet worden, Sy habe sich domale
1448 1313 2418 1427 mißrett, vnd anstath sy sagen wollen
1423 1369 2423 1488 Es sye vnsers Herrgoths guldmer Weder
1447 1444 2396 1543 habe sy gredt, er shutte synen hurmuet
1441 1508 2420 1618 Schnabel, vnd also diser anclag nit ander
1443 1562 2417 1690 bekantlich syn wollen, deßwegen ehren
1442 1637 2420 1753 gemelte insh die horrichter nachuolgend
1429 1702 2391 1819 zügen darob verhört, als erstlichen Heinrich
1404 1752 2387 1890 falwysen, zuget, das sy die Elßbeth zu
1435 1853 2422 1975 obanzogner Zytz, vff den vermeldten allaß
1436 1895 2355 2052 gredt, es sye vnsers Hergotts schwantz,
1441 1963 2383 2104 Vnd nach dem erkusezug vnd andere, sich
1441 2043 2388 2181 ab denen worten entsetzt und sy die
1435 2090 2395 2276 darumb reprentendiert, habe sy nochwyg
1437 2149 2387 2333 gredt, es sye syn schweiff mit der ußlegen
1421 2222 2401 2403 das glych wie der Maalfisch, durch bewegen
1452 2283 2395 2454 hnes schwantzes, dz gantze mehr erreget
1423 2367 2400 2555 Also bewege sich die Erden, wan vnser her
1416 2437 2391 2626 gort ynen schwantz enerevnd syander
1427 2507 2385 2697 bluchmüler wisnit daruo nit, wiob
1409 2570 2400 2765 sy als ein alte frouw, die mehr erfanen
1408 2638 2386 2835 ten, den obr er uezug, vnd andere
