2463 3269
205 94 1108 226 Als er aber gfragt worden, wormib
246 162 1103 307 er sy entwändt und uf was end hie
249 237 1156 378 e sy dahin verboigen. Hatt er grantnag
216 299 1088 431 wie das er verstanden, das er pneig
232 342 1125 503 heren ein roß bungsi vnd ziefuren
236 419 1043 534 musen: Vnd nachdem i solichs
233 470 1105 618 wärde verrichtet haben. se er deß
239 545 1034 647 vorhabens gsin, synen gewenen
211 596 1095 712 zunerlassen. die sting imme zeentrag
191 664 1029 768 dieselben Zeuerkoufft, vnd mit
207 732 1029 840 dem elößten galt, in syn heymet
201 791 1081 912 zezwehen. Bitt aber utz gde jünigklich
234 856 897 966 umb gnad und verzychung.
209 955 1106 1061 isr tagney ist zunae bekhendt
224 1026 1017 1129 zwimal här und das 3 mal
233 1076 1079 1185 zur bstättigen syner bethandtnuß
227 1148 842 1249 auch har vyzogen woden
240 1238 1023 1344 st einmal van mngl hern eines
136 1272 1015 1417 ersammen rhats erkhendt: Das man
229 1373 1059 1476 Inne näben eine stacken ceusiren
215 1432 1040 1535 wideumb in sy heymatt verwysen
218 1495 1016 1599 jedoch imme wag synne zugent ken
236 1516 1050 1674 eyd gälen solle. Aesum 20 obr.
219 1630 438 1734 lb 23.
1209 -13 2145 196 Morh Rurch von Viesteine Vnderen
1249 85 1909 233 Bipstum bonentnet.
1185 261 2085 431 Altdenn verschie tagen Grorg
1200 348 2026 503 graf von unstem, vnderm
1194 408 2082 571 bigstumb bonenteat und syn
1200 483 2121 639 gspan Heynrich Tyßer von Häfigs
1211 569 2095 709 hoffen. In deme hochen grichten
1203 638 2151 769 von wagen irer uf der gsellschafft
1194 695 2091 844 zum Narren Veubten Vnge¬
1197 773 2082 906 hürligkeyten und das er eysen
1199 854 1983 965 ein gwüße person verwundt
1207 916 2105 1080 pfänklichen ynglegt und verhafftet
1196 1001 2119 1123 worden. Die sind nun uf kytag
1182 1065 1967 1196 den 10. octobris dis 1623. jars
1195 1136 2100 1275 zu lywäsen, vnd gagenwurtigkeit
1163 1211 2122 1348 deß Ehrenuesten, Fromen, furnamen
1181 1279 2110 1423 fürsichtigen wolgeachten wysen heren
1184 1351 2106 1488 B Gannd Fellemnbargs des kleinen
1192 1424 2123 1537 bhats h Rudolf Grings
1175 1488 2073 1625 der burgern, Vns Lewa Ammans
1188 1552 2049 1689 und etlich weyblen nitge herren und
1191 1629 2120 1750 Ihren dieneen, Cmag Rhatzedels
1186 1689 2093 1820 enordelicher matsen cxaminet: welche
1181 1748 2047 1890 danne nachmolgende Diebstal vnd
1201 1830 2090 1962 mnshandlungen zu Marzili bethendt
1189 1907 2022 2018 ouch mit de marter ehalten, Vnnd
1466 1977 1962 2057 hatt deswegen
1183 1998 1458 2099 bestättiget.
1182 2023 2032 2158 gedachter Grorg Graf allerenstlichen
1182 2115 1959 2226 bekhendt: Wie das er nun ein
1168 2153 2055 2290 zyt dahar, an vilen Vnderschidenlichen
1194 2213 2065 2362 athen und mit en zu langen,
1176 2283 2029 2422 thel, ly einem furen getroschenn
1158 2332 2081 2480 dadennen sich nach dignouw verfigt
1178 2402 2074 2558 ihnen gspanen daselbst angetroffen
1159 2461 2041 2598 de inne angredt: hals er mit imme
1171 2525 2059 2654 züchen, er ime gnug zuaßen galen
1167 2598 2083 2712 wolle, Vnd nachdem er soliches versprochen
1176 2658 1999 2789 habe er lyser ein stuk käs isein
1166 2707 2099 2864 dack gezogen, deßelbe der buchten und d
1195 2822 1592 2916 satt worden spend.
1794 2845 2065 2934 Demnach
2115 -45 2170 28 1
2295 94 2358 175 14
