2423 3040
461 4 1261 257 Sesfan Goth
439 217 1278 314 ein Murer Vsem Ampt Ahl¬
703 281 956 385 pirtig
465 463 1300 600 eytag den 16. augusti diß 1627
371 530 1274 658 Jhars In bysyn, anhören vnnd gegen würtig,
433 617 1226 710 keit deß fromen, fürnemen, fürsichtigen
421 678 1244 773 ersammen unnd wysen herren zohanßMeggers
416 729 1240 846 deß Kleinen Raths, Dannach Schmielts der
378 794 1297 892 Besegeren, Nielaus Kilchbergers Großweibel
386 861 1257 946 nnd etlicher Weillen m g hr und oberen
357 912 1262 1012 Diener SadtStaffan Goth, der Muder
435 979 1290 1079 uß dem ampt Alen pürtig, so verschmnertags
437 1028 1275 1132 zu Kaptetten ob einem diebstahl ergriffen,
435 1094 1284 1199 unnd von dem ammen daselbsten gfengtlichen
430 1160 1306 1261 alhargebracht worden, zu Marzili nachmolge
443 1212 1294 1321 de diebstähl bekent unnd mit der klarzer be
449 1287 624 1364 tätiget.
397 1354 1317 1472 lamlichen unnd deß ersten, habe er vor 1 ja
447 1440 1298 1544 einem synem nachauren, hmn synem heimadt
440 1503 1290 1594 Vß deßelbigen Garten etlichen Rabiß eint
434 1571 1299 1681 frömbdet Nach dem unnd aber es derselbige
440 1632 1281 1739 vernommen, seye er verlagt worden, vnnd habe
428 1690 1293 1805 Ime derselbige begangne Diebstahl by den
433 1749 715 1843 1 u geschtet.
472 1864 1290 1981 Jenne alls er nun by etlichen haren dahar, allh
435 1928 1282 2050 Im Landt, hin vnnd wider, uff synem handt¬
434 1996 1275 2116 werk gearbeitet, darob die man sich synem
436 2053 1298 2174 vernemnen nach nützit zeclagen haben werde.
1162 2135 1220 2176 11
388 2122 1299 2218 Dihen Winster aber unnd hnn diser thuren zy
421 2179 1305 2278 menig zuarbeiten gehert, seye er leider uß hin
421 2235 1296 2349 noh unnd von deßelbigen wegen dahin getr
420 2315 1297 2419 worden, das er sich wysch vergoßen, by nacht
416 2382 1292 2471 näbel, heim siechenhuß vor der sstadt, durch er
425 2444 1293 2520 Fänser inn ein kiechsteben gebrochen, daselbst
414 2503 1296 2600 4 lb den an gelt ein bethsamt zwogeu
422 2576 1293 2682 den entfrömbdet, das satt aber küßen
421 2636 1301 2742 er es nit tregen mögen neben einer mureng
2249 79 2312 130 14
1368 172 2252 289 Iem habe er kannßhenmer dem Bodten, mit
1400 248 2250 348 hilf synes verbuben welcher Ime das murer
1401 311 2331 407 handtwerck ze lernen verdinget worden  deßelb
1394 363 2339 465 bigen huß zween thein hafen, nit gar ein bachen
1406 421 2315 542 fleisch, eine mäßigefläschen unnd deßelbigen huß
1400 486 2336 587 man auch ein therinen hofen entfrombdet, des
1412 553 2300 655 geclagten gältshalber thüge jenner imme unrecht,
1400 633 2066 719 dann er nütit dauon gesechen habe.
1388 726 2318 834 Item zu Stedtlen einer Witfgouwen zwen Ehein
1414 808 2313 905 köfen, etlichen eynwadt wüße aber nit wie
1378 857 2380 956 vil deßelbigen gsin ein klein Kößeli ein läderne
1408 926 2350 1024 fläschen, zwo Zinenkanten, ein pfannen, vnnd ein
1423 974 2355 1077 dach veruntreüwet, den uchteßel aber, habe er
1421 1045 2339 1135 nit tragen, sonder vor dem huß, müßen blyben
1419 1113 1917 1204 laßen, demwüllerbyd
1475 1207 2317 1316 eimüller by der wägmül uß der Mdi
1423 1283 2016 1380 Zwaūssek mit Mähl entreit
1412 1354 2364 1445 und deß müller am scheidweg verlornen mähls halb
1418 1427 2306 1530 w��e ser nit, seye deßelben auch nit gestendig
1435 1511 2310 1609 imac näber im Geristeiner zahl, zwen Rachen
1411 1580 2323 1678 Schwynen Fleisch fünfftstuff dürch kalbfleisch,
1437 1636 2368 1736 ein kamen, ein wenig gesodtnen Ancken, einweni
1442 1702 2323 1798 daltzen 3 stückli schmär unnd in mäs habermäl
1439 1762 1715 1840 entfr�mbdet
1376 1838 2336 1964 einem kuren Vffem hundtsperg ein sack darinen
1427 1914 2324 2031 Unggar by 8 lb fäderen gsin veruntrüwet,
1436 2037 2347 2145 So seye auch unlangest mit hilf synes buben einem
1422 2091 2375 2223 Buren uff dem Tänstenbärg zun synem spycher
1435 2169 2315 2266 gebrochen, ein Sach mit Broth, vnnd ein hack
1433 2230 2327 2331 mit mäht unnd ein sack vollen lymwaddt
1421 2292 2353 2393 wüße aber nit wie vil deßelbigen gsin ver
1442 2355 2372 2441 ensteüwet, dann es dem anret wider worden
1445 2430 1543 2501 seyer
