2432 3182
194 80 1073 243 Ime Stauffer dhennen angrtt
232 161 1089 316 er möchte noch wol mehr trmf
232 230 1082 391 er Stauffer imme ganting nit
220 313 1064 434 geantworenet er solle Inne en¬
190 375 1044 511 Fleghen geben, so wolle er nehr
234 471 1074 582 yn reichen, dz di er Stauffer
230 528 1097 674 aich gethan, hab, aber dem Bantig
221 604 1070 727 In munsten nit vermeldet wor¬
233 686 1083 811 den wys gehelt habe. Wie aber
247 747 1092 877 er Stauffer mit der Fleschen vr
221 835 1112 959 der Vrena Stüblis fürgangen, habe
227 890 1092 1051 dieselbige Zum Fenster Pfglugt,
233 989 1108 1102 und inme angredt wohor erköme,
236 1060 1106 1189 er Stauffer Irf daselbig anzeicht
246 1146 1083 1267 wie nemlich er vffem platz Vß
246 1213 1107 1343 einem faß zu der Köschenswyn
237 1300 1116 1423 gereicht habe, daruff gy den an¬
242 1369 1124 1473 gentz Ime den Zenig Zuber,In
254 1423 1069 1568 welchen der schandti hieuor sihe
257 1504 1115 1650 gebrucht, zum Feeister vßgereckt
228 1605 1137 1717 ds er noch mehr wegn reichen solle
231 1671 1122 1795 da er den leid gra geuolget, aber ob
231 1733 1106 1852 der that von ey wechteren ergriffen
259 1810 1131 1921 worden. Dantig sye aber nit darby
253 1875 1116 1999 gsie noch Im wenigosten daruon
257 1965 497 2076 gewüht.
890 1967 1002 2073 d
180 2030 1120 2191 tem so sye leider auch wahr, das
212 2147 1115 2245 Schmidki hievor etwas Hygs als
247 2182 1126 2340 er by imme in der Vrena Stibl
242 2228 1149 2398 gsin zu nacht in underschidenlich
253 2354 1152 2486 mahlen, korn heim in der Vrena
238 2411 1152 2556 stubl gebracht, da er Schmidt
236 2464 1167 2642 den immee vermeldet, das er das di
242 2571 1155 2723 einen theil ungfar by 2 der 3
238 2673 1143 2808 müten zu Costlan Gerigb
1001 2728 1161 2854 fasten
1155 -61 2133 178 kesten genomen, den anderen thel
1163 65 2121 230 hr wo er Schmidtli un genomen,
1316 118 2140 259 allem by 5 eer 6 nmt 9s
1166 194 2135 369 nit vermeldet, welches korn, den
1173 221 1276 308 18
1170 263 2149 451 gnahenwerben, zn zweien und
1186 372 2059 534 sidenlichen mohlen, zn einem
1173 408 2208 575 breidtlig uff der ahren dem müller
1165 493 2142 650 zu Rychenbach zuqfuert, daruon
1189 568 2104 701 er hnen Zwen nit gemalen
1170 609 2148 764 umb das ander ab  schmidtli das
1199 689 2126 849 gelt geben von wellichene gelt ob
1207 773 2138 903 er Stauffer nitit empfangen habe
1172 850 2172 986 Welliche dise ihne begangne Fhäler
1152 917 2211 1063 Imme Stauffer von grundt sgnes hertzens
1201 989 2145 1121 keidt ige botte also Gott, vnd
1198 1056 2209 1192 Vch m g h. vmb guedt vnd ver¬
1197 1130 2179 1263 zychnung, vnd das wo er durch den
1217 1208 2214 1325 Schmidtli und die gedachte Vrena
1202 1251 2211 1417 Doblerind nit were also verfüert
1216 1327 2198 1481 word, es Ime zun syne gedancken
1227 1423 2184 1564 memolen komen wire. Vnd
1236 1473 2217 1614 will also nit gestendig yn, solcher
1234 1581 2219 1694 gstalten vners Myn noch anders
1234 1664 1747 1767 begangen zu haben
2297 87 2346 154 4
