2459 3243
196 63 1123 259 Hatt er anzeygt, Das er soliches
213 194 1103 326 nemalen gethan, sye Ime ouch
220 261 1118 384 niemalen In sinn komen, vnd
199 335 1088 448 werde sich nemener efinden.
188 387 1045 508 War sye es, das er von diser
202 458 1000 553 faltschen zulag wägen zu
205 530 1068 624 Frybwg die steinen ufzüchen
218 585 1105 713 und also das keyserlich recht usten
220 652 1069 760 müßen. Die khundtschafft aber
223 708 1081 824 so wider inn gredt, sye umpartysch
208 769 1080 906 und mit der wacheyt nit umbgang
206 838 1078 947 und syn schwäger Hans Schars
203 899 1098 1015 so ime Jetz syn obgscheidne vmb ein,
197 972 1045 1084 1andren schleypfe) Velumbde
193 1051 520 1146 Imee also.
103 1143 1053 1291 Das se aber alhar gfurt, vnnd
196 1254 1111 1362 Jetzmalen zn vgde banden lige
212 1325 1091 1447 sye die eintzige ursach nammlich
149 1385 1083 1494 Diewyl Ime gefangne, da her
178 1457 1119 1561 landtvogt hienoc getröüwt, das
218 1523 1083 1654 so er Inn mehr antraffe: e Juns
212 1605 1101 1697 erschiessen welle, e geantwatet
182 1662 1105 1775 habe, solle nur lugen, so er im
187 1737 1081 1853 fäle, e ime nit fälen welle.
222 1803 1105 1928 und so er gefangne hieuor, etwan
199 1892 1041 1992 an einem rop mit marten
192 1957 1059 2050 ein oder 2 dikl gwunih: n
168 2009 1092 2152 heren landtvogt, es imme alwagen
187 2103 853 2216 habe verpieten laßen.
122 2183 1107 2325 bittet un gden jnnigklich umb verzychung
91 2310 1094 2460 Diser bendicht Schwab ist estlich
167 2422 1107 2505 tär und das ander mol mit dem
155 2473 1123 2608 kleinen steyn ufzogen woden.
200 2618 1109 2742 suf ein gute seihur und das e
152 2662 1148 2827 Im großen globe, das er die gfangen,
26 2748 151 2824 eindstor
154 2737 1138 2873 bschafft an nemrandtsrachen welleet. Uß
164 2844 644 2949 ledig glaßt worden.
1179 -2 2193 207 Morg Brah von Unstem underem
1207 101 2131 244 bischstem bonentnit hienage
1356 158 1583 250 emelt.
1192 204 2085 357 smittwuchen den 15. octobus
1175 283 2199 456 dis 1623 jars in bywasen, anhören
1194 366 2202 496 und gägenwürtigkeyt des ehren
1195 433 2199 578 uesten, from hnnann fürsichten
1193 493 2161 637 volgrachten wysen herren e. damid
1190 557 2184 711 sollembargs des kleinen Rhats
1193 635 2188 771 Abrahem stettles der burgern
1209 717 2174 834 Tilans Kilchbarges Großweybels
1217 795 2167 911 sampt etlicher weyblen nit g
1206 842 2165 997 heen und oberen dieneren. Hat
1201 930 2066 1071 hievorgemelter Grörg Graf
1208 996 2166 1128 obert obgeschribnen diebstalen
1216 1066 2175 1187 und artielen zu Marzili noch
1207 1133 2087 1250 wyters bekhendt, auch mit der
1219 1185 2217 1315 Marter ehalten und bestattiget
1197 1271 2210 1393 Wie das er namlichen im Buntgön
1211 1335 2242 1468 Vnder Basel, Vngfarlich vor einem
1221 1411 2195 1530 jor zwen mantel zwey wehr
1225 1484 2149 1592 6. ellen thuch: Item ein mit
1232 1535 2210 1682 silbebeschlagen maßen, ein sembd
1227 1640 2203 1746 und ein alt par schu, genomen
1197 1776 2250 1940 Sennethin Im Margrafenlandt
1225 1868 2224 2007 einer gwiesen person by dero er¬
1240 1956 2240 2076 gedienet, ein par schürlezhosen
1241 2025 2270 2137 und wonnst, (so an de stangen
1237 2103 2269 2205 ghanget). Item ein stükl laden
1246 2172 2257 2282 und ein klein keseli entzukt.
1238 2251 2285 2348 weliches alles er umb 8 bazen hingaben,
1261 2328 2178 2435 vnd Volgendts darumb brot
1256 2403 1592 2514 koufft habe.
1231 2472 2278 2617 Wil also vernere diebstälen und
1267 2562 2265 2678 mißhandlungen nit gestëndig syn.
1260 2644 2272 2766 dise grong grat, ist das 1 mal lär,
1243 2722 2110 2809 ds 2 mal mit dem Kleinen stein,
1256 2762 2233 2874 B 3. mol mit den 2. steinen, vnd
1243 2823 2314 2957 B4 mal dyen steinen ufzogen worden.
2330 81 2381 148 4
