2463 3266
26 1264 162 1329 4 nochma
19 1578 205 1670 Gropw
186 1529 222 1569 1
302 92 1065 218 Ehsleth Wwang hieuorgemet
197 173 1096 356 Wiewol in g heren und eberen, der
257 289 991 413 hievogemelter eisbet zwang,
256 372 1069 481 gethane runde bekhandtnus, gangen
252 436 1002 523 samlich angehört vnd vorstandenn
228 488 1065 591 Wie namlichen sy ir eheman, wider
252 566 1044 669 alle Christenliche llebe vnd gebür
225 637 1014 708 der sodeng und anderen mit ira
249 694 1063 788 begangenen mishandlungen unschuldig
231 765 908 846 ws anclagt und beschuldiget
218 823 1056 931 Habend doch hochamelt zr gden jnn
239 900 1031 1000 bedancken disere sach gantz suspect
245 973 1058 1062 und argwönnisch, villichter etwas
242 1024 1000 1127 thätlichs daran sye) daran nit
233 1092 1050 1199 komen: sondes hieuor, vnd wolge
235 1164 1076 1246 melten zu Dand Fellembaig Irem
238 1228 984 1323 Mittthat vfbinder wellen, sy
236 1273 1065 1379 mit nothwendig marte alle schapfe
236 1344 1101 1443 nach zucramimeren t. In welchesi
221 1413 1071 1539 bywäsen dann, ouch gegenwürtig,
229 1462 1060 1598 beyt 82 Marti Mülles der burgen
256 1522 1014 1656 ampt etlich weyblen nitg heren v
218 1605 1017 1718 oberen dieneen, soliches beschächen
231 1691 711 1790 und verrichtet worden.
187 1771 1026 1902 Hatt also einelte Elsbeth Zwans
231 1831 992 1964 unangsachen sy nothwendige
226 1900 1020 2020 marter ußgestanden, ubr obge
236 1962 1013 2076 schribne bekhantungs, vernes vnd
192 2007 1024 2159 Wyters zn gantz frynen wag (gäl
196 2077 992 2202 was ira Joch fürgehalten worden sye.
218 2141 1030 2259 nit anzeygen, noch vermalden wellenn
174 2165 1052 2326 Denn das diewyl jr eheman, sy offt
206 2229 1052 2397 gar übel mit streychen tractiert, sy der
192 2298 1053 2451 han dgstalten alwag ubernommen, das
195 2363 1014 2517 sy offtmal nit gwüßt, was sy than
205 2416 1043 2546 oder gredt, ouch mehrmaln deßhalben in
180 2513 678 2608 ammachten gfallen sye.
158 2502 1053 2695 habe also irem eheman, in dene 1 23
182 2585 1040 2754 9. punten, wider alle Christenliche liebe
190 2630 1025 2791 und billigkeit gantz unrecht zu kürch
184 2667 1054 2847 und überthan, dann e ein ufrecht
189 2729 1051 2900 redlichr biderman sye. Daruf sy starle
192 2837 686 2947 und zu tod gan wolle
167 2821 1062 3023 Ist 2 möl här und ein mol mit dem kleinen
189 2953 576 3083 stein phahn woden
2109 5 2211 62 155
1390 -11 1473 74 N
1210 18 2108 206 Ist von mnzin gl h und oberen i
1213 102 2120 272 gsaffeen sthat erkhendt, das man s
1222 166 2145 308 mit ruten ußschmeytzen und volgendt
1209 242 2112 392 den eyd von statt land gäben und
1237 308 1741 440 stark censurieren solle.
1355 631 1944 785 Michel Dulberger
1237 855 2075 1013 Es befelch mynergl Hr. Ist obgemelter
1219 952 2094 1103 Dulbärger von Verargwonten verfeltschung
1243 1030 2090 1151 etlicher Schanz zedlen, durch ir g dyener
1221 1109 2008 1229 er Großweibel kilchbärger ernstwortig
1224 1180 1643 1311 pfammnert worden.
1205 1300 2073 1435 Der hat nach beschechener nothwendiger für
1242 1371 2099 1505 bildung bekendt, das er sich leider, ja so wyrth
1223 1456 2063 1558 vergäßen, das er vier der Zedlen, so Mr
1211 1509 2099 1621 Baledyn den Verdingeren an der Schantz gäben
1205 1580 2102 1721 Also verfeltscht, das an die zahl der rütten
1212 1649 2124 1761 verenderet und vermehret, häte aber söllichen
1223 1699 2123 1824 keins wags fürgenommen, wan ime die ver
1231 1757 2154 1908 singer selbs nit darzu angewißen hetten, mit
1233 1844 2088 1982 fürgäben, das ein solliches ebenmäßig schon
1228 1902 2156 2052 Vor Langem brucht habe Mr Volendyns Sohn
1222 1956 2170 2116 und sye insonderheit Christen Hügli von Uflingen
1204 2026 2073 2169 Der aller erst gsin, der imme dißere ver-
1238 2084 2091 2236 feltschung angemutet und fürgäben, das mr
1202 2169 2051 2298 Vollendgns Sohn damit auch vmbgangen,
1208 2183 2136 2388 Sonst habe er sich wytters und vermners nit
1231 2267 2166 2433 vergäßen, dan allein mit dennen vier Zedlen
1271 2344 2137 2521 ohr Groß inhanden hat, war den künfften
1242 2411 2161 2577 belange, da vß vier, acht vnd zwentzig eronen
1253 2466 2095 2663 gemacht worden, habe denselbigen Benth
1232 2520 2071 2712 Frettinger unnd der gefanngee schmidt
1224 2577 2158 2766 wie er ein sölliches selbs bekhendt. feltscht,
2205 68 2273 169 1
