2453 3290
215 42 1136 237 alles er eyser einefangen, gan zi
216 128 1127 285 verschaffet Vnd volgents daselbsten
212 200 1092 324 einem kücheschmid ain stalder
236 267 1078 383 umb 4 l etlich betzen verkonfft.
235 345 1099 477 ußt welichem elößten galt er, iu
208 411 922 515 Grahen 30 bz gaben habe
227 692 1115 850 Heeirich Wsen von Häßigkoff
282 790 987 910 hne den hochen Griehten
176 857 1051 1065 Als degelbich gflagt, War iemne
239 1022 1068 1139 veranlaßet, den Jenigen verseten
225 1085 1091 1192 also mit dem Kolchen Zeuewunden
199 1150 1072 1259 Hatt er geantwortet: Wie das derselb
248 1220 1064 1318 verwundte, imme vor etwas zyts
230 1281 1065 1391 als e letstlich zum h hauptman
217 1355 1083 1442 michel Lendel gedinget) ein sonder
210 1410 1088 1506 Affiont bewisen, vnd mecklich gehasset
224 1465 1058 1571 und inne verschinenen frytags ungfärt
230 1530 1098 1648 alhie zum marren angetroffen, dasalt
241 1599 999 1707 mit einanderen bis vmb Zachnen
228 1665 1041 1769 getrunken, sye e ime der louben
221 1716 1073 1823 nach nachgang, und ime mit einem
226 1785 1078 1896 kolchen uf die Sohulteren gestochen
186 1829 1063 1967 Wyl er Lyser aber gantz Truncken gsi
222 1902 1057 1996 konne e nit wuge wie es zugangen.
207 1955 1044 2068 Weliches aber ime träffenlich und von
222 2045 676 2131 Härtzen leyd sye
207 2104 1100 2247 und wiewol er ders gestolnen anken
191 2193 1075 2301 kübels kesis und hafens anfangs
233 2251 1032 2367 nit geständig syn noch mit danon
200 2289 1094 2421 wüessen wöllen: Hat er doch naschden
213 2345 999 2502 imme syn Cspan Grorg Graf
211 2400 1062 2530 onfrontiert, vnd vndel ongen gspelt
203 2450 1075 2592 worden) bekhendt, das solichem also
224 2528 1063 2671 syen und er gedachte Diebstäl alhas
202 2584 1013 2722 verschoffet und oberlüterter gstalt
182 2691 549 2798 verkanfft habe.
2057 26 2128 72 12
1172 33 2024 166 den sy sich gehegten fünstling
1173 102 2126 247 beirendt Habe ermelter kupferschid
1196 167 2120 303 gmne denselben zu behalten gäben.
1172 244 2000 377 des Portsfläschen aber, er alhie by
1186 297 2111 428 einem gfintrem gekaufft habe
1172 359 2015 494 sonst öbergen synes thuns und
1167 420 2052 568 haßenshalben zeögt e an das
1190 498 1976 622 getrukte gytungen imm land
1193 550 1991 668 ummbhär getragen: Vnd Im
1182 613 2000 733 Hagwyl ein zyt lang schul
1181 676 1611 812 gehalten habe
1166 727 2108 893 bitend also beyd und ein jeder insonder,
1162 830 2075 969 set, V gde, Vmb gned, vnnd ver¬
1181 886 1568 1036 hung lt
1395 964 1448 1028 h.
1348 988 1946 1089 Hans Ulrich Schwägler
1379 1056 1766 1120 Bim Bodelche, Ob linden
1166 1054 2048 1217 uf Mittwuchen sen 7. octebris diß
1183 1160 2004 1260 1623 Jars, Inn bywäsen, vnd gegen
1193 1203 2024 1320 würtigkeyt deß ehremmesten etc. herren
1169 1278 2054 1398 Uinrentz spättungs deß kleynen shats
1164 1336 1991 1448 Damel Schmidts der burgeen, dis
1163 1393 2031 1511 Lewe Amans, vnd ettlich Weyllen
1180 1469 2004 1570 ndtg hrn und uberen dienern. Hat
1173 1529 2004 1641 Ulrich Schwägkr von de Hänlingen
1173 1580 2027 1706 bim Bodense ob Linden zu Marzil
1170 1663 2032 1752 bekhendt, auch mit der Marter erhalten
1164 1707 2023 1828 und bestattiget: wie das namlichen
1171 1772 2004 1873 vor etwas kirtz abgeloffner zyth, als
1174 1835 1952 1956 e ly herren Johans Stüdern ged
1164 1892 2022 2011 Caqueyswys gedienet, zwen gudin
1151 1949 2008 2067 köstlich Ring uf einene tisch näbem
1169 2006 2023 2134 schrybzig gfunden: Welche er ewntscht
1169 2061 2047 2196 und zu syn sak gestoßen und nachdem
1168 2118 2031 2240 myn hochshiender h Beckelndt Südler
1161 2182 2033 2300 In wenig tag darnach, nach Gampellen
1159 2232 2028 2361 gritten und ime nachgloffen. Habe er
1154 2286 2063 2418 daselbsten zu Gampellen zu gemelten
1149 2348 2057 2466 deckelin hus, in einem gmach alda
1153 2436 1924 2538 glagen, beurte zweie Sunp
1158 2437 2100 2595 veborgen, vnd mit namen eine laub oder
1177 2521 2013 2635 trouwsak da ofgeschnitten, vnd
1160 2579 1994 2698 so daryne gestoßen: Vnd so sy alda
1176 2644 1953 2766 nit gefinden, e Den tod lyden und
1176 2731 1503 2820 stürben welle
1772 2917 1877 2995 als
2260 82 2325 136 170
