2814 3991
224 120 1205 367 einach spendt so von dann
303 223 1251 489 ungefar ein stund wägs grßn
325 292 1260 568 alsenn sen
318 389 1259 622 Syn gspan Tyser die thür mit
339 496 1280 726 einem stein vfgenog, e vnt
303 535 1280 802 daryn gang und darus die se
350 649 1281 876 2 haen, ein Kübel mit anten
355 725 1232 889 vnd ein halben teybschmar
365 809 1286 1002 genomen: Welches alles er lyß
368 878 1290 1055 empfang, gan Barn verschaffet
385 956 1272 1117 und solgendts daselbst, einem
349 1029 1254 1184 kupferschmid am stalden umb
392 1135 1263 1297 9. t etlich batzen verkoufft, uß
382 1227 1231 1345 welchem eloßten galt er ime
377 1288 1065 1404 Grafen 30 hz gälen habe
352 1402 1310 1515 Denne hale er, Im Margrafen,
403 1465 1320 1591 land, ly Basel sein halben lyb
635 1519 723 1576 din
422 1541 1315 1643 brott, ein Hembd, vnd din par
432 1626 1319 1732 schu und ein par stumpf gesta
472 1767 1316 1867 in baselpiet an einem ath so
400 1845 1321 1926 Imme einbekhandt, eß einem hus
1061 1905 1123 1951 die
470 1921 1284 2004 ein hafen. Itein den an sich
458 1976 1245 2085 tragenden hosen, vnd ein
455 2034 1345 2144 Eynlachh. als dashusgeban
484 2109 758 2196 entzukt.
473 2218 1321 2328 So habe er den Tchopen, so er an
483 2287 1330 2409 hat, auch im Baselpiet vor einer
501 2344 1376 2469 schwan, als das volk znacht gäßen
504 2425 886 2540 entfrömbdet
491 2503 1384 2670 Item als er ly einem Purengdt
525 2583 1369 2703 ein wamist 2 Hembli Suntang
527 2637 1382 2793 söliches alles verkoufft, vnd das els
531 2749 873 2861 galt verzeit.
577 2838 749 2893 4 letstlichen
525 2799 1401 2957 Vnndtalser, vnd syn fpaw zu dignon
549 2857 1383 3004 übernacht gsin. Habendt sy daselbt
540 2909 1395 3059 In der herlärg an getroffen. Weshe
560 2953 1392 3109 ein lynlach und 2 rök dem gheh
509 3014 1363 3182 demselben sy das züg namen nelen
1367 9 2338 289 deieste aal Lär. Das ander
1437 103 2275 330 mit dem kleynen steyn
1424 170 2465 391 ditt man mit dayem zwäyen
1401 304 2197 503 inen ufzogen worden.
1362 365 1470 458 das
1368 708 2445 980 Heynrich Lyser von Hährig.
1371 853 2350 1095 hohen, in den hochen grichten.
1351 1033 2300 1218 Als daselbig aller estlich gfragt
1359 1136 2377 1309 un inne veandaßet, den jenigen
1355 1198 2411 1394 verseten, also mit dem kolchen
1370 1302 2437 1470 zenewunden? Hatt er geantwortet.
1371 1383 2322 1547 wie das va etwas zyts (als er
1385 1478 2335 1647 letstlichen zu heren hauptman
1394 1564 2336 1703 Michel Lendel gedinget) der selb
1405 1651 2335 1754 verwundte ime ein sonderen offiont
1412 1723 2333 1848 bewisen, und als es inne diser tag
1414 1803 2200 1915 alhie zum Narren angetroffe
1412 1856 2269 1978 mit ime und anderen biss in die
1420 1923 2441 2052 nacht getrunfen. In solichem
1414 2002 2461 2122 umb e ime uf der lauben nachgangen
1441 2075 2386 2174 und von gedachten ahfronts wegen
1439 2139 2463 2247 auch das desselben verwundtem froum
1438 2207 2401 2325 syn gethäters frauw u einmol mit
1429 2271 2394 2374 dem masser spochen wöllen) imer mit
1462 2340 2424 2436 einem kolchen uf die schultren
1441 2399 2400 2513 gestochen habee Wyl aber er lyser
1440 2464 2412 2582 ganz trunken gsin, könne er nit wüsen,
1447 2529 2409 2639 ie es zugangen, sye imme träffenlichen
1453 2591 2389 2682 leyd, wefte.dann e wuße mit
1467 2652 2400 2722 von im dann alles liebs, vnd guts
1454 2740 2388 2852 de hieobgeschribnen diebstälen und
1470 2817 2370 2911 das ers einem kupfeschmid alhie
1476 2867 2181 2959 verkaufft, Ist er geständig
1481 2937 2398 3022 Denne habe er Im Sehachen gogen
1475 2987 2338 3074 Langnau 4 synlachn 2 gembd und
1493 3049 2413 3138 2. Zwechen genommen, das alles verkonfft
1503 3095 2319 3182 und uß dem elößten gält ime e. b
1501 3133 1780 3235 anden sye.
