2394 3243
226 101 1068 253 Iß hr Petter gißs kastenn
238 193 1092 324 pfene Platz, zwöy mas habemal
240 263 1068 391 genomen: Vnd daz malenschloßn
243 339 1095 458 mit einem schlächten yser ufgethan
155 522 1061 660 Inmethin Vor einen halben Jar
205 594 1027 728 Hn Jacob Kölel syn kasten, auch
231 672 1074 786 mit einem faltschen schlütsel ufgethan
233 730 1074 880 und darus by 5 mas krüpf gestolen.
195 960 1028 1104 Do habe er auch vor etwas zyts
204 1047 1067 1169 Glado Gilliee dem Vrenmacher
239 1110 1064 1232 ein 8 t wartme gwicht ur, abge¬
238 1198 1049 1301 nomen, dieselbe Ime hinderrechs
239 1268 1018 1367 verkoufft; welche er aber Ime
227 1342 1005 1462 gutmachen, vnd bezalen welle,
196 1509 371 1619 Etem
145 1509 1024 1682 Letstlichen Heren Grafen von
220 1614 1085 1749 süsen vor etwas abgeflossner moneten
236 1680 1068 1801 ouch ein schone gwichtur, abgenomen
229 1739 1094 1866 und volgendts dieselbe h Hans Anthan
244 1811 982 1936 von Wyngarten, umb buy
240 1882 1051 1997 verkoufft, darnäben aber vemelt
240 1952 1056 2076 er ime herren grafen, ein ander
233 2015 1035 2164 beßere machen und zurüsten welle.
207 2191 1104 2340 unnd entlichen als er gfragt was dersech
194 2286 1078 2408 das er vor etwas jarene mit meyster
205 2358 1011 2471 Anthonige ehewyb von bewuhte
203 2417 1004 2539 zulag wägen ans seyl unnd
220 2520 669 2607 marter gwellen
416 2610 686 2692 antwort
2036 -39 2136 40 150
1161 50 2088 236 syr mr Anthone Schwoggers
1172 147 1998 323 besprouw, Ime vnablaplich
1177 229 2087 379 fügehalten Ion rosenhalbs
1179 293 2079 453 ewyben mit reverentz zumalden
1185 362 2049 520 Tirnen, Vnd die Kind (ß e
1213 427 1964 585 hra erzuget) veehlich geburt
1179 525 1223 596 by
1169 528 2062 683 zu habe er ja leydel uß zonigene
1186 608 1994 736 itz vnerdachtem mit gredt
1175 671 2015 800 das e sy namlichen beschlaffen und
1187 745 2048 858 rei dies octs mächtig worden sye.
1172 815 2069 937 und warde sich aber in die ewigkeyt
1182 878 2042 998 mit der warheyt keynswags erfinden
1181 975 2042 1078 können: dann er Jca hiein gantz
1171 1039 1772 1141 necht gethan habe.
1250 1133 1818 1225 bittet gott zuuordeist und
1255 1192 1818 1282 demnach syn frome oberkeyt
1292 1246 1771 1329 vmb gnädige verzychung.
1164 1366 1976 1526 uff soliche syn deß gedachten Jacob
1170 1472 1965 1600 Rosenfäldts, hoche schware, begangene
1154 1512 2040 1645 diebstal und mußhandlungen. Habend
1174 1589 2015 1710 hochgenampt myn g heren und oberen
1152 1660 2029 1791 Schuldtheyß Rhät und burger diser loplich
1161 1726 1956 1845 statt Barn. Uf iren eydt zu
1161 1818 1833 1924 Recht erkhendt vnnd gesproce¬
1143 1869 2046 2032 Das man inne dem nachrichter beuälch
1162 1962 2044 2092 der inne oberns uf gwonliche richtstatt
1183 2028 1991 2173 mit zu Rugk gebundenen händen
1162 2095 2002 2219 furen, volgendts mit dem strangen
1182 2138 2044 2271 von läben zumo tod, nach beyselichen
1162 2201 2070 2341 rechten richten und also dem luffthint
1184 2330 1569 2423 benälehen solle.
1453 2420 1580 2490 oder
1152 2410 2061 2558 Der man dene meckligen, zu einen schruberen
1186 2488 2040 2614 aempel dem Nachrichter benälchen, der Inne
1181 2525 2049 2690 benns uf gwonliche richstatt füren, daselbst sy
1180 2591 2055 2743 sonst abschlacheni und alß mit dem schwart von
1175 2637 2062 2793 läben zum tod, nach keyselichene Rechten richten
1502 2776 1569 2834 N
1198 2780 1347 2844 solle.
1147 2736 2016 2911 seter nugen h lhäten und burgern erkhent. Das
1198 2790 2054 2934 dmne inne mit ruthen ußschmeitzen und volgent
1184 2887 1846 3004 den l tan statt und land gaben solle.
2182 54 2229 126 7.
2244 90 2305 172 74
