<?xml version="1.0" encoding="UTF-8" standalone="yes"?>
<PcGts xmlns="http://schema.primaresearch.org/PAGE/gts/pagecontent/2013-07-15" xmlns:xsi="http://www.w3.org/2001/XMLSchema-instance" xsi:schemaLocation="http://schema.primaresearch.org/PAGE/gts/pagecontent/2013-07-15 http://schema.primaresearch.org/PAGE/gts/pagecontent/2013-07-15/pagecontent.xsd">
    <Metadata>
        <Creator>prov=University of Rostock/Institute of Mathematics/CITlab|PLANET AI GmbH/Gundram Leifert/gundram.leifert@planet-ai.de:name=German_Kurrent_XVI-XVIII_M1(htr_id=19584)::::v=2.6.7
prov=University of Rostock/Institute of Mathematics/CITlab|PLANET AI GmbH/Tobias Gruening/tobias.gruening@planet-ai.de:name=de.uros.citlab.module.baseline2polygon.B2PSeamMultiOriented:v=2.6.7
prov=University of Rostock/Institute of Mathematics/CITlab|PLANET AI GmbH/Tobias Gruening/tobias.gruening@planet-ai.de:name=/net_tf/LA73_249_0mod360.pb:de.uros.citlab.segmentation.CITlab_LA_ML:v=2.6.6
prov=University of Rostock/Institute of Mathematics/CITlab|PLANET AI GmbH/Tobias Gruening/tobias.gruening@planet-ai.de:name=/net_tf/LA73_249_0mod360.pb:de.uros.citlab.segmentation.CITlab_LA_ML:v=2.6.6
Transkribus</Creator>
        <Created>2020-09-22T11:08:49.139+02:00</Created>
        <LastChange>2022-09-12T14:30:05.407+02:00</LastChange>
        <TranskribusMetadata docId="1334812" pageId="52359220" pageNr="94" tsid="114640937" status="IN_PROGRESS" userId="9570" imgUrl="https://files.transkribus.eu/Get?id=PGTPEPJZBVXREXWIGQFLNQUQ&amp;fileType=view" xmlUrl="https://files.transkribus.eu/Get?id=YEPFIDVXJNZCXHAQFKRGTLDD" imageId="15435816"/>
    </Metadata>
    <Page imageFilename="Turmbuch 1622_00094-20200922_100943.jpg" imageWidth="2005" imageHeight="3011">
        <ReadingOrder>
            <OrderedGroup id="ro_1687513809110" caption="Regions reading order">
                <RegionRefIndexed index="0" regionRef="r1"/>
                <RegionRefIndexed index="1" regionRef="r2"/>
            </OrderedGroup>
        </ReadingOrder>
        <TextRegion orientation="0.0" id="r1" custom="readingOrder {index:0;}">
            <Coords points="120,88 120,2609 924,2609 924,88"/>
            <TextLine id="r1l1" custom="readingOrder {index:0;}">
                <Coords points="155,149 434,127 498,149 569,130 608,172 760,150 902,236 908,136 780,94 752,113 628,69 562,103 478,43 301,89 223,51 160,70"/>
                <Baseline points="162,128 198,126 235,125 272,123 309,122 346,120 383,119 419,119 456,119 493,119 530,120 567,122 604,125 641,129 677,134 714,139 751,146 788,155 825,165 862,176 899,188"/>
                <TextEquiv>
                    <Unicode>worden, sich solchen schlunen e</Unicode>
                </TextEquiv>
            </TextLine>
            <TextLine id="r1l2" custom="readingOrder {index:1;}">
                <Coords points="155,212 267,227 326,194 376,211 545,193 613,234 688,208 784,251 861,240 862,201 802,179 606,177 568,139 519,169 443,128 388,154 347,127 287,129 157,172"/>
                <Baseline points="161,201 195,200 230,197 265,195 299,193 334,191 369,189 403,188 438,188 473,188 508,188 542,189 577,192 612,194 646,198 681,203 716,209 750,215 785,223 820,233 855,243"/>
                <TextEquiv>
                    <Unicode>abzethun und mit syner fro</Unicode>
                </TextEquiv>
            </TextLine>
            <TextLine id="r1l3" custom="readingOrder {index:2;}">
                <Coords points="149,304 210,278 261,304 307,271 465,296 525,263 595,290 738,277 777,314 817,295 890,330 892,261 848,237 694,255 641,229 589,241 544,202 491,223 396,205 304,246 153,225"/>
                <Baseline points="156,272 192,270 228,268 265,265 301,263 338,262 374,260 411,260 447,260 484,260 520,260 556,262 593,264 629,266 666,270 702,274 739,280 775,285 812,293 848,301 885,309"/>
                <TextEquiv>
                    <Unicode>ehrlichen hußgehalten und sondern</Unicode>
                </TextEquiv>
            </TextLine>
            <TextLine id="r1l4" custom="readingOrder {index:3;}">
                <Coords points="155,360 274,337 298,361 400,365 501,339 575,404 651,354 743,388 818,365 896,406 899,327 830,336 791,305 651,332 552,304 471,322 393,288 355,317 157,311"/>
                <Baseline points="162,345 198,344 234,344 271,342 307,342 344,341 380,341 417,339 453,339 490,339 526,339 562,340 599,341 635,344 672,347 708,349 745,354 781,360 818,366 854,374 891,383"/>
                <TextEquiv>
                    <Unicode>das er sy uff ein zya dergstalte</Unicode>
                </TextEquiv>
            </TextLine>
            <TextLine id="r1l5" custom="readingOrder {index:4;}">
                <Coords points="149,439 320,427 480,461 633,422 908,498 910,419 822,372 755,409 659,382 572,402 515,369 447,405 357,369 274,395 242,363 197,391 151,378"/>
                <Baseline points="156,416 193,421 230,423 268,425 305,425 342,425 380,424 417,422 454,422 492,420 529,419 566,417 604,417 641,419 678,421 716,424 753,429 790,435 828,444 865,455 903,468"/>
                <TextEquiv>
                    <Unicode>tructiert, das sy umb ein Rude</Unicode>
                </TextEquiv>
            </TextLine>
            <TextLine id="r1l6" custom="readingOrder {index:5;}">
                <Coords points="143,535 158,536 195,504 261,521 277,506 303,505 332,532 362,515 405,513 405,469 362,472 307,461 285,474 258,452 224,443 203,448 178,437 143,446"/>
                <Baseline points="149,500 174,496 199,494 224,492 249,492 274,494 299,494 324,495 349,495 374,495 399,495"/>
                <TextEquiv>
                    <Unicode>kommen sye.</Unicode>
                </TextEquiv>
            </TextLine>
            <TextLine id="r1l7" custom="readingOrder {index:6;}">
                <Coords points="114,636 654,598 687,625 779,604 911,654 911,567 696,560 631,514 362,580 311,546 114,561"/>
                <Baseline points="120,614 159,614 198,614 237,612 277,610 316,609 355,605 394,603 434,600 473,599 512,597 551,596 591,594 630,594 669,596 708,598 748,601 787,605 826,611 865,618 905,627"/>
                <TextEquiv>
                    <Unicode>ant. sye war und aber imme vone</Unicode>
                </TextEquiv>
            </TextLine>
            <TextLine id="r1l8" custom="readingOrder {index:7;}">
                <Coords points="149,729 258,682 381,696 600,661 658,688 825,680 927,723 927,647 890,656 770,605 680,642 574,607 417,642 353,615 310,646 285,622 187,662 149,649"/>
                <Baseline points="155,680 193,678 231,677 269,676 308,674 346,672 384,670 423,668 461,666 499,665 538,663 576,663 614,663 652,663 691,665 729,666 767,669 806,674 844,680 882,687 921,695"/>
                <TextEquiv>
                    <Unicode>snes shertzens leidt, das er und syns</Unicode>
                </TextEquiv>
            </TextLine>
            <TextLine id="r1l9" custom="readingOrder {index:8;}">
                <Coords points="155,758 258,772 375,741 432,768 540,744 619,798 669,758 703,774 750,743 918,770 839,694 614,702 579,673 495,719 366,690 313,720 250,695 156,712"/>
                <Baseline points="161,744 198,744 236,743 273,741 311,740 348,738 386,737 423,735 461,734 498,734 536,732 574,732 611,734 649,734 686,735 724,738 761,742 799,746 836,751 874,758 912,765"/>
                <TextEquiv>
                    <Unicode>ein zyt dahar nit beser mit ein</Unicode>
                </TextEquiv>
            </TextLine>
            <TextLine id="r1l10" custom="readingOrder {index:9;}">
                <Coords points="155,816 329,841 438,813 510,812 539,841 596,816 758,820 839,886 925,847 927,787 881,777 764,800 671,757 620,797 446,758 380,788 321,745 215,779 157,766"/>
                <Baseline points="161,807 200,807 240,809 280,809 320,809 360,809 400,809 440,807 480,807 520,807 560,809 600,809 640,810 680,812 720,815 760,818 800,822 840,826 880,832 920,839"/>
                <TextEquiv>
                    <Unicode>anderen vertragen können, syed</Unicode>
                </TextEquiv>
            </TextLine>
            <TextLine id="r1l11" custom="readingOrder {index:10;}">
                <Coords points="143,894 347,879 418,933 538,874 656,904 716,949 844,889 894,920 917,880 634,824 550,849 511,814 339,863 144,853"/>
                <Baseline points="149,879 187,879 225,878 263,878 301,878 339,878 377,878 415,878 453,878 491,878 530,878 568,879 606,881 644,882 682,884 720,887 758,890 796,893 834,897 872,901 911,906"/>
                <TextEquiv>
                    <Unicode>vilmolen vs der Vrsach ghochen des</Unicode>
                </TextEquiv>
            </TextLine>
            <TextLine id="r1l12" custom="readingOrder {index:11;}">
                <Coords points="159,951 501,959 527,984 748,963 912,983 912,954 698,938 602,889 496,940 409,939 347,879 254,932 160,922"/>
                <Baseline points="165,942 202,944 239,946 276,947 313,950 350,950 387,951 424,951 461,953 498,953 535,954 572,954 609,954 646,956 683,957 720,958 757,960 794,961 831,964 868,967 906,971"/>
                <TextEquiv>
                    <Unicode>wan er etwan spat vom dom</Unicode>
                </TextEquiv>
            </TextLine>
            <TextLine id="r1l13" custom="readingOrder {index:12;}">
                <Coords points="156,1035 380,1035 412,1014 443,1041 523,1019 917,1061 918,1013 856,983 581,970 480,1007 308,952 226,982 158,968"/>
                <Baseline points="162,1008 199,1011 237,1013 274,1016 312,1017 349,1018 387,1019 424,1019 462,1019 499,1020 537,1020 574,1020 612,1020 649,1022 687,1022 724,1023 762,1026 799,1029 837,1033 874,1037 912,1043"/>
                <TextEquiv>
                    <Unicode>heimkommen se vnd vermeint, ds</Unicode>
                </TextEquiv>
            </TextLine>
            <TextLine id="r1l14" custom="readingOrder {index:13;}">
                <Coords points="524,1052 534,1054 555,1078 572,1069 578,1076 588,1077 593,1082 609,1080 612,1084 620,1084 626,1037 619,1038 613,1031 605,1033 593,1024 582,1023 561,1032 557,1029 546,1033 539,1029 527,1030"/>
                <Baseline points="531,1046 560,1052 589,1055 618,1058"/>
                <TextEquiv>
                    <Unicode>solte.</Unicode>
                </TextEquiv>
            </TextLine>
            <TextLine id="r1l15" custom="readingOrder {index:14;}">
                <Coords points="141,1107 504,1099 560,1144 637,1106 694,1142 835,1102 917,1124 901,1054 717,1047 571,1082 483,1035 381,1069 272,1039 143,1050"/>
                <Baseline points="147,1080 185,1082 223,1085 261,1086 300,1088 338,1089 376,1089 414,1091 453,1092 491,1092 529,1094 567,1094 606,1095 644,1097 682,1097 720,1099 759,1100 797,1101 835,1103 873,1106 912,1107"/>
                <TextEquiv>
                    <Unicode>sy dahenmen funden, das sy imme et.</Unicode>
                </TextEquiv>
            </TextLine>
            <TextLine id="r1l16" custom="readingOrder {index:15;}">
                <Coords points="144,1178 250,1170 305,1206 460,1172 501,1205 579,1173 706,1209 899,1202 902,1121 812,1120 742,1156 605,1127 566,1152 470,1097 145,1142"/>
                <Baseline points="150,1151 187,1152 224,1154 261,1154 298,1156 336,1157 373,1158 410,1160 447,1160 484,1162 522,1163 559,1164 596,1166 633,1167 670,1169 708,1170 745,1172 782,1173 819,1175 856,1176 894,1179"/>
                <TextEquiv>
                    <Unicode>an zmacht kochet hette, sye sy</Unicode>
                </TextEquiv>
            </TextLine>
            <TextLine id="r1l17" custom="readingOrder {index:16;}">
                <Coords points="144,1240 550,1242 652,1269 714,1248 824,1282 929,1268 932,1201 768,1197 714,1231 472,1191 407,1221 346,1193 263,1215 211,1169 146,1177"/>
                <Baseline points="150,1223 188,1224 227,1227 266,1229 304,1231 343,1233 382,1233 420,1235 459,1236 498,1236 537,1238 575,1239 614,1240 653,1241 691,1242 730,1243 769,1244 807,1245 846,1247 885,1248 924,1250"/>
                <TextEquiv>
                    <Unicode>dentzmalen etwan in schlipffwik</Unicode>
                </TextEquiv>
            </TextLine>
            <TextLine id="r1l18" custom="readingOrder {index:17;}">
                <Coords points="149,1307 200,1295 260,1346 565,1313 652,1338 756,1320 917,1339 918,1294 864,1269 753,1281 713,1256 575,1297 509,1260 423,1280 287,1245 189,1278 151,1254"/>
                <Baseline points="155,1287 192,1292 230,1295 268,1299 306,1301 344,1303 381,1305 419,1307 457,1308 495,1310 533,1310 570,1311 608,1311 646,1313 684,1313 722,1314 759,1314 797,1314 835,1316 873,1316 911,1317"/>
                <TextEquiv>
                    <Unicode>len gsin und imme das syng</Unicode>
                </TextEquiv>
            </TextLine>
            <TextLine id="r1l19" custom="readingOrder {index:18;}">
                <Coords points="149,1381 229,1407 304,1373 587,1398 619,1381 727,1420 783,1387 917,1383 918,1349 835,1330 727,1351 677,1328 584,1363 505,1337 418,1354 384,1329 270,1350 219,1312 150,1328"/>
                <Baseline points="155,1356 192,1359 230,1362 268,1365 306,1368 344,1370 381,1371 419,1373 457,1374 495,1376 533,1376 570,1377 608,1377 646,1377 684,1377 722,1377 759,1377 797,1377 835,1377 873,1377 911,1377"/>
                <TextEquiv>
                    <Unicode>Verthan und vertrincken, daraber</Unicode>
                </TextEquiv>
            </TextLine>
            <TextLine id="r1l20" custom="readingOrder {index:19;}">
                <Coords points="156,1435 352,1444 397,1474 450,1455 496,1479 570,1448 685,1473 789,1446 825,1469 909,1462 910,1394 859,1419 812,1392 761,1421 690,1395 646,1428 592,1406 563,1429 421,1384 389,1403 306,1385 242,1422 157,1394"/>
                <Baseline points="162,1421 199,1426 236,1429 273,1434 310,1436 347,1439 384,1440 421,1442 458,1443 495,1445 532,1445 569,1446 606,1446 643,1446 680,1446 717,1445 754,1445 791,1445 828,1443 865,1442 903,1442"/>
                <TextEquiv>
                    <Unicode>den entrüstet und sy dentzmolen</Unicode>
                </TextEquiv>
            </TextLine>
            <TextLine id="r1l21" custom="readingOrder {index:20;}">
                <Coords points="149,1506 429,1518 477,1544 801,1507 865,1570 887,1561 874,1459 659,1461 574,1496 450,1455 394,1495 318,1456 220,1467 151,1444"/>
                <Baseline points="155,1488 191,1493 227,1496 264,1498 300,1502 336,1504 373,1507 409,1509 445,1510 482,1511 518,1512 554,1514 591,1514 627,1514 663,1514 700,1512 736,1512 772,1511 809,1509 845,1507 882,1505"/>
                <TextEquiv>
                    <Unicode>ja etwan ruch tracstiert habe</Unicode>
                </TextEquiv>
            </TextLine>
            <TextLine id="r1l22" custom="readingOrder {index:21;}">
                <Coords points="151,1570 411,1583 449,1613 534,1598 576,1632 660,1589 749,1606 905,1585 906,1545 864,1568 787,1514 642,1568 561,1545 521,1571 324,1511 153,1519"/>
                <Baseline points="158,1557 195,1560 232,1563 269,1565 306,1567 343,1571 380,1572 417,1574 454,1577 491,1579 528,1580 565,1581 602,1583 639,1584 676,1584 713,1584 750,1584 787,1583 824,1583 861,1581 899,1578"/>
                <TextEquiv>
                    <Unicode>knne obr daby auch wol erkennet,</Unicode>
                </TextEquiv>
            </TextLine>
            <TextLine id="r1l23" custom="readingOrder {index:22;}">
                <Coords points="155,1640 242,1627 410,1666 515,1648 595,1682 675,1650 787,1687 908,1655 911,1574 842,1613 795,1590 618,1610 586,1635 353,1577 220,1607 157,1584"/>
                <Baseline points="161,1617 198,1619 235,1622 272,1625 309,1627 346,1630 383,1632 420,1635 457,1637 494,1640 532,1642 569,1643 606,1645 643,1646 680,1646 717,1646 754,1646 791,1644 828,1643 865,1640 903,1637"/>
                <TextEquiv>
                    <Unicode>as er der liederlichen hußhaltung, auch</Unicode>
                </TextEquiv>
            </TextLine>
            <TextLine id="r1l24" custom="readingOrder {index:23;}">
                <Coords points="150,1683 294,1715 499,1714 594,1755 709,1716 743,1743 814,1705 859,1735 914,1715 916,1669 685,1707 499,1654 441,1677 366,1650 317,1677 222,1636 151,1653"/>
                <Baseline points="156,1674 193,1677 231,1681 268,1684 306,1687 344,1692 381,1696 419,1698 457,1703 494,1706 532,1709 570,1712 607,1713 645,1715 683,1715 720,1715 758,1715 796,1713 833,1710 871,1707 909,1703"/>
                <TextEquiv>
                    <Unicode>mithin ein ursach gsin sye hoff</Unicode>
                </TextEquiv>
            </TextLine>
            <TextLine id="r1l25" custom="readingOrder {index:24;}">
                <Coords points="149,1747 336,1784 373,1769 403,1795 610,1784 647,1814 718,1798 836,1830 907,1783 909,1742 742,1745 708,1717 607,1755 379,1711 323,1740 152,1682"/>
                <Baseline points="155,1739 192,1742 229,1748 267,1752 304,1756 341,1760 379,1764 416,1767 453,1770 491,1773 528,1776 565,1778 603,1779 640,1779 677,1779 715,1779 752,1779 789,1777 827,1774 864,1770 902,1767"/>
                <TextEquiv>
                    <Unicode>aber es müeße nit mehr geschechen</Unicode>
                </TextEquiv>
            </TextLine>
            <TextLine id="r1l26" custom="readingOrder {index:25;}">
                <Coords points="141,1811 271,1860 326,1839 370,1858 562,1846 614,1873 705,1862 732,1889 799,1840 853,1860 915,1835 916,1809 878,1793 789,1827 579,1799 447,1824 363,1780 328,1799 143,1773"/>
                <Baseline points="147,1799 185,1804 223,1810 261,1815 299,1821 337,1825 375,1829 413,1833 451,1836 489,1839 528,1841 566,1843 604,1844 642,1845 680,1844 718,1844 756,1840 794,1838 832,1834 870,1829 909,1823"/>
                <TextEquiv>
                    <Unicode>dan syn frouw es imne und hin</Unicode>
                </TextEquiv>
            </TextLine>
            <TextLine id="r1l27" custom="readingOrder {index:26;}">
                <Coords points="138,1917 255,1893 362,1931 412,1907 516,1950 593,1916 783,1945 923,1896 924,1859 809,1849 723,1895 695,1869 640,1893 496,1855 406,1883 348,1847 286,1869 139,1847"/>
                <Baseline points="144,1872 182,1877 221,1881 260,1885 298,1890 337,1893 376,1896 414,1899 453,1902 492,1904 531,1906 569,1907 608,1908 647,1908 685,1907 724,1905 763,1902 801,1898 840,1893 879,1887 918,1880"/>
                <TextEquiv>
                    <Unicode>gegen er ira verzogen habnit, dase</Unicode>
                </TextEquiv>
            </TextLine>
            <TextLine id="r1l28" custom="readingOrder {index:27;}">
                <Coords points="145,1960 212,2003 267,1959 348,1975 389,2018 501,1980 629,2000 669,1982 735,2014 769,1985 810,1997 904,1963 906,1902 826,1942 584,1929 504,1954 324,1909 283,1933 239,1909 146,1918"/>
                <Baseline points="152,1937 189,1940 226,1945 264,1949 301,1952 338,1957 376,1961 413,1964 450,1967 488,1970 525,1972 562,1973 600,1974 637,1974 674,1974 712,1973 749,1970 786,1966 824,1962 861,1956 899,1949"/>
                <TextEquiv>
                    <Unicode>ab sy mit schlahen und stosen, vnd</Unicode>
                </TextEquiv>
            </TextLine>
            <TextLine id="r1l29" custom="readingOrder {index:28;}">
                <Coords points="153,2033 309,2030 395,2071 451,2044 524,2078 708,2045 832,2084 885,2034 926,2046 927,1971 901,1964 736,2013 673,1984 606,2009 547,1987 394,2022 347,1975 154,1970"/>
                <Baseline points="159,2003 197,2009 235,2014 273,2019 311,2024 349,2028 387,2033 425,2034 463,2037 501,2040 540,2042 578,2042 616,2042 654,2040 692,2039 730,2036 768,2033 806,2028 844,2022 882,2015 921,2009"/>
                <TextEquiv>
                    <Unicode>in kindt gebracht habes sölle, wß</Unicode>
                </TextEquiv>
            </TextLine>
            <TextLine id="r1l30" custom="readingOrder {index:29;}">
                <Coords points="146,2098 278,2098 375,2152 496,2117 761,2138 790,2114 868,2118 917,2083 918,2051 895,2038 831,2083 727,2055 677,2093 561,2060 494,2092 443,2051 347,2080 147,2043"/>
                <Baseline points="152,2070 191,2074 231,2079 271,2083 311,2089 351,2093 391,2097 431,2101 471,2105 511,2106 551,2109 591,2111 631,2111 671,2110 711,2108 751,2105 791,2101 831,2095 871,2087 911,2078"/>
                <TextEquiv>
                    <Unicode>er darvon gantz nüt, sye zwarh</Unicode>
                </TextEquiv>
            </TextLine>
            <TextLine id="r1l31" custom="readingOrder {index:30;}">
                <Coords points="143,2145 239,2183 323,2160 401,2207 485,2184 639,2228 777,2161 838,2180 890,2159 892,2115 785,2148 552,2126 449,2154 420,2131 377,2151 273,2139 245,2111 144,2119"/>
                <Baseline points="149,2132 185,2137 222,2142 259,2148 296,2154 333,2159 369,2163 406,2168 443,2171 480,2175 517,2176 553,2178 590,2180 627,2180 664,2178 701,2177 737,2173 774,2169 811,2163 848,2157 885,2148"/>
                <TextEquiv>
                    <Unicode>vor ime auch wol fürgholt, wol</Unicode>
                </TextEquiv>
            </TextLine>
            <TextLine id="r1l32" custom="readingOrder {index:31;}">
                <Coords points="147,2218 295,2255 416,2236 470,2285 508,2270 550,2295 595,2251 626,2268 863,2218 908,2231 910,2151 811,2192 770,2166 688,2231 507,2218 448,2189 391,2215 148,2182"/>
                <Baseline points="153,2198 190,2206 228,2213 265,2220 303,2226 340,2231 378,2235 415,2239 453,2242 490,2245 528,2246 565,2247 603,2246 640,2245 678,2242 715,2239 753,2236 790,2229 828,2224 865,2216 903,2207"/>
                <TextEquiv>
                    <Unicode>aber er habe sich deselben nienal</Unicode>
                </TextEquiv>
            </TextLine>
            <TextLine id="r1l33" custom="readingOrder {index:32;}">
                <Coords points="146,2276 497,2339 551,2309 590,2338 684,2312 776,2341 906,2290 893,2230 545,2302 508,2270 470,2285 416,2236 354,2283 288,2249 255,2272 147,2240"/>
                <Baseline points="152,2265 189,2272 226,2281 264,2287 301,2293 339,2298 376,2303 413,2307 451,2310 488,2312 526,2313 563,2313 600,2313 638,2313 675,2312 713,2309 750,2305 787,2302 825,2298 862,2292 900,2286"/>
                <TextEquiv>
                    <Unicode>schnneben efindes, das er solches gek</Unicode>
                </TextEquiv>
            </TextLine>
            <TextLine id="r1l34" custom="readingOrder {index:33;}">
                <Coords points="123,2364 189,2350 274,2404 344,2370 488,2424 526,2393 573,2418 618,2392 735,2413 890,2365 891,2329 749,2329 662,2359 547,2310 484,2344 444,2323 327,2353 171,2277 125,2287"/>
                <Baseline points="129,2333 166,2341 204,2348 242,2354 280,2361 318,2366 355,2370 393,2374 431,2378 469,2380 507,2382 544,2384 582,2384 620,2382 658,2381 696,2379 733,2376 771,2371 809,2366 847,2359 885,2352"/>
                <TextEquiv>
                    <Unicode>schwegen an 9 h sy beider ytho</Unicode>
                </TextEquiv>
            </TextLine>
            <TextLine id="r1l35" custom="readingOrder {index:34;}">
                <Coords points="143,2447 209,2424 258,2464 302,2455 340,2492 399,2476 443,2507 648,2468 741,2501 876,2431 877,2394 841,2376 734,2413 582,2412 553,2438 482,2433 414,2387 299,2419 171,2363 145,2379"/>
                <Baseline points="150,2406 186,2414 222,2421 258,2428 294,2434 330,2440 366,2445 402,2449 438,2453 474,2456 510,2459 546,2460 582,2460 618,2459 654,2457 690,2454 726,2450 762,2444 798,2436 834,2426 870,2417"/>
                <TextEquiv>
                    <Unicode>gfangenschafft abgestrafft, </Unicode>
                </TextEquiv>
            </TextLine>
            <TextLine id="r1l36" custom="readingOrder {index:35;}">
                <Coords points="844,2507 850,2506 854,2509 868,2512 875,2507 887,2508 874,2441 868,2442 864,2440 862,2442 858,2440 847,2446 837,2440 831,2442"/>
                <Baseline points="846,2490 876,2484"/>
                <TextEquiv>
                    <Unicode>hr</Unicode>
                </TextEquiv>
            </TextLine>
            <TextLine id="r1l37" custom="readingOrder {index:36;}">
                <Coords points="146,2490 209,2518 251,2505 473,2539 730,2514 756,2532 837,2508 838,2460 743,2500 655,2472 541,2510 492,2481 445,2509 338,2492 302,2455 262,2473 226,2448 148,2448"/>
                <Baseline points="153,2471 186,2478 220,2485 254,2491 288,2497 322,2503 356,2507 390,2511 424,2515 458,2517 492,2520 525,2521 559,2522 593,2522 627,2520 661,2519 695,2516 729,2510 763,2506 797,2500 831,2492"/>
                <TextEquiv>
                    <Unicode>nach vff eingute censur wd</Unicode>
                </TextEquiv>
            </TextLine>
            <TextLine id="r1l38" custom="readingOrder {index:37;}">
                <Coords points="130,2582 211,2622 293,2572 382,2634 465,2595 550,2640 717,2641 818,2586 822,2511 593,2574 457,2529 364,2556 231,2537 135,2496"/>
                <Baseline points="138,2535 171,2542 205,2548 239,2555 273,2561 306,2567 340,2572 374,2577 408,2582 441,2586 475,2589 509,2592 543,2593 576,2594 610,2594 644,2592 678,2589 711,2585 745,2579 779,2572 813,2564"/>
                <TextEquiv>
                    <Unicode>zu irer zughaltung geschickt</Unicode>
                </TextEquiv>
            </TextLine>
            <TextEquiv>
                <Unicode>worden, sich solchen schlunen e
abzethun und mit syner fro
ehrlichen hußgehalten und sondern
das er sy uff ein zya dergstalte
tructiert, das sy umb ein Rude
kommen sye.
ant. sye war und aber imme vone
snes shertzens leidt, das er und syns
ein zyt dahar nit beser mit ein
anderen vertragen können, syed
vilmolen vs der Vrsach ghochen des
wan er etwan spat vom dom
heimkommen se vnd vermeint, ds
solte.
sy dahenmen funden, das sy imme et.
an zmacht kochet hette, sye sy
dentzmalen etwan in schlipffwik
len gsin und imme das syng
Verthan und vertrincken, daraber
den entrüstet und sy dentzmolen
ja etwan ruch tracstiert habe
knne obr daby auch wol erkennet,
as er der liederlichen hußhaltung, auch
mithin ein ursach gsin sye hoff
aber es müeße nit mehr geschechen
dan syn frouw es imne und hin
gegen er ira verzogen habnit, dase
ab sy mit schlahen und stosen, vnd
in kindt gebracht habes sölle, wß
er darvon gantz nüt, sye zwarh
vor ime auch wol fürgholt, wol
aber er habe sich deselben nienal
schnneben efindes, das er solches gek
schwegen an 9 h sy beider ytho
gfangenschafft abgestrafft, 
hr
nach vff eingute censur wd
zu irer zughaltung geschickt</Unicode>
            </TextEquiv>
        </TextRegion>
        <TextRegion orientation="0.0" id="r2" custom="readingOrder {index:1;}">
            <Coords points="1005,65 1005,2715 1949,2715 1949,65"/>
            <TextLine id="r2l1" custom="readingOrder {index:0;}">
                <Coords points="1127,133 1498,137 1599,101 1636,124 1700,100 1791,130 1932,115 1930,66 1901,52 1847,80 1624,60 1492,85 1342,52 1284,93 1162,86 1127,110"/>
                <Baseline points="1133,123 1172,119 1212,115 1251,112 1291,110 1331,106 1370,104 1410,102 1449,101 1489,99 1529,98 1568,98 1608,97 1647,96 1687,96 1727,96 1766,96 1806,96 1845,96 1885,98 1925,98"/>
                <TextEquiv>
                    <Unicode>ob er nit verschinnen Jeiners alhie</Unicode>
                </TextEquiv>
            </TextLine>
            <TextLine id="r2l2" custom="readingOrder {index:1;}">
                <Coords points="1004,202 1020,198 1049,165 1061,164 1074,170 1084,168 1077,110 1067,114 1054,105 1042,110 1029,122 1025,120 1010,130 1006,127 995,128"/>
                <Baseline points="1005,165 1041,161 1077,156"/>
                <TextEquiv>
                    <Unicode>Frog</Unicode>
                </TextEquiv>
            </TextLine>
            <TextLine id="r2l3" custom="readingOrder {index:2;}">
                <Coords points="1008,240 1553,166 1607,195 1660,169 1883,194 1888,133 1738,108 1652,146 1593,119 1488,145 1366,125 1257,162 1164,128 1062,202 1005,200"/>
                <Baseline points="1013,233 1056,219 1100,208 1143,199 1187,190 1230,183 1274,177 1317,173 1361,169 1404,167 1448,165 1492,164 1535,164 1579,165 1622,165 1666,167 1709,168 1753,170 1796,171 1840,174 1884,176"/>
                <TextEquiv>
                    <Unicode>zum Hirtzen by einer Oberlendischen</Unicode>
                </TextEquiv>
            </TextLine>
            <TextLine id="r2l4" custom="readingOrder {index:3;}">
                <Coords points="1003,312 1069,279 1356,254 1430,278 1589,238 1719,250 1759,284 1896,261 1894,204 1753,213 1698,182 1600,203 1527,170 1001,264"/>
                <Baseline points="1008,288 1052,279 1096,270 1140,263 1184,257 1228,251 1272,247 1316,243 1360,240 1404,237 1449,237 1493,236 1537,236 1581,236 1625,236 1669,237 1713,239 1757,240 1801,241 1845,243 1890,245"/>
                <TextEquiv>
                    <Unicode>lenen, zu einer verschloßnen Betstatt</Unicode>
                </TextEquiv>
            </TextLine>
            <TextLine id="r2l5" custom="readingOrder {index:4;}">
                <Coords points="1015,364 1217,348 1252,317 1319,355 1527,307 1872,331 1868,256 1764,292 1616,242 1497,291 1279,266 1171,274 1100,321 1013,311"/>
                <Baseline points="1020,351 1062,343 1104,335 1146,329 1189,323 1231,318 1273,314 1315,310 1358,306 1400,305 1442,302 1484,301 1527,300 1569,299 1611,299 1653,300 1696,300 1738,302 1780,302 1822,303 1865,305"/>
                <TextEquiv>
                    <Unicode>übernacht glegen, und morndes mit</Unicode>
                </TextEquiv>
            </TextLine>
            <TextLine id="r2l6" custom="readingOrder {index:5;}">
                <Coords points="1017,434 1538,362 1603,393 1915,390 1912,324 1778,345 1646,319 1511,349 1436,322 1382,356 1112,356 1015,391"/>
                <Baseline points="1022,416 1066,408 1110,400 1154,392 1199,385 1243,381 1287,376 1332,371 1376,368 1420,366 1465,363 1509,362 1553,362 1597,360 1642,361 1686,362 1730,363 1775,364 1819,366 1863,368 1908,369"/>
                <TextEquiv>
                    <Unicode>derselbigen an de Buwe brug gangen</Unicode>
                </TextEquiv>
            </TextLine>
            <TextLine id="r2l7" custom="readingOrder {index:6;}">
                <Coords points="1020,497 1143,464 1214,497 1323,444 1402,462 1440,428 1679,466 1725,439 1881,448 1880,421 1690,396 1626,414 1521,371 1413,416 1017,434"/>
                <Baseline points="1025,473 1067,467 1110,461 1152,456 1195,451 1237,447 1280,444 1322,440 1365,437 1407,435 1450,432 1492,431 1535,431 1577,429 1620,429 1662,429 1705,431 1747,432 1790,433 1832,435 1875,437"/>
                <TextEquiv>
                    <Unicode>vnd wol by einer Wuchen hin vnd</Unicode>
                </TextEquiv>
            </TextLine>
            <TextLine id="r2l8" custom="readingOrder {index:7;}">
                <Coords points="1023,561 1133,585 1181,539 1268,528 1321,563 1433,503 1719,494 1813,533 1889,512 1886,451 1841,440 1730,481 1435,480 1388,451 1219,498 1162,471 1020,499"/>
                <Baseline points="1028,542 1070,536 1113,530 1156,525 1199,521 1241,517 1284,513 1327,509 1370,506 1412,505 1455,501 1498,500 1541,498 1583,498 1626,497 1669,497 1712,497 1754,497 1797,498 1840,498 1883,500"/>
                <TextEquiv>
                    <Unicode>her geschleipfft, vnd wan man wüßen</Unicode>
                </TextEquiv>
            </TextLine>
            <TextLine id="r2l9" custom="readingOrder {index:8;}">
                <Coords points="1025,616 1437,615 1652,564 1775,569 1815,599 1875,586 1873,542 1486,530 1449,555 1285,542 1023,583"/>
                <Baseline points="1031,609 1072,604 1114,601 1156,597 1198,593 1240,589 1282,586 1323,581 1365,579 1407,575 1449,573 1491,571 1533,569 1575,567 1616,566 1658,564 1700,564 1742,564 1784,566 1826,566 1868,567"/>
                <TextEquiv>
                    <Unicode>wollen wer sy sye, habe er alwegen</Unicode>
                </TextEquiv>
            </TextLine>
            <TextLine id="r2l10" custom="readingOrder {index:9;}">
                <Coords points="1025,728 1165,671 1286,696 1420,656 1526,688 1590,660 1900,661 1947,641 1943,555 1744,621 1521,592 1417,630 1337,606 1109,653 1020,635"/>
                <Baseline points="1028,680 1073,675 1119,670 1164,666 1210,663 1256,659 1301,657 1347,655 1392,653 1438,651 1484,650 1529,648 1575,647 1620,645 1666,642 1712,641 1757,638 1803,635 1848,632 1894,628 1940,623"/>
                <TextEquiv>
                    <Unicode>fürgeben dörffen, sy sye Iner Mūt</Unicode>
                </TextEquiv>
            </TextLine>
            <TextLine id="r2l11" custom="readingOrder {index:10;}">
                <Coords points="1035,766 1415,759 1644,715 1842,741 1956,711 1954,679 1868,651 1584,703 1457,671 1281,699 1220,670 1164,710 1032,704"/>
                <Baseline points="1040,747 1085,744 1130,740 1176,738 1221,734 1267,731 1312,728 1358,726 1403,723 1449,720 1494,718 1539,715 1585,713 1630,711 1676,710 1721,708 1767,707 1812,705 1858,705 1903,705 1949,705"/>
                <TextEquiv>
                    <Unicode>schwöster tochter unß er wolle sy heim</Unicode>
                </TextEquiv>
            </TextLine>
            <TextLine id="r2l12" custom="readingOrder {index:11;}">
                <Coords points="1025,878 1227,827 1291,855 1388,811 1515,826 1560,795 1713,825 1797,786 1915,786 1912,741 1875,728 1718,763 1647,735 1394,785 1280,759 1021,814"/>
                <Baseline points="1028,830 1072,826 1116,823 1160,818 1204,814 1248,811 1292,807 1336,804 1380,800 1424,798 1468,795 1512,792 1556,789 1600,788 1644,785 1688,783 1732,782 1776,780 1820,780 1864,779 1908,779"/>
                <TextEquiv>
                    <Unicode>fueren, ds sy Ime hußhalten müeße,</Unicode>
                </TextEquiv>
            </TextLine>
            <TextLine id="r2l13" custom="readingOrder {index:12;}">
                <Coords points="1020,921 1465,872 1582,887 1674,853 1897,873 1898,810 1743,802 1646,842 1590,824 1308,860 1200,835 1125,883 1017,878"/>
                <Baseline points="1025,905 1068,901 1112,896 1155,891 1199,887 1242,882 1286,879 1329,875 1373,872 1416,869 1460,866 1503,863 1547,861 1590,860 1634,858 1677,855 1721,854 1764,852 1808,852 1851,851 1895,849"/>
                <TextEquiv>
                    <Unicode>unnd also ir einer muchen mit der</Unicode>
                </TextEquiv>
            </TextLine>
            <TextLine id="r2l14" custom="readingOrder {index:13;}">
                <Coords points="1052,985 1468,949 1553,978 1655,936 1696,957 1903,932 1920,883 1553,885 1443,922 1049,949"/>
                <Baseline points="1056,972 1099,968 1142,963 1185,959 1228,955 1271,951 1314,947 1357,944 1400,940 1443,938 1486,935 1529,932 1572,930 1615,928 1658,926 1701,924 1744,923 1787,921 1830,920 1873,920 1917,918"/>
                <TextEquiv>
                    <Unicode>lbigen lirnenwol by 15s lieder</Unicode>
                </TextEquiv>
            </TextLine>
            <TextLine id="r2l15" custom="readingOrder {index:14;}">
                <Coords points="1034,1059 1313,1036 1376,1070 1575,1010 1890,1012 1908,971 1684,989 1592,961 1521,980 1468,950 1399,984 1236,969 1146,1019 1031,1006"/>
                <Baseline points="1038,1035 1081,1034 1124,1032 1167,1031 1211,1029 1254,1027 1297,1024 1341,1022 1384,1019 1427,1016 1471,1013 1514,1010 1557,1008 1600,1005 1644,1002 1687,1002 1730,999 1774,998 1817,997 1860,996 1904,996"/>
                <TextEquiv>
                    <Unicode>licher wyß verthan, Vnd wie er nu</Unicode>
                </TextEquiv>
            </TextLine>
            <TextLine id="r2l16" custom="readingOrder {index:15;}">
                <Coords points="1032,1130 1093,1106 1362,1126 1397,1098 1534,1088 1633,1129 1695,1090 1836,1089 1834,1043 1685,1012 1624,1062 1557,1043 1473,1074 1414,1053 1029,1072"/>
                <Baseline points="1037,1104 1076,1103 1116,1101 1155,1100 1195,1098 1235,1097 1274,1095 1314,1094 1353,1092 1393,1090 1433,1089 1472,1086 1512,1085 1551,1083 1591,1081 1631,1079 1670,1077 1710,1075 1749,1073 1789,1071 1829,1068"/>
                <TextEquiv>
                    <Unicode>heimkomen, do habe er Iyn fromern</Unicode>
                </TextEquiv>
            </TextLine>
            <TextLine id="r2l17" custom="readingOrder {index:16;}">
                <Coords points="1042,1191 1087,1178 1146,1219 1386,1159 1685,1181 1715,1157 1854,1160 1852,1116 1778,1089 1742,1112 1694,1090 1628,1137 1442,1104 1307,1126 1184,1108 1138,1147 1086,1122 1040,1152"/>
                <Baseline points="1046,1169 1086,1169 1126,1167 1166,1166 1206,1164 1246,1163 1286,1161 1326,1160 1366,1158 1406,1157 1446,1155 1486,1154 1526,1151 1566,1151 1606,1148 1646,1146 1686,1143 1726,1143 1766,1140 1806,1138 1847,1136"/>
                <TextEquiv>
                    <Unicode>mit schlochen und stosen dergstalten</Unicode>
                </TextEquiv>
            </TextLine>
            <TextLine id="r2l18" custom="readingOrder {index:17;}">
                <Coords points="1030,1255 1942,1204 1939,1153 1900,1143 1840,1171 1718,1159 1649,1197 1549,1164 1475,1202 1413,1160 1163,1223 1090,1181 1028,1218"/>
                <Baseline points="1035,1236 1080,1235 1125,1233 1170,1232 1215,1230 1260,1229 1305,1227 1350,1225 1395,1223 1440,1221 1485,1219 1530,1217 1575,1214 1620,1212 1665,1209 1710,1207 1755,1203 1800,1200 1845,1196 1890,1192 1935,1188"/>
                <TextEquiv>
                    <Unicode>mit einem Rinder Zauen ruch traction</Unicode>
                </TextEquiv>
            </TextLine>
            <TextLine id="r2l19" custom="readingOrder {index:18;}">
                <Coords points="1032,1324 1330,1294 1498,1313 1707,1273 1951,1294 1946,1204 1764,1245 1719,1220 1614,1251 1242,1238 1174,1278 1029,1265"/>
                <Baseline points="1037,1295 1082,1295 1127,1295 1172,1293 1218,1293 1263,1292 1308,1289 1354,1287 1399,1286 1444,1283 1490,1281 1535,1278 1580,1275 1625,1273 1671,1270 1716,1266 1761,1264 1807,1260 1852,1257 1897,1254 1943,1250"/>
                <TextEquiv>
                    <Unicode>Ira die fleider vffghept, vnd sy an Irem</Unicode>
                </TextEquiv>
            </TextLine>
            <TextLine id="r2l20" custom="readingOrder {index:19;}">
                <Coords points="1043,1402 1197,1397 1222,1371 1419,1400 1513,1355 1567,1384 1606,1352 1646,1377 1755,1339 1904,1342 1907,1270 1688,1323 1611,1288 1562,1328 1440,1299 1379,1339 1312,1308 1147,1343 1039,1326"/>
                <Baseline points="1046,1358 1088,1358 1131,1359 1174,1359 1217,1358 1260,1358 1303,1356 1346,1354 1389,1352 1432,1350 1475,1347 1517,1345 1560,1343 1603,1340 1646,1336 1689,1333 1732,1330 1775,1328 1818,1324 1861,1321 1904,1319"/>
                <TextEquiv>
                    <Unicode>ybmechtig zerschlagen, ja auch mit</Unicode>
                </TextEquiv>
            </TextLine>
            <TextLine id="r2l21" custom="readingOrder {index:20;}">
                <Coords points="1029,1461 1126,1434 1271,1465 1323,1431 1472,1443 1501,1421 1680,1440 1902,1409 1912,1375 1789,1345 1731,1388 1606,1353 1512,1400 1027,1405"/>
                <Baseline points="1034,1428 1077,1428 1121,1430 1164,1430 1208,1430 1252,1428 1295,1427 1339,1425 1383,1424 1426,1422 1470,1419 1514,1416 1557,1413 1601,1410 1645,1407 1688,1404 1732,1400 1776,1397 1819,1394 1863,1391 1907,1388"/>
                <TextEquiv>
                    <Unicode>sonem ruchen tractiern dahin gezwung</Unicode>
                </TextEquiv>
            </TextLine>
            <TextLine id="r2l22" custom="readingOrder {index:21;} person {offset:25; length:12;}">
                <Coords points="1027,1513 1216,1501 1289,1542 1328,1517 1405,1536 1463,1509 1824,1495 1922,1468 1919,1404 1848,1398 1743,1442 1589,1432 1529,1467 1335,1446 1231,1477 1077,1436 1024,1465"/>
                <Baseline points="1031,1488 1075,1491 1119,1493 1163,1494 1208,1494 1252,1494 1296,1493 1340,1491 1385,1490 1429,1488 1473,1485 1517,1482 1562,1479 1606,1476 1650,1472 1694,1468 1739,1464 1783,1461 1827,1457 1871,1454 1916,1451"/>
                <TextEquiv>
                    <Unicode>zu bekennen, sy habe mit Rudolff harr</Unicode>
                </TextEquiv>
            </TextLine>
            <TextLine id="r2l23" custom="readingOrder {index:22;}">
                <Coords points="1034,1599 1120,1555 1444,1581 1590,1545 1688,1585 1762,1534 1919,1528 1917,1489 1839,1487 1700,1522 1401,1537 1358,1515 1288,1542 1030,1517"/>
                <Baseline points="1037,1547 1080,1551 1124,1553 1168,1555 1212,1556 1256,1557 1299,1556 1343,1556 1387,1554 1431,1553 1475,1551 1518,1548 1562,1545 1606,1541 1650,1538 1694,1535 1737,1530 1781,1526 1825,1520 1869,1515 1913,1511"/>
                <TextEquiv>
                    <Unicode>schon einen Erbruch begangen, mir da</Unicode>
                </TextEquiv>
            </TextLine>
            <TextLine id="r2l24" custom="readingOrder {index:23;}">
                <Coords points="1035,1620 1291,1648 1709,1601 1749,1624 1922,1584 1920,1540 1846,1517 1710,1576 1033,1592"/>
                <Baseline points="1040,1604 1083,1608 1127,1612 1171,1614 1215,1616 1259,1617 1302,1617 1346,1616 1390,1614 1434,1613 1478,1609 1521,1607 1565,1603 1609,1599 1653,1596 1697,1591 1740,1588 1784,1584 1828,1580 1872,1577 1916,1574"/>
                <TextEquiv>
                    <Unicode>mit sy der schlegen und streichen loß werde</Unicode>
                </TextEquiv>
            </TextLine>
            <TextLine id="r2l25" custom="readingOrder {index:24;} place {offset:29; length:5;}">
                <Coords points="1019,1670 1449,1705 1773,1659 1859,1694 1931,1649 1929,1591 1710,1631 1018,1638"/>
                <Baseline points="1025,1664 1070,1668 1115,1673 1160,1675 1205,1677 1250,1679 1295,1679 1340,1679 1385,1677 1430,1676 1475,1673 1520,1670 1565,1666 1610,1664 1655,1660 1700,1656 1745,1652 1790,1649 1835,1645 1880,1643 1925,1640"/>
                <TextEquiv>
                    <Unicode>und alls der h schultheiß zu Büren deßhalb</Unicode>
                </TextEquiv>
            </TextLine>
            <TextLine id="r2l26" custom="readingOrder {index:25;}">
                <Coords points="1032,1751 1184,1751 1235,1781 1487,1740 1592,1767 1652,1731 1749,1771 1814,1722 1916,1721 1914,1651 1859,1693 1772,1660 1738,1695 1414,1701 1369,1729 1030,1700"/>
                <Baseline points="1037,1730 1080,1734 1124,1737 1167,1740 1211,1742 1255,1743 1298,1743 1342,1742 1386,1742 1429,1739 1473,1737 1517,1734 1560,1731 1604,1727 1648,1724 1691,1719 1735,1716 1779,1713 1822,1710 1866,1706 1910,1703"/>
                <TextEquiv>
                    <Unicode>Vff zme groffen wellen habe er sich fort</Unicode>
                </TextEquiv>
            </TextLine>
            <TextLine id="r2l27" custom="readingOrder {index:26;}">
                <Coords points="1030,1821 1049,1817 1054,1822 1080,1805 1099,1802 1105,1808 1128,1807 1166,1843 1192,1827 1213,1825 1216,1762 1179,1757 1150,1783 1113,1783 1098,1771 1064,1765 1032,1779"/>
                <Baseline points="1037,1794 1065,1796 1094,1797 1122,1798 1151,1799 1179,1800 1208,1803"/>
                <TextEquiv>
                    <Unicode>gemacht.</Unicode>
                </TextEquiv>
            </TextLine>
            <TextLine id="r2l28" custom="readingOrder {index:27;}">
                <Coords points="1009,1892 1108,1922 1340,1900 1412,1924 1459,1892 1541,1909 1850,1874 1856,1840 1714,1842 1646,1806 1551,1865 1369,1878 1279,1819 1197,1862 1006,1821"/>
                <Baseline points="1014,1880 1055,1886 1097,1891 1139,1895 1181,1896 1223,1898 1265,1899 1306,1899 1348,1898 1390,1896 1432,1894 1474,1892 1516,1888 1558,1885 1599,1881 1641,1877 1683,1874 1725,1869 1767,1866 1809,1861 1851,1857"/>
                <TextEquiv>
                    <Unicode>Ant: sye leider wahr, das er sich mit der</Unicode>
                </TextEquiv>
            </TextLine>
            <TextLine id="r2l29" custom="readingOrder {index:28;}">
                <Coords points="1030,1946 1352,1985 1424,1956 1516,1974 1679,1945 1718,1971 1802,1916 1888,1947 1885,1887 1839,1873 1558,1917 1459,1892 1385,1937 1028,1907"/>
                <Baseline points="1035,1938 1077,1945 1119,1949 1161,1954 1204,1956 1246,1958 1288,1958 1330,1958 1373,1956 1415,1955 1457,1952 1499,1949 1542,1946 1584,1942 1626,1937 1668,1932 1711,1927 1753,1923 1795,1917 1837,1913 1880,1907"/>
                <TextEquiv>
                    <Unicode>Tirnen also schandtlich vergeßen, vnd by</Unicode>
                </TextEquiv>
            </TextLine>
            <TextLine id="r2l30" custom="readingOrder {index:29;}">
                <Coords points="1045,2011 1256,2049 1366,2020 1593,2033 1711,1994 1924,2006 1922,1949 1807,1917 1724,1970 1435,1966 1374,2002 1302,1974 1167,2002 1044,1986"/>
                <Baseline points="1050,2001 1093,2007 1136,2011 1180,2015 1223,2016 1266,2018 1310,2018 1353,2018 1396,2016 1440,2014 1483,2012 1526,2008 1570,2005 1613,2000 1656,1998 1700,1993 1743,1989 1786,1984 1830,1980 1873,1977 1917,1973"/>
                <TextEquiv>
                    <Unicode>einer wuchen mit Ira hin und wider zoge</Unicode>
                </TextEquiv>
            </TextLine>
            <TextLine id="r2l31" custom="readingOrder {index:30;}">
                <Coords points="1023,2076 1091,2067 1156,2104 1398,2070 1736,2083 1932,2045 1931,2005 1749,1998 1425,2050 1310,2031 1214,2061 1021,2015"/>
                <Baseline points="1028,2057 1072,2061 1117,2064 1162,2067 1207,2070 1252,2071 1297,2072 1342,2072 1387,2070 1432,2069 1477,2067 1521,2066 1566,2063 1611,2059 1656,2057 1701,2052 1746,2048 1791,2043 1836,2038 1881,2033 1926,2027"/>
                <TextEquiv>
                    <Unicode>und by den 12 tag mit ira verbrucht, sye abs</Unicode>
                </TextEquiv>
            </TextLine>
            <TextLine id="r2l32" custom="readingOrder {index:31;}">
                <Coords points="1042,2141 1259,2171 1308,2141 1514,2157 1591,2132 1672,2159 1764,2116 1925,2106 1922,2038 1839,2081 1796,2055 1750,2099 1693,2067 1537,2101 1419,2078 1286,2126 1040,2082"/>
                <Baseline points="1047,2121 1090,2125 1134,2130 1177,2133 1221,2135 1265,2136 1308,2136 1352,2136 1395,2135 1439,2133 1483,2132 1526,2129 1570,2126 1613,2123 1657,2119 1701,2115 1744,2112 1788,2108 1831,2105 1875,2102 1919,2099"/>
                <TextEquiv>
                    <Unicode>zne von grundt synes hertzen leidt</Unicode>
                </TextEquiv>
            </TextLine>
            <TextLine id="r2l33" custom="readingOrder {index:32;}">
                <Coords points="1036,2194 1142,2239 1313,2202 1546,2220 1744,2176 1907,2177 1906,2137 1755,2117 1684,2163 1475,2143 1258,2189 1035,2151"/>
                <Baseline points="1041,2178 1084,2187 1127,2193 1170,2198 1213,2200 1256,2201 1299,2202 1342,2201 1385,2200 1428,2198 1471,2194 1514,2192 1557,2187 1600,2183 1643,2179 1686,2176 1729,2172 1772,2169 1815,2165 1858,2162 1901,2162"/>
                <TextEquiv>
                    <Unicode>das schlachen vnd stofen iner frouwen</Unicode>
                </TextEquiv>
            </TextLine>
            <TextLine id="r2l34" custom="readingOrder {index:33;}">
                <Coords points="1038,2256 1287,2304 1365,2270 1500,2293 1561,2257 1679,2275 1902,2230 1900,2195 1709,2200 1652,2229 1519,2206 1358,2241 1248,2216 1155,2247 1036,2216"/>
                <Baseline points="1043,2243 1085,2251 1128,2258 1170,2263 1213,2266 1256,2268 1298,2268 1341,2267 1383,2265 1426,2262 1469,2260 1511,2256 1554,2251 1596,2246 1639,2241 1682,2236 1724,2232 1767,2227 1809,2223 1852,2220 1895,2216"/>
                <TextEquiv>
                    <Unicode>belanget, sye es also ergangen, wie er</Unicode>
                </TextEquiv>
            </TextLine>
            <TextLine id="r2l35" custom="readingOrder {index:34;}">
                <Coords points="1051,2334 1439,2363 1512,2316 1675,2336 1744,2300 1867,2303 1885,2253 1700,2260 1666,2285 1557,2261 1471,2306 1407,2281 1287,2304 1244,2282 1208,2308 1144,2282 1049,2293"/>
                <Baseline points="1055,2309 1096,2316 1137,2321 1178,2325 1220,2328 1261,2330 1302,2330 1343,2329 1385,2327 1426,2324 1467,2321 1508,2318 1550,2314 1591,2309 1632,2304 1673,2299 1715,2296 1756,2291 1797,2288 1838,2284 1880,2282"/>
                <TextEquiv>
                    <Unicode>am abent spat heimkommen, habe er das</Unicode>
                </TextEquiv>
            </TextLine>
            <TextLine id="r2l36" custom="readingOrder {index:35;}">
                <Coords points="1051,2397 1169,2418 1537,2384 1570,2409 1622,2371 1880,2355 1928,2316 1837,2285 1678,2338 1488,2323 1439,2364 1354,2349 1294,2377 1047,2328"/>
                <Baseline points="1055,2366 1098,2373 1141,2379 1185,2384 1228,2386 1272,2387 1315,2387 1358,2385 1402,2383 1445,2381 1489,2376 1532,2372 1575,2367 1619,2362 1662,2357 1706,2352 1749,2347 1792,2343 1836,2339 1879,2336 1923,2334"/>
                <TextEquiv>
                    <Unicode>Zūß bschlosen vnd weder wyb noch Kindt da</Unicode>
                </TextEquiv>
            </TextLine>
            <TextLine id="r2l37" custom="readingOrder {index:36;}">
                <Coords points="1054,2453 1095,2439 1219,2477 1449,2439 1539,2464 1673,2416 1750,2457 1814,2405 1891,2409 1888,2376 1583,2410 1382,2395 1338,2430 1209,2395 1171,2417 1050,2398"/>
                <Baseline points="1058,2430 1099,2437 1140,2443 1181,2446 1223,2448 1264,2448 1305,2448 1347,2446 1388,2444 1429,2441 1471,2436 1512,2431 1553,2427 1594,2421 1636,2416 1677,2411 1718,2406 1760,2403 1801,2399 1842,2396 1884,2394"/>
                <TextEquiv>
                    <Unicode>heimen fundt vnd mehr dan by einer</Unicode>
                </TextEquiv>
            </TextLine>
            <TextLine id="r2l38" custom="readingOrder {index:37;}">
                <Coords points="1059,2529 1129,2507 1425,2549 1587,2493 1653,2522 1906,2457 1903,2422 1687,2456 1614,2430 1560,2472 1326,2447 1242,2494 1174,2453 1143,2477 1095,2443 1053,2454"/>
                <Baseline points="1061,2489 1102,2496 1144,2501 1186,2505 1228,2508 1270,2508 1312,2508 1354,2506 1396,2503 1438,2499 1480,2495 1521,2489 1563,2484 1605,2478 1647,2472 1689,2467 1731,2462 1773,2457 1815,2452 1857,2449 1899,2447"/>
                <TextEquiv>
                    <Unicode>stundt umb das huß umbher zogenn</Unicode>
                </TextEquiv>
            </TextLine>
            <TextLine id="r2l39" custom="readingOrder {index:38;}">
                <Coords points="1067,2575 1254,2604 1484,2558 1549,2586 1724,2531 1897,2539 1893,2491 1800,2481 1649,2521 1581,2502 1378,2559 1146,2517 1064,2540"/>
                <Baseline points="1070,2549 1113,2559 1156,2566 1199,2570 1242,2573 1285,2573 1328,2571 1371,2569 1414,2564 1457,2559 1501,2553 1544,2546 1587,2540 1630,2534 1673,2527 1716,2522 1759,2517 1802,2514 1845,2511 1889,2511"/>
                <TextEquiv>
                    <Unicode>endtlichen kome die frouw daher</Unicode>
                </TextEquiv>
            </TextLine>
            <TextLine id="r2l40" custom="readingOrder {index:39;}">
                <Coords points="1051,2624 1266,2661 1468,2627 1507,2648 1618,2600 1723,2597 1778,2635 1928,2634 1921,2558 1890,2545 1808,2567 1771,2541 1685,2578 1638,2556 1594,2590 1444,2611 1390,2590 1343,2622 1047,2582"/>
                <Baseline points="1055,2606 1098,2618 1141,2626 1184,2633 1227,2636 1270,2637 1313,2636 1356,2633 1399,2630 1442,2625 1486,2620 1529,2613 1572,2605 1615,2598 1658,2591 1701,2585 1744,2580 1787,2576 1830,2572 1873,2571 1917,2571"/>
                <TextEquiv>
                    <Unicode>die se er gar horing worden und welle</Unicode>
                </TextEquiv>
            </TextLine>
            <TextLine id="r2l41" custom="readingOrder {index:40;}">
                <Coords points="1063,2686 1417,2729 1480,2688 1524,2710 1581,2683 1645,2725 1717,2672 1898,2669 1892,2593 1862,2587 1831,2621 1669,2611 1443,2679 1060,2658"/>
                <Baseline points="1067,2670 1108,2681 1149,2688 1190,2695 1231,2698 1272,2700 1313,2700 1355,2699 1396,2695 1437,2692 1478,2687 1519,2681 1560,2675 1601,2668 1643,2661 1684,2654 1725,2648 1766,2642 1807,2637 1848,2633 1890,2630"/>
                <TextEquiv>
                    <Unicode>en wo s gh eyr, ob shy zueß</Unicode>
                </TextEquiv>
            </TextLine>
            <TextEquiv>
                <Unicode>ob er nit verschinnen Jeiners alhie
Frog
zum Hirtzen by einer Oberlendischen
lenen, zu einer verschloßnen Betstatt
übernacht glegen, und morndes mit
derselbigen an de Buwe brug gangen
vnd wol by einer Wuchen hin vnd
her geschleipfft, vnd wan man wüßen
wollen wer sy sye, habe er alwegen
fürgeben dörffen, sy sye Iner Mūt
schwöster tochter unß er wolle sy heim
fueren, ds sy Ime hußhalten müeße,
unnd also ir einer muchen mit der
lbigen lirnenwol by 15s lieder
licher wyß verthan, Vnd wie er nu
heimkomen, do habe er Iyn fromern
mit schlochen und stosen dergstalten
mit einem Rinder Zauen ruch traction
Ira die fleider vffghept, vnd sy an Irem
ybmechtig zerschlagen, ja auch mit
sonem ruchen tractiern dahin gezwung
zu bekennen, sy habe mit Rudolff harr
schon einen Erbruch begangen, mir da
mit sy der schlegen und streichen loß werde
und alls der h schultheiß zu Büren deßhalb
Vff zme groffen wellen habe er sich fort
gemacht.
Ant: sye leider wahr, das er sich mit der
Tirnen also schandtlich vergeßen, vnd by
einer wuchen mit Ira hin und wider zoge
und by den 12 tag mit ira verbrucht, sye abs
zne von grundt synes hertzen leidt
das schlachen vnd stofen iner frouwen
belanget, sye es also ergangen, wie er
am abent spat heimkommen, habe er das
Zūß bschlosen vnd weder wyb noch Kindt da
heimen fundt vnd mehr dan by einer
stundt umb das huß umbher zogenn
endtlichen kome die frouw daher
die se er gar horing worden und welle
en wo s gh eyr, ob shy zueß</Unicode>
            </TextEquiv>
        </TextRegion>
    </Page>
</PcGts>
