2434 3221
99 2477 151 2568 1
158 74 1115 217 Der fröüwolten halb, ist er anderst
242 146 1075 282 nit geständig. deme das er zm zorn
241 214 983 324 Hans Sägikenman, (so Inne
236 276 1029 396 mehnmalen beleydiget, ein lyel
248 344 1011 454 nachgeworffen und getronwt habe
208 473 1090 596 und nachdem er auch befragt. Wie es
251 528 1095 664 köme, das er und syne fromwe nachts
239 614 994 707 hin und widerreysind. Hat er
246 671 981 784 anzeigt: sy allwagen (die zyt
235 738 1080 845 zwunnen) sich nach Grybig begäben
218 798 1090 897 und daselbst müllen verkaufft habends
213 864 1085 966 Aber in solicher Reys, Jemandts niemalen
227 930 1119 1059 wteil vecunteuiret, noch übels zugschügt,
213 999 1049 1093 das er aber sye zusfrouw so übel
242 1054 1076 1164 troctiere, sye die ursachen, das sy im
253 1120 495 1213 nit volge.
185 1197 1088 1324 Endtlichen als er gfragt. Wohne er mit
211 1295 990 1382 dem Jenigen manser so e In der
228 1348 992 1449 pfangeschafft zu Thunghept unnd
236 1403 1085 1491 worumb durch mitel deselben ußgebroch
243 1463 1056 1556 hinkommen. Anzeygt: Die sprybel
248 1522 1045 1605 habinds Ime alhie genomen. Das er
245 1580 1037 1665 aber sich ußgemelter gfangenschafft
233 1625 1045 1727 ledig gmacht, sye die Grose marte
254 1688 950 1802 so er entsäßen, ein ursachc.
197 1805 234 1872 2
234 1798 990 1902 über disere hieuorgeschribne zur
243 1865 1011 1963 eingehaltene fragpmncsen, hat
242 1930 1029 2013 es nitzit wyters anzeygen noch bei
196 1999 222 2055 11
231 1982 1053 2073 khennen wollen. Bittet also Gott
213 2031 1034 2123 den herren, vnd Vh myn g hl. vnd
224 2095 988 2184 Iberon, gantz flächenlich umb gnod
212 2151 620 2249 und verzychung.
185 2239 1063 2370 Ist das erstmal Lär) das andernal
144 2324 1056 2429 mit dene Kleinen stein) das dritmal
222 2387 1039 2485 mit zweyen steynen ufgezogen worden.
207 2457 1041 2562 Uf 25 jenners ao 1624 ist obgemelter Jaur
206 2506 1071 2620 nit ruten ußgehawen, mit dem baren zeychnet
202 2576 994 2662 und volgendts mit dem eydt von Statt und
189 2640 641 2713 Land verwisen wordenn.
1183 -31 2135 154 gsthicht Bitet ab sene ongolen¬
1209 51 2021 208 scheig, In der kilchern Dießbach
1173 206 1254 298 1
1197 203 2113 384 endene verschnten tagene Bendicht
1192 294 2000 447 bürki der Salpetergraber, ob dem
1208 359 2101 497 zushalterbärg in der Kilcheri dießbach
1201 414 2111 563 gegen begangener diebstälen, vom
1199 494 2073 635 Iman zu Bümplitz behändiget
1196 565 2074 691 und volgendts alhar in der statt ghürt
1556 620 2061 712 hatt derselbig vff
1199 658 1443 750 worden.
1216 688 2080 812 sammbstag den 14. hornungs dis
1213 752 2049 889 ora jars, in bywäsen anhoren
1212 814 2114 933 und gägenwürtigkeyt der ehrenmesten
1198 875 2059 1021 fromen, fürnämmen, fürsichtign
1201 958 2046 1096 volgrachten wosen heren, genen
1210 1011 2020 1134 Vnwentz spättings deß kleinen
1208 1092 2016 1198 Rhats, Castar Wyßhonens der
1191 1150 2019 1286 Burgeren, Niclans Kilchbargers
1194 1219 1963 1346 Großweybels, sampt etlichen
1181 1284 2061 1416 weyblen mitgl. hl. vnd Obern dienern
1206 1341 2002 1460 mit und ohne marter zu Marzili
1206 1374 2058 1520 bekhent, ehalten und bestättiget
1206 1467 2073 1607 kammlichen vnd deß ersten So habe
1204 1540 2054 1678 er nächtlicher wyl by der Paprmunlen
1202 1588 2029 1763 Uli Huyen, dry ehrinhäffen ent-
1190 1673 2031 1812 frömbdet: Vnder welchen er den
1205 1730 2013 1882 grösten, (so ungfar by 4 maßenn
1194 1787 2049 1924 dryngangen) einer witfrouwen
1201 1842 1981 1997 zu thum ob der Fuschbrugg umb
1199 1887 2033 2050 34. batzen hingaben, vnd Verkoufft
1211 1935 2083 2103 die vbrigen zwen aber, Er Haus
1190 2021 2053 2163 Maffli in Heymbarg zu behalten
1214 2136 1363 2237 gäben
1172 2152 2029 2311 dannethin so habe er gedachtem
1193 2228 2048 2397 Uli Gueyen 1n wannist 2 kragen,
1217 2279 2065 2445 A1 strangen garn, vnd 2. muttig
1232 2357 1964 2509 sek. Item syner husfrauen
1243 2398 2094 2555 par Ermel, ein Jupen, vnd ein
1199 2457 1924 2618 Rok genomen, vnd entzukt¬
1863 2628 2047 2703 rertat
2248 83 2343 167 74
