3096 3073
515 -20 1402 151 gethan, er Sind aber mieste
523 88 1501 289 dem set und syner schuldt by
536 190 1487 371 verleeren, das er nit wage anh
559 267 1051 365 tag zalt werden.
530 347 1527 541 Was belanget in der angebottensch
603 432 1528 607 sölle abglößt gsein syn und das er
601 515 1531 675 licher wyß das sigel wider daruff
604 595 1545 772 kleibt und also mutwlliger
611 690 1540 822 verfeltscht habe, sye nit, dan nih
649 786 1538 886 vn Vatter nach die synigen, an
646 850 1557 977 dem b nützit empfangt also
672 936 1540 1052 wo der schildner oder bürg noch hat
673 1019 1574 1120 zubezolen, der b mit synem In¬
681 1089 1583 1207 halt noch gut und gültig ist mit
701 1161 1565 1278 dem Sigel ge es also ergangen,
721 1227 1582 1344 wie er uff ein zyts, der schuldt nach
733 1304 1598 1441 gangen den b iu fisen ghegten
748 1399 1590 1486 do sye imme das sigel abgfallenn
754 1453 1613 1564 do habe er Ja dz Sigel wider daruf
765 1518 1608 1626 getruckt, ob nit vermeint darmit
771 1588 1073 1673 zuuerfälen.
742 1649 1615 1774 Das er einem Im Soloturuerpiet
803 1748 1599 1855 ein zulpf für ein goldtgulden
821 1783 1625 1908 geben, wüße er nit wol habe
831 1875 1651 1974 dem Alman von Arch jedoch vn¬
838 1918 1650 2020 wüsender wyß einen für ein godt
845 1975 1640 2079 guedt geben, sye obr ime auch von
832 2029 1670 2145 Landtshnechten, so damale
870 2098 1642 2225 glegen, vmb fleisch für werschafft
867 2177 1046 2276 worden.
882 2213 1676 2341 Iat er einei anderen vmb eine Aber¬
820 2226 1653 2420 kffe kusalch buß gelt geben
889 2351 1676 2448 sye nit sye nit, aberwol alwege
898 2403 1679 2506 3 den für mi t dan sy dond
1608 2452 1706 2556 gsih
903 2445 1625 2567 by inen noch nit abgrefft
912 2516 1614 2609 ob by den wol, von dem er
909 2546 1625 2664 Vnß abkaufft, vermeine als
916 2596 1644 2729 derselben nit verfült zu haben,
914 2658 1717 2788 drgruff by zner nach nit gans
928 2703 1049 2787 I.
2052 -3 2711 97 ūel Schotten aūch ohne
1634 20 1992 158 Ier dem de
1565 51 2746 305 erluptnus nach dem sy deß mürits
1632 142 2740 351 niht eins werden mögen schaff sölle geen
1632 229 2666 429 nomen vnd genetzget haben. Sye
1622 332 2665 503 es also ergangen, das nach dem er in
1618 421 2708 595 Arnnd vffem Veldt zu imme Schor
1646 493 2689 663 kommen, vnd zur angredt, wie er zu
1651 564 2724 733 die 4 beste schaff und syner Härdt
1656 655 2689 846 schetzen vnd gaben wolle, do habe er
1664 733 2719 898 in die so hoch geschetzt, also das er ver¬
1675 796 2724 970 meint, das sy zu thür syent, also das
1668 902 2770 1047 sy ia deß märits nit seins werden magen
1660 972 2688 1147 jedoch so habe schort imme anzeigtn
1705 1060 2674 1193 woner die vmb dent entschlagnen
1694 1133 2700 1270 pryßwelle, möge er sy gschouwen
1707 1160 2720 1328 daruff sye er von Ime gangen, vnd
1715 1249 2726 1434 die schaffbsichtigen, den buben, auch
1720 1347 2696 1465 vermantt, das er Im deß Schottenn
1739 1403 2686 1558 stuff zeigen wolle, wie er sy nun
1747 1475 2691 1610 gsechen habe er sy bsindt, vnd de
1755 1559 2690 1674 schaff keiner auferen meinung guon
1760 1626 2647 1743 den vff den Bryß hin, wie er zu
1750 1712 2155 1813 die entschlagen.
1749 1760 2719 1892 Anlanget die Schaff, de er Cristenn
1768 1851 2717 1972 kuntz abkaufft, vmb die habe er Inne
1774 1906 2723 2036 zu gutem vermiegen darumb bezalt,
1775 1950 2707 2069 zwar Inne wol anfangß gfexiert
1801 2023 2714 2124 vsyent imme uff der straß verdorben
1796 2091 2615 2209 dan sy syent auch an d Läberen
1806 2145 2407 2249 gar mnechtig ful gsin.
1781 2129 2718 2361 Das er shnen vere ven vffe
1818 2266 2706 2390 ein kusagkaufft, die gemetzget, vnd
1830 2303 2724 2436 abr imme hernach sölle fürgeben haben
1832 2358 2728 2495 se finngge gsin vnd ime von deß
1819 2421 2737 2522 wegen 5 Ab abzogen, Sye es also
2300 2466 2773 2573 de Ja eine abkaufft
1840 2528 2308 2608 ergangen, habe In
1854 2521 2670 2641 und bis an 3 f zalt, wie er sy
1877 2553 2740 2708 um gmetzget, sye sy gar schlecht uß
2601 2639 2737 2684 ver
1869 2668 2334 2757 gfallen, also diser
