<?xml version="1.0" encoding="UTF-8" standalone="yes"?>
<PcGts xmlns="http://schema.primaresearch.org/PAGE/gts/pagecontent/2013-07-15" xmlns:xsi="http://www.w3.org/2001/XMLSchema-instance" xsi:schemaLocation="http://schema.primaresearch.org/PAGE/gts/pagecontent/2013-07-15 http://schema.primaresearch.org/PAGE/gts/pagecontent/2013-07-15/pagecontent.xsd">
    <Metadata>
        <Creator>prov=University of Rostock/Institute of Mathematics/CITlab|PLANET AI GmbH/Gundram Leifert/gundram.leifert@planet-ai.de:name=German_Kurrent_XVI-XVIII_M1(htr_id=19584)::::v=2.6.7
prov=University of Rostock/Institute of Mathematics/CITlab|PLANET AI GmbH/Tobias Gruening/tobias.gruening@planet-ai.de:name=de.uros.citlab.module.baseline2polygon.B2PSeamMultiOriented:v=2.6.7
prov=University of Rostock/Institute of Mathematics/CITlab|PLANET AI GmbH/Tobias Gruening/tobias.gruening@planet-ai.de:name=/net_tf/LA73_249_0mod360.pb:de.uros.citlab.segmentation.CITlab_LA_ML:v=2.6.6
prov=University of Rostock/Institute of Mathematics/CITlab|PLANET AI GmbH/Tobias Gruening/tobias.gruening@planet-ai.de:name=/net_tf/LA73_249_0mod360.pb:de.uros.citlab.segmentation.CITlab_LA_ML:v=2.6.6
Transkribus</Creator>
        <Created>2020-09-22T11:08:37.670+02:00</Created>
        <LastChange>2022-09-12T14:28:58.399+02:00</LastChange>
        <TranskribusMetadata docId="1334812" pageId="52358990" pageNr="55" tsid="114640706" status="IN_PROGRESS" userId="9570" imgUrl="https://files.transkribus.eu/Get?id=AKQMCTIMXLDKAZRIKAIQIEND&amp;fileType=view" xmlUrl="https://files.transkribus.eu/Get?id=AYUEZCLJKOIAJAOBRDXMCZQM" imageId="15435737"/>
    </Metadata>
    <Page imageFilename="Turmbuch 1622_00055-20200922_095605.jpg" imageWidth="2542" imageHeight="3045">
        <ReadingOrder>
            <OrderedGroup id="ro_1687513802778" caption="Regions reading order">
                <RegionRefIndexed index="0" regionRef="r1"/>
                <RegionRefIndexed index="1" regionRef="r2"/>
            </OrderedGroup>
        </ReadingOrder>
        <TextRegion orientation="0.0" id="r1" custom="readingOrder {index:0;}">
            <Coords points="200,23 200,2839 1334,2839 1334,23"/>
            <TextLine id="r1l1" custom="readingOrder {index:0;}">
                <Coords points="560,122 714,81 797,97 864,58 1110,59 1325,104 1338,66 1124,11 881,36 780,-16 699,32 639,5 561,36"/>
                <Baseline points="567,69 605,68 643,65 681,64 719,61 758,60 796,57 834,56 872,54 910,54 949,54 987,54 1025,55 1063,56 1101,59 1140,62 1178,66 1216,71 1254,76 1292,85 1331,93"/>
                <TextEquiv>
                    <Unicode>Frag, worūmb sy vilmas</Unicode>
                </TextEquiv>
            </TextLine>
            <TextLine id="r1l2" custom="readingOrder {index:1;}">
                <Coords points="623,143 661,125 751,154 1001,116 1196,157 1247,134 1340,168 1341,122 1290,93 1250,107 1209,78 1097,65 1021,95 923,98 885,73 847,98 624,111"/>
                <Baseline points="630,128 665,128 700,126 735,126 770,125 806,123 841,122 876,120 911,119 946,118 982,117 1017,117 1052,118 1087,120 1122,121 1158,125 1193,130 1228,135 1263,141 1298,150 1334,161"/>
                <TextEquiv>
                    <Unicode>ai abent vmb Sehste vßde</Unicode>
                </TextEquiv>
            </TextLine>
            <TextLine id="r1l3" custom="readingOrder {index:2;}">
                <Coords points="617,219 789,198 824,219 1012,177 1071,213 1137,184 1325,261 1326,164 1300,155 1227,170 1074,139 1014,163 961,138 756,169 618,143"/>
                <Baseline points="624,194 658,194 693,192 728,192 763,191 797,189 832,187 867,185 902,184 936,183 971,182 1006,181 1041,180 1075,182 1110,183 1145,186 1180,190 1214,195 1249,202 1284,209 1319,219"/>
                <TextEquiv>
                    <Unicode>hußgange und erst umb z</Unicode>
                </TextEquiv>
            </TextLine>
            <TextLine id="r1l4" custom="readingOrder {index:3;}">
                <Coords points="608,284 764,267 844,292 915,256 1076,271 1117,249 1326,300 1326,262 1236,221 1155,238 1010,207 948,232 870,199 749,237 695,202 609,220"/>
                <Baseline points="615,257 650,257 685,258 720,257 756,257 791,255 826,254 861,252 897,251 932,249 967,248 1002,248 1038,248 1073,248 1108,249 1143,251 1179,254 1214,257 1249,263 1284,270 1320,278"/>
                <TextEquiv>
                    <Unicode>in der nacht widr heim komen</Unicode>
                </TextEquiv>
            </TextLine>
            <TextLine id="r1l5" custom="readingOrder {index:4;}">
                <Coords points="601,341 661,330 725,358 893,322 913,339 1088,332 1173,360 1273,338 1273,300 1231,313 1195,282 1133,308 1030,255 987,290 839,298 750,271 601,303"/>
                <Baseline points="608,324 640,324 673,324 706,324 739,324 772,323 805,323 838,321 871,321 904,320 937,318 969,318 1002,318 1035,318 1068,318 1101,320 1134,321 1167,325 1200,328 1233,333 1266,338"/>
                <TextEquiv>
                    <Unicode>wo sy dan darzwuschen</Unicode>
                </TextEquiv>
            </TextLine>
            <TextLine id="r1l6" custom="readingOrder {index:5;}">
                <Coords points="1275,379 1287,381 1293,388 1301,386 1315,374 1324,375 1330,306 1313,304 1307,308 1301,306 1292,313 1290,311 1281,312"/>
                <Baseline points="1284,347 1320,350"/>
                <TextEquiv>
                    <Unicode>hu</Unicode>
                </TextEquiv>
            </TextLine>
            <TextLine id="r1l7" custom="readingOrder {index:6;}">
                <Coords points="595,401 721,431 833,401 950,432 1039,407 1205,424 1205,365 1081,367 1023,337 595,365"/>
                <Baseline points="602,395 631,393 661,392 691,391 721,390 751,389 781,389 810,387 840,387 870,386 900,386 930,386 960,386 990,387 1019,387 1049,388 1079,389 1109,390 1139,392 1169,395 1199,396"/>
                <TextEquiv>
                    <Unicode>vnd was y verrichte</Unicode>
                </TextEquiv>
            </TextLine>
            <TextLine id="r1l8" custom="readingOrder {index:7;}">
                <Coords points="540,499 618,476 764,502 818,479 850,498 899,473 942,494 1141,474 1272,514 1323,510 1324,448 1285,429 1102,454 993,420 651,429 597,400 541,423"/>
                <Baseline points="546,470 584,471 623,474 661,474 700,474 738,474 777,473 815,473 854,471 892,470 931,470 969,469 1008,468 1046,468 1085,470 1123,471 1162,474 1200,478 1239,483 1277,489 1316,497"/>
                <TextEquiv>
                    <Unicode>Ant: sÿ gange mennen hin¬</Unicode>
                </TextEquiv>
            </TextLine>
            <TextLine id="r1l9" custom="readingOrder {index:8;}">
                <Coords points="590,547 655,566 699,549 748,577 824,538 926,580 1086,538 1189,543 1313,584 1314,519 1151,475 1051,518 923,484 839,515 804,485 744,514 670,497 591,514"/>
                <Baseline points="597,533 632,535 668,536 703,537 739,537 774,537 810,537 845,537 881,536 916,536 952,536 987,534 1023,534 1058,536 1094,536 1129,538 1165,541 1200,544 1236,548 1271,555 1307,561"/>
                <TextEquiv>
                    <Unicode>auch nüt, das sy jemandtsz</Unicode>
                </TextEquiv>
            </TextLine>
            <TextLine id="r1l10" custom="readingOrder {index:9;}">
                <Coords points="590,628 670,611 807,648 955,618 1034,637 1092,612 1277,628 1311,625 1312,585 1152,592 1076,565 822,586 774,560 651,587 591,569"/>
                <Baseline points="597,600 632,602 667,602 703,603 738,603 773,603 809,603 844,602 879,602 915,602 950,602 985,602 1021,602 1056,603 1091,604 1127,605 1162,607 1197,610 1233,613 1268,617 1304,621"/>
                <TextEquiv>
                    <Unicode>bigen zyth, san ungepurlich</Unicode>
                </TextEquiv>
            </TextLine>
            <TextLine id="r1l11" custom="readingOrder {index:10;}">
                <Coords points="581,677 838,707 965,675 1051,719 1095,685 1187,676 1320,699 1321,661 1275,637 1156,655 1086,620 974,647 873,624 812,654 582,631"/>
                <Baseline points="588,666 624,668 660,669 696,671 733,671 769,672 805,672 842,672 878,672 914,672 951,672 987,672 1023,672 1059,673 1096,674 1132,675 1168,677 1205,679 1241,683 1277,686 1314,690"/>
                <TextEquiv>
                    <Unicode>ortzen gesechen habe, vndd</Unicode>
                </TextEquiv>
            </TextLine>
            <TextLine id="r1l12" custom="readingOrder {index:11;}">
                <Coords points="560,757 750,736 798,774 839,740 937,759 1029,740 1081,772 1165,752 1311,777 1313,708 1238,690 1191,721 1086,698 916,717 820,689 652,716 561,690"/>
                <Baseline points="567,738 603,737 640,736 677,735 714,735 751,734 788,734 825,734 862,735 899,735 936,735 972,737 1009,737 1046,738 1083,740 1120,741 1157,743 1194,745 1231,747 1268,749 1305,752"/>
                <TextEquiv>
                    <Unicode>Zeungen so dazs von Ira rede</Unicode>
                </TextEquiv>
            </TextLine>
            <TextLine id="r1l13" custom="readingOrder {index:12;}">
                <Coords points="569,830 655,810 710,839 814,805 1009,825 1109,866 1203,825 1302,841 1303,798 1259,773 973,784 898,752 737,777 671,740 570,783"/>
                <Baseline points="576,807 612,806 648,804 684,804 720,804 756,803 792,803 828,804 864,804 900,804 936,806 972,807 1008,807 1044,809 1080,810 1116,812 1152,813 1188,813 1224,815 1260,817 1296,818"/>
                <TextEquiv>
                    <Unicode>gnit, reb nit Ira daselbige</Unicode>
                </TextEquiv>
            </TextLine>
            <TextLine id="r1l14" custom="readingOrder {index:13;}">
                <Coords points="565,906 606,928 636,905 733,905 774,876 889,889 926,915 1026,919 1027,843 1005,831 915,854 788,830 687,841 633,821 566,834"/>
                <Baseline points="572,878 598,875 624,875 651,873 677,873 703,873 730,873 756,874 782,875 809,876 835,876 861,877 888,878 914,879 940,879 967,879 993,879 1020,878"/>
                <TextEquiv>
                    <Unicode>uß Nyd und haß</Unicode>
                </TextEquiv>
            </TextLine>
            <TextLine id="r1l15" custom="readingOrder {index:14;}">
                <Coords points="517,1036 562,1050 629,1003 676,1035 740,1006 791,1025 999,1006 1033,1033 1086,1009 1297,1018 1309,947 1009,938 976,958 823,910 707,949 517,928"/>
                <Baseline points="524,1005 562,1004 601,1002 640,1002 679,1002 718,1001 757,1001 796,1001 835,1001 874,1002 913,1002 951,1002 990,1002 1029,1003 1068,1004 1107,1004 1146,1004 1185,1004 1224,1004 1263,1004 1302,1004"/>
                <TextEquiv>
                    <Unicode>frag, worumb sy vilmole</Unicode>
                </TextEquiv>
            </TextLine>
            <TextLine id="r1l16" custom="readingOrder {index:15;}">
                <Coords points="560,1077 657,1111 701,1077 877,1111 980,1079 1158,1112 1312,1075 1312,1012 1229,1038 1174,1015 1075,1056 1000,1006 903,1037 835,1015 782,1050 720,1027 663,1048 624,1015 560,1049"/>
                <Baseline points="566,1067 604,1068 643,1068 682,1068 721,1068 760,1070 799,1070 838,1070 877,1070 916,1070 954,1070 993,1070 1032,1070 1071,1070 1110,1070 1149,1070 1188,1068 1227,1068 1266,1067 1305,1065"/>
                <TextEquiv>
                    <Unicode>wan sy also in der nacht heimt</Unicode>
                </TextEquiv>
            </TextLine>
            <TextLine id="r1l17" custom="readingOrder {index:16;}">
                <Coords points="535,1158 675,1149 735,1182 779,1153 916,1175 1083,1145 1165,1184 1299,1155 1299,1106 1231,1091 1157,1126 1054,1128 951,1100 865,1126 704,1078 661,1111 535,1103"/>
                <Baseline points="542,1137 579,1138 617,1139 654,1139 692,1140 729,1140 767,1142 804,1142 842,1142 879,1143 917,1143 954,1143 992,1143 1029,1143 1067,1143 1104,1143 1142,1142 1179,1142 1217,1141 1254,1140 1292,1139"/>
                <TextEquiv>
                    <Unicode>Ibis fast die halbe nacht Im</Unicode>
                </TextEquiv>
            </TextLine>
            <TextLine id="r1l18" custom="readingOrder {index:17;}">
                <Coords points="538,1214 669,1237 720,1212 842,1248 1200,1229 1295,1212 1296,1160 1212,1191 1061,1146 938,1195 895,1159 724,1191 677,1164 538,1176"/>
                <Baseline points="545,1202 582,1204 619,1206 656,1208 693,1209 731,1211 768,1213 805,1215 842,1215 879,1217 917,1217 954,1217 991,1217 1028,1217 1065,1216 1103,1215 1140,1212 1177,1211 1214,1208 1251,1206 1289,1202"/>
                <TextEquiv>
                    <Unicode>vmbher lauffe, voldere vn</Unicode>
                </TextEquiv>
            </TextLine>
            <TextLine id="r1l19" custom="readingOrder {index:18;}">
                <Coords points="530,1304 640,1278 727,1331 777,1290 872,1279 986,1334 1183,1271 1264,1315 1301,1291 1301,1208 1194,1252 974,1228 885,1264 816,1235 683,1261 530,1232"/>
                <Baseline points="536,1275 575,1276 615,1278 655,1279 695,1280 735,1281 775,1283 815,1283 855,1283 895,1283 935,1283 975,1283 1015,1282 1055,1281 1095,1280 1135,1278 1175,1276 1215,1274 1255,1271 1295,1268"/>
                <TextEquiv>
                    <Unicode>schwere, vnd offt rede bis</Unicode>
                </TextEquiv>
            </TextLine>
            <TextLine id="r1l20" custom="readingOrder {index:19;}">
                <Coords points="528,1352 631,1351 673,1390 714,1356 812,1391 864,1364 972,1368 1043,1407 1128,1357 1290,1347 1290,1315 1222,1281 1183,1317 1133,1298 1020,1338 910,1335 868,1304 748,1338 528,1309"/>
                <Baseline points="534,1344 571,1345 608,1347 646,1348 683,1350 721,1351 758,1352 796,1353 833,1355 871,1356 908,1356 945,1356 983,1356 1020,1356 1058,1355 1095,1353 1133,1352 1170,1349 1208,1346 1245,1344 1283,1338"/>
                <TextEquiv>
                    <Unicode>da ganz, hinweg, laß in</Unicode>
                </TextEquiv>
            </TextLine>
            <TextLine id="r1l21" custom="readingOrder {index:20;}">
                <Coords points="514,1431 833,1432 884,1464 1042,1433 1159,1481 1240,1442 1283,1458 1284,1355 1103,1378 1045,1414 965,1413 921,1375 753,1396 706,1361 673,1390 629,1354 576,1399 515,1380"/>
                <Baseline points="521,1415 558,1417 596,1420 634,1422 672,1424 710,1426 747,1428 785,1429 823,1430 861,1431 899,1431 936,1431 974,1431 1012,1431 1050,1431 1088,1430 1125,1428 1163,1427 1201,1426 1239,1424 1277,1421"/>
                <TextEquiv>
                    <Unicode>mit friden. Item das sy offt</Unicode>
                </TextEquiv>
            </TextLine>
            <TextLine id="r1l22" custom="readingOrder {index:21;}">
                <Coords points="506,1505 603,1509 640,1539 681,1508 788,1534 854,1520 910,1558 980,1519 1123,1531 1182,1499 1287,1521 1286,1457 1115,1477 1043,1452 981,1473 947,1447 853,1484 782,1434 720,1431 669,1475 506,1459"/>
                <Baseline points="512,1493 550,1496 588,1499 627,1500 665,1503 704,1505 742,1506 780,1508 819,1508 857,1508 896,1509 934,1508 972,1508 1011,1506 1049,1505 1088,1503 1126,1500 1164,1497 1203,1496 1241,1491 1280,1487"/>
                <TextEquiv>
                    <Unicode>len In der nacht rede gang</Unicode>
                </TextEquiv>
            </TextLine>
            <TextLine id="r1l23" custom="readingOrder {index:22;}">
                <Coords points="479,1600 639,1594 682,1621 714,1593 832,1628 896,1593 979,1624 1140,1584 1233,1588 1279,1621 1279,1525 1234,1496 1191,1538 1156,1514 1098,1556 1019,1541 985,1567 854,1520 818,1551 714,1515 668,1556 605,1554 480,1498"/>
                <Baseline points="486,1566 525,1569 564,1572 603,1574 643,1576 682,1579 721,1580 761,1581 800,1584 839,1586 879,1586 918,1587 957,1587 996,1586 1036,1585 1075,1584 1114,1581 1154,1577 1193,1573 1232,1567 1272,1562"/>
                <TextEquiv>
                    <Unicode>du wust, laß mich mit fri</Unicode>
                </TextEquiv>
            </TextLine>
            <TextLine id="r1l24" custom="readingOrder {index:23;}">
                <Coords points="478,1701 739,1665 849,1695 976,1675 1019,1707 1147,1658 1269,1687 1269,1585 1178,1610 1117,1593 1000,1641 950,1616 774,1632 715,1593 660,1634 479,1618"/>
                <Baseline points="485,1644 523,1647 562,1650 601,1652 640,1656 679,1659 718,1662 757,1664 796,1667 835,1668 874,1670 912,1670 951,1670 990,1670 1029,1668 1068,1667 1107,1664 1146,1659 1185,1655 1224,1649 1263,1643"/>
                <TextEquiv>
                    <Unicode>pynigest vnd plagest mich</Unicode>
                </TextEquiv>
            </TextLine>
            <TextLine id="r1l25" custom="readingOrder {index:24;} place {offset:11; length:4;}">
                <Coords points="478,1725 565,1779 661,1791 765,1779 807,1743 965,1779 1016,1743 1272,1748 1272,1685 1180,1672 1066,1714 896,1703 825,1728 677,1715 597,1674 522,1711 478,1700"/>
                <Baseline points="485,1727 524,1729 563,1733 602,1736 641,1739 680,1741 719,1743 758,1745 797,1747 836,1748 875,1749 914,1749 953,1749 992,1748 1031,1746 1070,1744 1109,1740 1148,1735 1187,1731 1226,1724 1265,1716"/>
                <TextEquiv>
                    <Unicode>nocht gnng plaz einander</Unicode>
                </TextEquiv>
            </TextLine>
            <TextLine id="r1l26" custom="readingOrder {index:25;}">
                <Coords points="476,1878 591,1845 1097,1852 1187,1819 1270,1826 1270,1765 1211,1756 1055,1809 920,1758 795,1791 708,1769 595,1794 516,1742 476,1756"/>
                <Baseline points="483,1803 522,1806 561,1809 600,1812 639,1816 678,1818 717,1821 756,1824 795,1826 834,1828 873,1829 912,1829 951,1829 990,1829 1029,1827 1068,1825 1107,1821 1146,1817 1185,1811 1224,1805 1263,1797"/>
                <TextEquiv>
                    <Unicode>sohung, als du mich plag</Unicode>
                </TextEquiv>
            </TextLine>
            <TextLine id="r1l27" custom="readingOrder {index:26;}">
                <Coords points="403,1926 901,1997 970,1964 1031,1987 1089,1955 1266,1948 1260,1859 1121,1927 925,1905 855,1937 741,1898 673,1926 477,1815 404,1844"/>
                <Baseline points="410,1920 452,1923 495,1926 537,1929 580,1934 622,1938 665,1943 707,1945 750,1950 792,1953 835,1955 877,1957 920,1958 962,1958 1005,1956 1047,1954 1090,1950 1132,1944 1175,1937 1217,1927 1260,1916"/>
                <TextEquiv>
                    <Unicode>Ant man thuey ira hinein zu</Unicode>
                </TextEquiv>
            </TextLine>
            <TextLine id="r1l28" custom="readingOrder {index:27;}">
                <Coords points="430,2029 505,2008 645,2044 878,2028 978,2077 1089,2020 1253,1987 1198,1960 1062,2006 1010,1977 919,2012 858,1972 781,1997 682,1992 633,1958 431,1976"/>
                <Baseline points="437,1991 477,1993 518,1997 558,2001 599,2005 639,2009 680,2013 720,2017 761,2019 801,2022 842,2025 882,2027 923,2027 963,2026 1004,2024 1044,2022 1085,2017 1125,2011 1166,2004 1206,1995 1247,1983"/>
                <TextEquiv>
                    <Unicode>dan diß sye nit wahr, allein</Unicode>
                </TextEquiv>
            </TextLine>
            <TextLine id="r1l29" custom="readingOrder {index:28;}">
                <Coords points="440,2062 670,2138 728,2099 827,2136 901,2100 1147,2096 1260,2061 1261,2018 1187,2040 1148,2018 976,2079 860,2076 823,2045 695,2065 596,2020 440,2029"/>
                <Baseline points="447,2054 487,2060 527,2064 568,2070 608,2074 648,2080 689,2084 729,2087 769,2090 810,2093 850,2095 890,2096 931,2096 971,2095 1011,2093 1052,2089 1092,2085 1132,2079 1173,2072 1213,2062 1254,2051"/>
                <TextEquiv>
                    <Unicode>wol syn, wan sy am abent mit</Unicode>
                </TextEquiv>
            </TextLine>
            <TextLine id="r1l30" custom="readingOrder {index:29;}">
                <Coords points="210,2144 373,2124 549,2198 705,2157 837,2211 894,2170 1249,2171 1254,2059 969,2151 813,2152 739,2110 668,2137 461,2082 213,2087"/>
                <Baseline points="219,2103 270,2109 321,2114 372,2121 424,2127 475,2135 526,2142 578,2148 629,2153 680,2160 732,2163 783,2167 834,2169 885,2171 937,2170 988,2169 1039,2165 1091,2158 1142,2150 1193,2139 1245,2126"/>
                <TextEquiv>
                    <Unicode>Aenach habe sy ein Tetgli vor dem d</Unicode>
                </TextEquiv>
            </TextLine>
            <TextLine id="r1l31" custom="readingOrder {index:30;}">
                <Coords points="210,2165 250,2162 268,2182 306,2165 349,2188 430,2173 451,2187 468,2183 471,2147 460,2144 441,2159 397,2143 369,2151 328,2128 314,2135 291,2123 213,2131"/>
                <Baseline points="218,2154 245,2156 272,2158 299,2160 326,2162 353,2164 380,2168 407,2170 434,2172 462,2174"/>
                <TextEquiv>
                    <Unicode>daselbige vmb</Unicode>
                </TextEquiv>
            </TextLine>
            <TextLine id="r1l32" custom="readingOrder {index:31;}">
                <Coords points="217,2230 424,2227 480,2284 662,2251 805,2298 1119,2254 1247,2209 1248,2176 1005,2223 936,2182 789,2210 663,2166 616,2199 218,2175"/>
                <Baseline points="224,2204 274,2205 325,2208 376,2212 427,2217 478,2222 529,2226 579,2233 630,2237 681,2242 732,2246 783,2250 834,2252 885,2252 935,2252 986,2248 1037,2243 1088,2235 1139,2225 1190,2213 1241,2196"/>
                <TextEquiv>
                    <Unicode>sovlnüchtes sy herfür züche und dan dar</Unicode>
                </TextEquiv>
            </TextLine>
            <TextLine id="r1l33" custom="readingOrder {index:32;}">
                <Coords points="214,2264 278,2262 287,2272 305,2264 312,2273 328,2263 349,2272 358,2267 409,2296 412,2245 384,2251 362,2233 319,2246 303,2235 252,2245 234,2223 216,2230"/>
                <Baseline points="222,2252 248,2253 274,2255 300,2256 326,2259 352,2261 378,2263 404,2265"/>
                <TextEquiv>
                    <Unicode>unntle </Unicode>
                </TextEquiv>
            </TextLine>
            <TextLine id="r1l34" custom="readingOrder {index:33;}">
                <Coords points="192,2317 313,2319 347,2349 368,2343 395,2354 401,2293 377,2276 352,2288 334,2268 321,2274 303,2264 287,2272 252,2262 197,2268"/>
                <Baseline points="200,2298 227,2301 254,2304 282,2307 309,2310 337,2313 364,2315 392,2316"/>
                <TextEquiv>
                    <Unicode>sanders sye</Unicode>
                </TextEquiv>
            </TextLine>
            <TextLine id="r1l35" custom="readingOrder {index:34;}">
                <Coords points="410,2320 497,2308 679,2361 717,2343 759,2378 887,2342 975,2383 1127,2306 1248,2305 1247,2209 1080,2301 907,2264 822,2307 603,2248 468,2284 409,2248"/>
                <Baseline points="416,2300 457,2302 498,2306 539,2309 581,2314 622,2318 663,2323 704,2327 746,2329 787,2333 828,2334 869,2334 911,2334 952,2333 993,2329 1034,2325 1076,2317 1117,2307 1158,2295 1199,2281 1241,2264"/>
                <TextEquiv>
                    <Unicode>In das Beth styget Item s</Unicode>
                </TextEquiv>
            </TextLine>
            <TextLine id="r1l36" custom="readingOrder {index:35;}">
                <Coords points="229,2362 238,2363 246,2358 249,2359 255,2357 260,2359 265,2356 271,2356 275,2320 269,2319 263,2313 244,2318 240,2315 234,2314"/>
                <Baseline points="237,2346 266,2349"/>
                <TextEquiv>
                    <Unicode>it</Unicode>
                </TextEquiv>
            </TextLine>
            <TextLine id="r1l37" custom="readingOrder {index:36;}">
                <Coords points="398,2381 906,2454 1078,2397 1150,2426 1239,2382 1239,2305 1200,2293 1046,2378 845,2403 667,2354 583,2381 483,2334 398,2335"/>
                <Baseline points="405,2367 446,2374 487,2380 529,2387 570,2392 612,2397 653,2403 694,2407 736,2412 777,2415 819,2417 860,2418 901,2417 943,2415 984,2412 1026,2407 1067,2400 1108,2391 1150,2380 1191,2367 1233,2351"/>
                <TextEquiv>
                    <Unicode>als ein alte fronr, sein bised</Unicode>
                </TextEquiv>
            </TextLine>
            <TextLine id="r1l38" custom="readingOrder {index:37;}">
                <Coords points="373,2454 862,2511 927,2544 1061,2524 1180,2462 1232,2472 1233,2399 1125,2439 1093,2412 1033,2454 934,2434 819,2470 778,2439 533,2449 374,2412"/>
                <Baseline points="380,2441 422,2447 464,2454 506,2461 549,2468 591,2474 633,2480 676,2485 718,2490 760,2493 803,2495 845,2497 887,2496 929,2496 972,2493 1014,2489 1056,2483 1099,2475 1141,2466 1183,2454 1226,2439"/>
                <TextEquiv>
                    <Unicode>und wan der elbige sy also bli</Unicode>
                </TextEquiv>
            </TextLine>
            <TextLine id="r1l39" custom="readingOrder {index:38;}">
                <Coords points="369,2567 484,2616 629,2567 906,2611 975,2569 1175,2545 1227,2517 1228,2472 962,2548 859,2518 657,2533 516,2481 467,2516 370,2503"/>
                <Baseline points="377,2520 419,2527 461,2535 503,2542 545,2548 587,2553 629,2559 672,2565 714,2570 756,2573 798,2574 840,2576 882,2576 924,2574 967,2572 1009,2567 1051,2561 1093,2554 1135,2544 1177,2532 1220,2517"/>
                <TextEquiv>
                    <Unicode>achte sy wol zu ihre selbs vr</Unicode>
                </TextEquiv>
            </TextLine>
            <TextLine id="r1l40" custom="readingOrder {index:39;}">
                <Coords points="362,2634 423,2665 514,2641 611,2682 830,2664 1079,2699 1195,2627 1245,2650 1245,2571 1148,2606 1106,2582 1034,2632 939,2615 836,2647 720,2643 650,2599 546,2625 362,2597"/>
                <Baseline points="369,2613 412,2620 455,2627 499,2632 542,2640 586,2646 629,2651 673,2655 716,2659 760,2662 803,2664 846,2664 890,2664 933,2663 977,2658 1020,2653 1064,2644 1107,2636 1151,2624 1194,2610 1238,2594"/>
                <TextEquiv>
                    <Unicode>ogen wusten, wie blagest, u</Unicode>
                </TextEquiv>
            </TextLine>
            <TextLine id="r1l41" custom="readingOrder {index:40;}">
                <Coords points="352,2708 397,2698 450,2743 521,2712 646,2750 1076,2762 1233,2671 1234,2628 1111,2694 1005,2687 955,2716 843,2672 757,2710 608,2702 554,2655 528,2677 482,2647 353,2661"/>
                <Baseline points="359,2691 402,2695 445,2701 489,2706 532,2713 576,2718 619,2724 662,2729 706,2733 749,2737 793,2741 836,2742 879,2742 923,2742 966,2741 1010,2737 1053,2730 1096,2722 1140,2712 1183,2699 1227,2684"/>
                <TextEquiv>
                    <Unicode>nacht sorbell anders sye e</Unicode>
                </TextEquiv>
            </TextLine>
            <TextLine id="r1l42" custom="readingOrder {index:41;}">
                <Coords points="336,2806 743,2851 783,2816 873,2848 1029,2838 1215,2765 1216,2726 1150,2726 1096,2766 994,2761 918,2803 805,2756 739,2781 685,2746 624,2786 338,2737"/>
                <Baseline points="344,2769 387,2773 430,2777 473,2783 517,2789 560,2795 603,2801 646,2806 690,2813 733,2817 776,2820 819,2822 863,2823 906,2823 949,2821 992,2817 1036,2810 1079,2800 1122,2789 1165,2774 1209,2756"/>
                <TextEquiv>
                    <Unicode>dem jra mit biß zu sh </Unicode>
                </TextEquiv>
            </TextLine>
            <TextEquiv>
                <Unicode>Frag, worūmb sy vilmas
ai abent vmb Sehste vßde
hußgange und erst umb z
in der nacht widr heim komen
wo sy dan darzwuschen
hu
vnd was y verrichte
Ant: sÿ gange mennen hin¬
auch nüt, das sy jemandtsz
bigen zyth, san ungepurlich
ortzen gesechen habe, vndd
Zeungen so dazs von Ira rede
gnit, reb nit Ira daselbige
uß Nyd und haß
frag, worumb sy vilmole
wan sy also in der nacht heimt
Ibis fast die halbe nacht Im
vmbher lauffe, voldere vn
schwere, vnd offt rede bis
da ganz, hinweg, laß in
mit friden. Item das sy offt
len In der nacht rede gang
du wust, laß mich mit fri
pynigest vnd plagest mich
nocht gnng plaz einander
sohung, als du mich plag
Ant man thuey ira hinein zu
dan diß sye nit wahr, allein
wol syn, wan sy am abent mit
Aenach habe sy ein Tetgli vor dem d
daselbige vmb
sovlnüchtes sy herfür züche und dan dar
unntle 
sanders sye
In das Beth styget Item s
it
als ein alte fronr, sein bised
und wan der elbige sy also bli
achte sy wol zu ihre selbs vr
ogen wusten, wie blagest, u
nacht sorbell anders sye e
dem jra mit biß zu sh </Unicode>
            </TextEquiv>
        </TextRegion>
        <TextRegion orientation="0.0" id="r2" custom="readingOrder {index:1;}">
            <Coords points="1376,23 1376,2795 2456,2795 2456,23"/>
            <TextLine id="r2l1" custom="readingOrder {index:0;}">
                <Coords points="1420,162 1603,111 1726,130 2030,73 2193,103 2296,76 2290,-5 2190,44 2008,17 1706,49 1626,91 1458,61 1414,88"/>
                <Baseline points="1425,132 1468,125 1511,119 1554,113 1597,109 1640,104 1683,100 1727,96 1770,92 1813,89 1856,86 1899,83 1942,80 1985,77 2029,75 2072,72 2115,70 2158,67 2201,65 2244,61 2288,57"/>
                <TextEquiv>
                    <Unicode>frag, ob sy mit gredt, sy welte</Unicode>
                </TextEquiv>
            </TextLine>
            <TextLine id="r2l2" custom="readingOrder {index:1;}">
                <Coords points="1449,213 1703,157 1774,180 2210,121 2327,142 2322,85 2102,105 2030,73 1908,123 1834,95 1763,134 1602,120 1446,167"/>
                <Baseline points="1454,182 1497,177 1540,172 1583,167 1626,164 1670,160 1713,156 1756,153 1799,149 1842,146 1886,142 1929,139 1972,137 2015,134 2058,130 2102,126 2145,124 2188,120 2231,117 2274,113 2318,108"/>
                <TextEquiv>
                    <Unicode>gernsterben, sy förchte ob mir</Unicode>
                </TextEquiv>
            </TextLine>
            <TextLine id="r2l3" custom="readingOrder {index:2;}">
                <Coords points="1436,261 1667,221 1731,252 1932,202 1995,230 2103,191 2352,213 2402,196 2394,86 2121,170 2036,142 1953,178 1897,143 1832,185 1749,167 1433,228"/>
                <Baseline points="1442,248 1489,240 1537,233 1584,227 1632,221 1679,217 1727,212 1774,209 1822,205 1869,201 1917,198 1965,195 2012,194 2060,191 2107,188 2155,185 2202,182 2250,179 2297,174 2345,171 2393,167"/>
                <TextEquiv>
                    <Unicode>die stell uß was ursachen sy das gredt</Unicode>
                </TextEquiv>
            </TextLine>
            <TextLine id="r2l4" custom="readingOrder {index:3;}">
                <Coords points="1422,326 1606,340 1654,303 1750,322 1864,288 1980,308 2208,249 2303,282 2383,264 2378,204 2268,193 2082,238 2034,214 1968,243 1763,239 1663,284 1417,268"/>
                <Baseline points="1428,320 1475,317 1522,313 1570,310 1617,306 1664,302 1712,299 1759,294 1806,289 1854,285 1901,281 1948,277 1996,272 2043,268 2090,264 2138,261 2185,257 2232,254 2280,251 2327,249 2375,246"/>
                <TextEquiv>
                    <Unicode>Ant. sy wüße nit, das sy ein solches</Unicode>
                </TextEquiv>
            </TextLine>
            <TextLine id="r2l5" custom="readingOrder {index:4;}">
                <Coords points="1453,404 1534,380 1577,408 1767,350 1949,377 2039,333 2419,322 2414,267 2339,290 2202,249 2098,307 1850,291 1736,331 1657,303 1609,338 1448,336"/>
                <Baseline points="1457,374 1504,372 1552,369 1600,366 1647,362 1695,358 1743,354 1790,349 1838,346 1886,341 1934,336 1981,332 2029,329 2077,324 2124,321 2172,317 2220,315 2267,312 2315,311 2363,310 2411,309"/>
                <TextEquiv>
                    <Unicode>gredt, könne sich desen nit vrzuueren</Unicode>
                </TextEquiv>
            </TextLine>
            <TextLine id="r2l6" custom="readingOrder {index:5;}">
                <Coords points="1444,466 2127,383 2272,403 2399,365 2396,310 1849,387 1773,356 1650,368 1440,423"/>
                <Baseline points="1448,437 1495,432 1542,429 1589,425 1637,422 1684,417 1731,413 1778,410 1826,405 1873,402 1920,398 1967,394 2015,390 2062,386 2109,383 2156,378 2204,373 2251,371 2298,366 2345,362 2393,357"/>
                <TextEquiv>
                    <Unicode>es möchte abswol syn, das sy esgredt</Unicode>
                </TextEquiv>
            </TextLine>
            <TextLine id="r2l7" custom="readingOrder {index:6;}">
                <Coords points="1439,539 2389,443 2385,383 2298,383 2240,422 2134,387 2045,430 1948,410 1829,454 1705,436 1434,477"/>
                <Baseline points="1442,501 1491,498 1540,494 1590,489 1639,486 1689,481 1738,477 1787,473 1837,469 1886,464 1936,461 1985,456 2035,452 2084,448 2133,445 2183,441 2232,438 2282,434 2331,431 2381,428"/>
                <TextEquiv>
                    <Unicode>habe, wo es ob gschechen, so wuße </Unicode>
                </TextEquiv>
            </TextLine>
            <TextLine id="r2l8" custom="readingOrder {index:7;}">
                <Coords points="1446,579 1572,557 1689,589 1728,559 1876,561 1927,525 2032,546 2365,498 2340,439 2266,482 2096,444 2047,500 1581,504 1543,539 1478,516 1443,538"/>
                <Baseline points="1451,564 1496,560 1541,556 1586,551 1632,548 1677,543 1722,540 1768,536 1813,533 1858,528 1904,525 1949,522 1994,518 2039,515 2085,511 2130,507 2175,504 2221,501 2266,498 2311,494 2357,491"/>
                <TextEquiv>
                    <Unicode>es nit, auch worumb sy es mochte</Unicode>
                </TextEquiv>
            </TextLine>
            <TextLine id="r2l9" custom="readingOrder {index:8;}">
                <Coords points="1445,656 2048,580 2162,619 2272,568 2401,574 2394,481 2257,545 1968,532 1778,581 1530,570 1441,605"/>
                <Baseline points="1449,627 1496,622 1543,618 1590,613 1637,609 1685,606 1732,600 1779,598 1826,594 1873,590 1921,587 1968,584 2015,580 2062,576 2109,573 2157,569 2204,565 2251,561 2298,556 2345,552 2393,546"/>
                <TextEquiv>
                    <Unicode>gredt haben, aber es Ehmne Gramit</Unicode>
                </TextEquiv>
            </TextLine>
            <TextLine id="r2l10" custom="readingOrder {index:9;}">
                <Coords points="1446,697 1502,701 1530,682 1599,696 1641,674 1696,679 1748,662 1783,672 1778,621 1725,643 1701,625 1641,624 1545,657 1498,643 1442,661"/>
                <Baseline points="1452,690 1479,688 1506,685 1533,682 1560,679 1587,676 1614,672 1641,668 1668,665 1695,662 1722,661 1749,660 1776,660"/>
                <TextEquiv>
                    <Unicode>boß zu Sin.</Unicode>
                </TextEquiv>
            </TextLine>
            <TextLine id="r2l11" custom="readingOrder {index:10;}">
                <Coords points="1419,807 1523,827 1655,766 2386,738 2382,690 2254,710 2119,676 1998,716 1885,686 1786,728 1745,701 1685,741 1558,743 1486,697 1413,713"/>
                <Baseline points="1424,783 1471,778 1519,774 1567,771 1614,766 1662,762 1710,758 1757,754 1805,751 1853,748 1901,744 1948,741 1996,740 2044,736 2091,734 2139,732 2187,729 2234,728 2282,726 2330,725 2378,723"/>
                <TextEquiv>
                    <Unicode>Frag: ob nit eines Ires Rachpūre</Unicode>
                </TextEquiv>
            </TextLine>
            <TextLine id="r2l12" custom="readingOrder {index:11;}">
                <Coords points="1440,866 1699,826 1883,863 2214,793 2267,830 2373,802 2371,764 2295,730 2188,776 2038,754 1933,793 1437,814"/>
                <Baseline points="1445,840 1491,839 1537,837 1583,834 1629,832 1675,829 1721,826 1767,822 1813,820 1859,816 1905,813 1951,810 1997,806 2043,804 2089,801 2135,798 2181,797 2227,794 2273,792 2319,791 2366,789"/>
                <TextEquiv>
                    <Unicode>vnnd nun ein Zyt dahar mechtig</Unicode>
                </TextEquiv>
            </TextLine>
            <TextLine id="r2l13" custom="readingOrder {index:12;}">
                <Coords points="1449,932 2388,869 2385,815 2247,833 2212,806 2116,852 1968,822 1767,868 1698,826 1446,869"/>
                <Baseline points="1454,906 1500,904 1546,902 1593,900 1639,897 1685,895 1732,893 1778,891 1824,889 1871,887 1917,884 1963,882 2010,879 2056,877 2102,875 2149,872 2195,869 2241,866 2288,863 2334,860 2381,857"/>
                <TextEquiv>
                    <Unicode>franckgsin und ußgsorret, ob sy</Unicode>
                </TextEquiv>
            </TextLine>
            <TextLine id="r2l14" custom="readingOrder {index:13;}">
                <Coords points="1448,985 1627,955 1990,964 2034,937 2100,970 2152,934 2311,966 2403,952 2399,860 2188,906 2084,875 1903,930 1707,899 1649,942 1446,937"/>
                <Baseline points="1454,966 1501,964 1548,962 1595,959 1642,957 1689,956 1736,953 1783,951 1830,948 1877,947 1925,945 1972,943 2019,941 2066,939 2113,938 2160,936 2207,933 2254,932 2301,930 2348,927 2396,924"/>
                <TextEquiv>
                    <Unicode>es inen nit etwan uß nyd und haß</Unicode>
                </TextEquiv>
            </TextLine>
            <TextLine id="r2l15" custom="readingOrder {index:14;}">
                <Coords points="1452,1039 2369,998 2358,973 2149,953 2119,975 2075,948 2011,992 1845,990 1796,959 1667,1001 1450,981"/>
                <Baseline points="1458,1026 1503,1024 1548,1021 1593,1019 1639,1017 1684,1014 1729,1013 1774,1011 1820,1010 1865,1010 1910,1008 1955,1007 2001,1005 2046,1004 2091,1003 2136,1001 2182,1000 2227,998 2272,995 2317,993 2363,990"/>
                <TextEquiv>
                    <Unicode>so sy gegen elteren mochte tragen</Unicode>
                </TextEquiv>
            </TextLine>
            <TextLine id="r2l16" custom="readingOrder {index:15;}">
                <Coords points="1425,1121 1773,1075 1848,1121 1955,1075 2112,1111 2196,1059 2406,1056 2387,1014 2330,1032 2275,1001 2212,1040 2099,1015 1962,1052 1846,1019 1785,1065 1705,1068 1421,1028"/>
                <Baseline points="1430,1085 1478,1085 1526,1085 1575,1085 1623,1083 1672,1082 1720,1080 1769,1078 1817,1076 1866,1074 1914,1073 1962,1070 2011,1068 2059,1065 2108,1062 2156,1060 2205,1058 2253,1056 2302,1055 2350,1053 2399,1052"/>
                <TextEquiv>
                    <Unicode>habe anthan. Item ob sy nit vil</Unicode>
                </TextEquiv>
            </TextLine>
            <TextLine id="r2l17" custom="readingOrder {index:16;}">
                <Coords points="1442,1161 1817,1145 1928,1190 2043,1139 2143,1163 2214,1125 2394,1132 2392,1081 2058,1116 1970,1076 1866,1123 1817,1101 1441,1128"/>
                <Baseline points="1448,1149 1497,1149 1546,1149 1596,1149 1645,1149 1695,1148 1744,1146 1793,1145 1843,1142 1892,1140 1942,1139 1991,1136 2041,1134 2090,1132 2139,1130 2189,1128 2238,1125 2288,1124 2337,1122 2387,1121"/>
                <TextEquiv>
                    <Unicode>molen von Vnderschidenlichen per¬</Unicode>
                </TextEquiv>
            </TextLine>
            <TextLine id="r2l18" custom="readingOrder {index:17;}">
                <Coords points="1451,1232 1623,1253 1826,1218 1913,1243 1955,1213 2054,1237 2226,1204 2277,1229 2397,1170 2293,1128 1926,1201 1822,1180 1683,1205 1635,1170 1449,1166"/>
                <Baseline points="1457,1212 1503,1214 1550,1215 1596,1217 1643,1217 1690,1217 1736,1217 1783,1215 1830,1214 1876,1213 1923,1212 1970,1210 2016,1209 2063,1207 2110,1205 2156,1203 2203,1202 2250,1199 2296,1199 2343,1197 2390,1196"/>
                <TextEquiv>
                    <Unicode>sonen sye ein unholden und hern</Unicode>
                </TextEquiv>
            </TextLine>
            <TextLine id="r2l19" custom="readingOrder {index:18;}">
                <Coords points="1427,1303 1517,1295 1587,1336 1626,1297 1763,1281 2391,1294 2390,1225 2326,1197 1949,1263 1869,1241 1719,1266 1659,1235 1535,1266 1426,1219"/>
                <Baseline points="1433,1287 1480,1286 1528,1285 1575,1284 1623,1283 1670,1283 1718,1283 1765,1282 1813,1281 1860,1281 1908,1281 1956,1281 2003,1280 2051,1280 2098,1278 2146,1278 2193,1277 2241,1275 2288,1274 2336,1272 2384,1269"/>
                <TextEquiv>
                    <Unicode>geschalten worden, das sy aber noch</Unicode>
                </TextEquiv>
            </TextLine>
            <TextLine id="r2l20" custom="readingOrder {index:19;}">
                <Coords points="1431,1367 1551,1396 1651,1359 1786,1355 1854,1389 1993,1355 2052,1389 2272,1339 2201,1290 2117,1328 1964,1275 1779,1332 1709,1300 1585,1339 1430,1312"/>
                <Baseline points="1437,1356 1478,1355 1519,1355 1561,1354 1602,1353 1644,1353 1685,1353 1726,1353 1768,1353 1809,1353 1851,1353 1892,1353 1933,1352 1975,1352 2016,1350 2058,1349 2099,1347 2140,1345 2182,1343 2223,1339 2265,1335"/>
                <TextEquiv>
                    <Unicode>bißhero nit ob iren than habe</Unicode>
                </TextEquiv>
            </TextLine>
            <TextLine id="r2l21" custom="readingOrder {index:20;}">
                <Coords points="1400,1473 2399,1460 2399,1392 2289,1401 2178,1354 2033,1442 1743,1405 1647,1425 1459,1364 1400,1389"/>
                <Baseline points="1406,1452 1455,1454 1504,1454 1554,1454 1603,1454 1652,1454 1702,1454 1751,1455 1800,1455 1850,1455 1899,1455 1948,1457 1998,1457 2047,1457 2096,1457 2146,1455 2195,1455 2244,1454 2294,1454 2343,1452 2393,1451"/>
                <TextEquiv>
                    <Unicode>Ant: Ires Nachpūren Kind be¬</Unicode>
                </TextEquiv>
            </TextLine>
            <TextLine id="r2l22" custom="readingOrder {index:21;}">
                <Coords points="1429,1531 1612,1524 1711,1558 1753,1531 2024,1533 2066,1563 2127,1531 2413,1535 2413,1480 2359,1469 2178,1513 2050,1513 1969,1471 1916,1498 1823,1468 1429,1470"/>
                <Baseline points="1436,1518 1484,1520 1533,1521 1581,1523 1630,1524 1678,1524 1727,1526 1775,1526 1824,1527 1872,1527 1921,1527 1969,1527 2018,1527 2066,1527 2115,1526 2163,1526 2212,1525 2260,1524 2309,1523 2357,1521 2406,1520"/>
                <TextEquiv>
                    <Unicode>treffent, sent dieselbigen noch alle</Unicode>
                </TextEquiv>
            </TextLine>
            <TextLine id="r2l23" custom="readingOrder {index:22;}">
                <Coords points="1426,1641 1506,1644 1557,1604 1698,1634 1865,1597 2186,1651 2432,1592 2419,1547 2251,1577 1939,1535 1426,1544"/>
                <Baseline points="1433,1592 1482,1593 1532,1594 1581,1595 1631,1596 1681,1598 1730,1598 1780,1599 1830,1599 1879,1599 1929,1601 1979,1601 2028,1599 2078,1599 2128,1599 2177,1598 2227,1596 2277,1595 2326,1592 2376,1590 2426,1586"/>
                <TextEquiv>
                    <Unicode>frisch und gsundt möchtent auch wol</Unicode>
                </TextEquiv>
            </TextLine>
            <TextLine id="r2l24" custom="readingOrder {index:23;}">
                <Coords points="1423,1677 2299,1704 2416,1684 2417,1646 2282,1613 2160,1657 2105,1628 1976,1654 1930,1621 1878,1656 1799,1655 1762,1617 1659,1650 1581,1616 1424,1639"/>
                <Baseline points="1430,1661 1481,1661 1533,1662 1584,1664 1636,1665 1687,1667 1739,1668 1790,1670 1842,1671 1893,1671 1945,1673 1996,1674 2048,1674 2099,1674 2151,1676 2202,1676 2254,1674 2305,1674 2357,1674 2409,1673"/>
                <TextEquiv>
                    <Unicode>wie andere Kind etwan frank gsin</Unicode>
                </TextEquiv>
            </TextLine>
            <TextLine id="r2l25" custom="readingOrder {index:24;}">
                <Coords points="1408,1755 1628,1740 1838,1782 1905,1755 1975,1778 2019,1752 2382,1753 2378,1692 2275,1714 2195,1685 2060,1725 1954,1693 1880,1723 1801,1691 1667,1718 1409,1676"/>
                <Baseline points="1415,1734 1463,1734 1511,1734 1559,1735 1607,1736 1655,1736 1703,1736 1751,1736 1799,1737 1847,1737 1895,1737 1943,1739 1991,1739 2039,1739 2087,1740 2135,1741 2183,1742 2231,1743 2279,1744 2327,1745 2375,1746"/>
                <TextEquiv>
                    <Unicode>syn vermöge deselbigen mit und</Unicode>
                </TextEquiv>
            </TextLine>
            <TextLine id="r2l26" custom="readingOrder {index:25;}">
                <Coords points="1423,1807 1547,1846 1684,1812 1867,1845 2023,1820 2403,1844 2382,1777 2066,1765 1991,1799 1905,1755 1688,1797 1600,1761 1424,1764"/>
                <Baseline points="1430,1800 1478,1802 1526,1805 1574,1806 1623,1808 1671,1811 1719,1812 1768,1814 1816,1815 1864,1816 1913,1817 1961,1818 2009,1820 2057,1820 2106,1820 2154,1821 2202,1821 2251,1821 2299,1821 2347,1821 2396,1821"/>
                <TextEquiv>
                    <Unicode>wo sy sye anclagt worden, das sy e</Unicode>
                </TextEquiv>
            </TextLine>
            <TextLine id="r2l27" custom="readingOrder {index:26;}">
                <Coords points="1411,1889 1925,1893 2192,1949 2271,1904 2352,1908 2353,1874 2248,1839 2091,1880 2030,1843 1953,1873 1853,1833 1646,1858 1599,1828 1559,1856 1413,1830"/>
                <Baseline points="1418,1874 1464,1874 1510,1875 1557,1877 1603,1880 1650,1881 1696,1883 1742,1886 1789,1887 1835,1890 1882,1892 1928,1893 1974,1896 2021,1897 2067,1899 2114,1899 2160,1899 2206,1900 2253,1899 2299,1899 2346,1898"/>
                <TextEquiv>
                    <Unicode>Inen etwas boßes anthag, bscheihe</Unicode>
                </TextEquiv>
            </TextLine>
            <TextLine id="r2l28" custom="readingOrder {index:27;}">
                <Coords points="1390,1949 1464,1991 1548,1949 1873,1989 1938,1963 1992,1999 2035,1966 2377,1994 2403,1886 2292,1950 1819,1888 1739,1936 1545,1896 1391,1927"/>
                <Baseline points="1397,1937 1446,1938 1496,1941 1546,1943 1596,1946 1646,1949 1696,1952 1745,1953 1795,1956 1845,1959 1895,1961 1945,1963 1995,1965 2045,1966 2094,1967 2144,1967 2194,1967 2244,1966 2294,1965 2344,1962 2394,1959"/>
                <TextEquiv>
                    <Unicode>daselbig allein vß nyd vnd Haß</Unicode>
                </TextEquiv>
            </TextLine>
            <TextLine id="r2l29" custom="readingOrder {index:28;}">
                <Coords points="1390,2017 1898,2072 1970,2038 2210,2036 2325,2084 2352,2081 2355,2006 2256,1982 2213,2016 2140,1974 1959,2017 1854,1971 1761,2011 1675,1962 1603,1986 1545,1962 1491,1995 1391,1967"/>
                <Baseline points="1397,2003 1444,2006 1492,2010 1539,2014 1587,2018 1634,2020 1682,2023 1729,2025 1777,2028 1824,2030 1872,2033 1920,2034 1967,2036 2015,2037 2062,2037 2110,2037 2157,2037 2205,2037 2252,2036 2300,2034 2348,2031"/>
                <TextEquiv>
                    <Unicode>dan sy nit ein solche person sye,</Unicode>
                </TextEquiv>
            </TextLine>
            <TextLine id="r2l30" custom="readingOrder {index:29;}">
                <Coords points="1406,2097 2003,2141 2411,2130 2413,2088 2092,2039 2014,2096 1930,2055 1755,2085 1639,2038 1508,2057 1409,2021"/>
                <Baseline points="1413,2069 1462,2075 1512,2079 1561,2086 1611,2091 1661,2096 1710,2100 1760,2103 1810,2107 1859,2109 1909,2113 1959,2115 2008,2116 2058,2117 2108,2118 2157,2118 2207,2118 2257,2117 2306,2114 2356,2112 2406,2109"/>
                <TextEquiv>
                    <Unicode>habe denselbigen Kinderen, vnd deren</Unicode>
                </TextEquiv>
            </TextLine>
            <TextLine id="r2l31" custom="readingOrder {index:30;}">
                <Coords points="1407,2156 1586,2214 1669,2183 2010,2211 2433,2188 2434,2143 2369,2133 2295,2157 2203,2128 2111,2166 2058,2134 1986,2165 1919,2129 1765,2159 1485,2099 1409,2117"/>
                <Baseline points="1415,2142 1465,2148 1516,2153 1566,2158 1617,2162 1668,2166 1718,2169 1769,2173 1819,2177 1870,2180 1921,2181 1971,2183 2022,2184 2072,2184 2123,2185 2174,2184 2224,2184 2275,2183 2325,2182 2376,2180 2427,2177"/>
                <TextEquiv>
                    <Unicode>elteren mehr gnthaten, dan böses be¬</Unicode>
                </TextEquiv>
            </TextLine>
            <TextLine id="r2l32" custom="readingOrder {index:31;}">
                <Coords points="1408,2233 1488,2261 1586,2237 1679,2281 1780,2252 1960,2288 2115,2260 2293,2282 2361,2253 2456,2291 2458,2207 2409,2235 2343,2190 2072,2222 2034,2195 1938,2237 1820,2190 1698,2228 1626,2195 1584,2223 1409,2198"/>
                <Baseline points="1415,2219 1466,2225 1518,2231 1570,2236 1622,2240 1673,2243 1725,2246 1777,2249 1829,2250 1880,2252 1932,2253 1984,2253 2036,2253 2087,2253 2139,2253 2191,2252 2243,2252 2294,2251 2346,2250 2398,2249 2450,2249"/>
                <TextEquiv>
                    <Unicode>wisen, sy gabnit ab jetz ira der lohndrunk</Unicode>
                </TextEquiv>
            </TextLine>
            <TextLine id="r2l33" custom="readingOrder {index:32;}">
                <Coords points="1387,2323 2394,2359 2395,2306 2327,2269 2210,2315 2147,2288 2067,2318 1596,2264 1557,2296 1509,2248 1389,2247"/>
                <Baseline points="1395,2297 1444,2303 1494,2308 1543,2313 1593,2318 1643,2322 1692,2324 1742,2326 1792,2327 1841,2328 1891,2330 1941,2330 1990,2330 2040,2330 2090,2331 2139,2331 2189,2331 2239,2331 2288,2333 2338,2334 2388,2336"/>
                <TextEquiv>
                    <Unicode>Ist fantlich das sy von fulen luthen</Unicode>
                </TextEquiv>
            </TextLine>
            <TextLine id="r2l34" custom="readingOrder {index:33;}">
                <Coords points="1393,2394 1857,2405 1915,2441 2001,2416 2083,2453 2195,2414 2438,2443 2421,2339 2326,2385 2135,2374 2079,2337 1848,2381 1581,2317 1396,2339"/>
                <Baseline points="1401,2360 1452,2368 1504,2374 1555,2381 1607,2386 1659,2391 1710,2394 1762,2397 1813,2400 1865,2402 1917,2403 1968,2405 2020,2405 2071,2406 2123,2406 2175,2406 2226,2406 2278,2406 2329,2408 2381,2408 2433,2408"/>
                <TextEquiv>
                    <Unicode>undemundts jamöchte herren syn gescholten</Unicode>
                </TextEquiv>
            </TextLine>
            <TextLine id="r2l35" custom="readingOrder {index:34;}">
                <Coords points="1404,2455 1543,2451 1617,2507 1804,2478 2028,2510 2113,2490 2150,2518 2359,2500 2361,2458 2150,2436 1991,2460 1846,2409 1758,2442 1406,2411"/>
                <Baseline points="1412,2433 1459,2441 1506,2448 1553,2455 1600,2461 1647,2465 1694,2469 1741,2472 1788,2475 1835,2477 1883,2479 1930,2480 1977,2481 2024,2481 2071,2483 2118,2483 2165,2484 2212,2484 2259,2486 2306,2486 2354,2487"/>
                <TextEquiv>
                    <Unicode>worden, sy habe aber die jenigen hin</Unicode>
                </TextEquiv>
            </TextLine>
            <TextLine id="r2l36" custom="readingOrder {index:35;}">
                <Coords points="1409,2526 1586,2572 1638,2556 1724,2599 1814,2562 2120,2562 2203,2591 2257,2564 2309,2594 2361,2574 2364,2514 1891,2523 1849,2490 1578,2518 1412,2455"/>
                <Baseline points="1416,2510 1465,2519 1514,2526 1564,2532 1613,2539 1663,2544 1712,2547 1761,2550 1811,2553 1860,2555 1910,2556 1959,2558 2009,2558 2058,2559 2107,2559 2157,2559 2206,2559 2256,2559 2305,2559 2355,2561"/>
                <TextEquiv>
                    <Unicode>widereumb gscholten und diewyl sy</Unicode>
                </TextEquiv>
            </TextLine>
            <TextLine id="r2l37" custom="readingOrder {index:36;}">
                <Coords points="1370,2572 1486,2622 1872,2625 1968,2671 2024,2639 2131,2681 2219,2639 2429,2639 2422,2574 2361,2609 2193,2584 2011,2612 1922,2569 1726,2604 1654,2568 1370,2560"/>
                <Baseline points="1376,2577 1428,2586 1480,2595 1533,2602 1585,2608 1637,2615 1690,2619 1742,2623 1794,2626 1847,2628 1899,2630 1951,2631 2004,2631 2056,2631 2108,2631 2161,2631 2213,2630 2265,2630 2318,2628 2370,2627 2423,2625"/>
                <TextEquiv>
                    <Unicode>wuse, das sy mit ein solche sye habe syes</Unicode>
                </TextEquiv>
            </TextLine>
            <TextLine id="r2l38" custom="readingOrder {index:37;}">
                <Coords points="1408,2687 1761,2697 1828,2737 2138,2706 2194,2744 2461,2730 2463,2686 2082,2686 2021,2651 1909,2684 1637,2667 1411,2612"/>
                <Baseline points="1416,2651 1468,2662 1520,2670 1572,2677 1624,2683 1676,2688 1728,2693 1780,2696 1832,2699 1884,2702 1936,2703 1988,2705 2040,2706 2092,2706 2144,2706 2196,2706 2248,2708 2300,2708 2352,2708 2404,2708 2456,2708"/>
                <TextEquiv>
                    <Unicode>ja laßen verblyben und die sach gott</Unicode>
                </TextEquiv>
            </TextLine>
            <TextLine id="r2l39" custom="readingOrder {index:38;}">
                <Coords points="1387,2756 1434,2753 1476,2771 1516,2753 1582,2790 1724,2802 1747,2827 1793,2815 1798,2769 1690,2750 1674,2735 1661,2743 1635,2707 1598,2732 1547,2714 1504,2724 1459,2715 1439,2691 1398,2677"/>
                <Baseline points="1398,2723 1424,2727 1450,2731 1476,2735 1502,2739 1529,2744 1555,2748 1581,2752 1607,2756 1633,2760 1660,2763 1686,2767 1712,2771 1738,2773 1764,2776 1791,2778"/>
                <TextEquiv>
                    <Unicode>heimgesetzt.</Unicode>
                </TextEquiv>
            </TextLine>
            <TextEquiv>
                <Unicode>frag, ob sy mit gredt, sy welte
gernsterben, sy förchte ob mir
die stell uß was ursachen sy das gredt
Ant. sy wüße nit, das sy ein solches
gredt, könne sich desen nit vrzuueren
es möchte abswol syn, das sy esgredt
habe, wo es ob gschechen, so wuße 
es nit, auch worumb sy es mochte
gredt haben, aber es Ehmne Gramit
boß zu Sin.
Frag: ob nit eines Ires Rachpūre
vnnd nun ein Zyt dahar mechtig
franckgsin und ußgsorret, ob sy
es inen nit etwan uß nyd und haß
so sy gegen elteren mochte tragen
habe anthan. Item ob sy nit vil
molen von Vnderschidenlichen per¬
sonen sye ein unholden und hern
geschalten worden, das sy aber noch
bißhero nit ob iren than habe
Ant: Ires Nachpūren Kind be¬
treffent, sent dieselbigen noch alle
frisch und gsundt möchtent auch wol
wie andere Kind etwan frank gsin
syn vermöge deselbigen mit und
wo sy sye anclagt worden, das sy e
Inen etwas boßes anthag, bscheihe
daselbig allein vß nyd vnd Haß
dan sy nit ein solche person sye,
habe denselbigen Kinderen, vnd deren
elteren mehr gnthaten, dan böses be¬
wisen, sy gabnit ab jetz ira der lohndrunk
Ist fantlich das sy von fulen luthen
undemundts jamöchte herren syn gescholten
worden, sy habe aber die jenigen hin
widereumb gscholten und diewyl sy
wuse, das sy mit ein solche sye habe syes
ja laßen verblyben und die sach gott
heimgesetzt.</Unicode>
            </TextEquiv>
        </TextRegion>
    </Page>
</PcGts>
