2452 3015
465 72 1347 198 das demnach sich das gantze Nehr daraberreg
393 140 1302 274 allso frauw nnser hert gottsyiken schwant
411 229 1300 336 rure, sich demnach das Prdtrich auch erschuck
421 288 1338 382 welle ared unnd bekantlich syn oder nit unn
425 360 1310 492 sy die verhaffte auch hun gottes wort forschen
426 419 1310 544 unnd undgrwöysen, was sy vonn goßt den
430 492 1310 614 allmechtigen unnd synen wärckenhalte unnd
431 578 1307 700 wie sy hren bekanten wort uslegen unnd
416 655 1348 766 dennselbigen für einen verstandt geben well
446 757 1357 857 Das ist nun durch ehrengemelte in h alls hr
445 807 1332 928 Geörg Langhans den Kelfer, Heer Regdt
453 879 1364 989 Fischer iren examinatoren unnd herren anthog
451 953 1361 1057 in vonn Grofenriedt den Jungeren der Bur¬
449 1007 1329 1149 geren, Inn der Mannenkeli gepürender mahl
464 1092 1369 1228 gegen hra verrichtet worden, Die hattenn
464 1175 1357 1295 der gruwlichen gottslesterlichen reden, all
464 1254 1337 1358 rouw, wie sy deren aber anclagt unnd hwoben
464 1326 1379 1434 vermeldet worden, ganz nit gestendig synwelh
488 1389 1341 1502 sonder anzeigt, wie sy hienor auch bekent, das
500 1461 1364 1568 unguer etliche wuchen nach dem erdtlidem ein
492 1531 1325 1645 Wüleri her Nachgüri zu Fra für hrsübli
499 1595 1383 1703 kommen unnd sy die gfangnen angredt, ob sy den
463 1657 1352 1762 Frlbidem auch gehört, habe sy die gfangnt hren
506 1724 1333 1836 Nachpuri, die eintzig unnd sonst niemants bi
502 1787 1333 1904 hra gsin geandtwortet ha, dann uns der
516 1841 1377 1950 almechtig gott vonn unnser sunden willen
521 1894 1359 1995 traffen werde, unnd wann unnser herr gott
518 1973 1345 2078 synen Guldenen Wadel rüre, so gebe es allso
524 2036 1389 2146 einem erdtbiern unnd bewege sich das erdtlich a
1358 2116 1396 2171 d
527 2107 1346 2220 sy gfangne habe von alten lüthen vil gehört
513 2171 1398 2284 Demnach gudte, vnnd Volkogme Jar daruff er¬
522 2231 1393 2366 nolget, Unnd alls sy gfragt worden, was si
529 2306 1374 2412 durch den guldenen wadel verstande, hadt sy
543 2377 1398 2475 geandtwortet die allmechtigkeit godtes, das
542 2443 1399 2555 sy habe gotte den almechtigen nit hun dem vr
553 2501 1386 2595 kamdt, das er allso ein person oder derglychen
544 2555 1401 2677 glidt nun hme habe, sonder das sölliche wort ho
556 2628 1404 2745 irem verstandt die allmechtigkeit godts seye
549 2687 1401 2808 Wo sy aber hierin godt den allmechtigen sam
563 2749 1408 2860 syner hochen maiestet verlezt, bädte sy beuorder
1211 2811 1419 2933 denselbige
2274 64 2383 154 11
1513 95 2309 228 einselbigen, wie auch v gh gantz dennatg
1448 168 2317 302 umb verzyhung, dann sy nitt geart wyl.
1456 253 2322 355 Derglechen von den alten ghört es sundt sege,
1463 305 2364 442 Ist Hieruff von dem h kelfer zum gotdtelwort
1464 372 2396 488 undgerichtet, aber us hren reden gespürt worden
1454 449 2322 579 das sy nit zum besten imselben underwisen
1467 515 2400 633 unnd das ein und ander wol kan und erscheiden,
1460 580 2387 687 sonder allein die gmeinen gepadt alls dzs Wadte
1475 652 2313 778 undser der glauben unnd die zächen gepodt
1517 748 1767 847 prechen kaht.
1475 830 2338 987 Ist erkent worden von i 9 h des
1477 914 2371 1056 Rhäten das sy ein offentlichen wide¬
1508 991 2382 1126 ruff iu der großen kilchen vor einer
1484 1079 2420 1181 Gmeindt Ihnn solle, wie glych her¬
1521 1158 1828 1265 nach zusehen
1829 1224 2385 1337 Ist den 15. augusti gegen
1851 1292 2331 1409 Ira verrichtet wordn.
