2614 3983
230 98 1113 332 Wi Dietrich Bieuorgemelt.
188 234 1191 525 habe zu Pumplitz einem landtin
240 376 1165 557 13. Brtt Usene Käller entzueht
160 529 1182 712 By Cappellen, Ein hafen, vnd ein
259 617 1126 782 kesben gestolen. welichen basen
265 704 1146 844 Anna Blust sie ennen, umb
287 768 1104 917 1 t verkoufft. Das kesi aler
254 848 1159 998 deme jenigen widerumb woden sey
158 979 1180 1180 Oess fäderbets, vnd deß Kustis halben
267 1118 1216 1258 das sy beyde es genommen, jedoch dengeg
287 1170 1195 1298 wideumb zuhanden gstelt worden,
277 1250 830 1354 sye es also ergange.
304 1413 1175 1559 Und nachdem er gfragt, Vs was
332 1522 1206 1618 ursachen er sich so stack und mächtig
329 1591 1170 1694 gegen den jenigen so inne gefangen
769 1655 1215 1761 Hat e geantwotet.
308 1651 769 1775 zu wehr gstelt.
329 1721 1191 1834 dec meynung zuentfluchen und
315 1799 892 1935 In krieg he hiechen.
319 1877 1190 1993 Das er aber steynen ufgenommen
308 1956 1216 2064 und etlich damit getroffen, longnt
350 1996 1214 2137 er dasselbig gantz und gar, wil auch
338 2078 1190 2205 dessen im gunste nit geständig
371 2136 1184 2284 sye. Zwar sye nit ohn, des
337 2215 1160 2322 denn das er einen, mit dem
333 2255 1221 2410 Wehr getroffen: als sonst niemants
318 2344 1060 2493 wyters damit geschediget habe.
301 2447 1234 2635 Bitt also gott synen behöpffe und denna
366 2533 1237 2705 ungden jenigklich umb gnad und verzyhe
334 2684 1162 2864 Diser Uli Dietlich ist 1 mal lär,
1184 2793 1232 2850 suo
292 2747 1201 2925 Das 2 mal mit dem kleynen steyn,
332 2833 1152 2986 Das 3 mol mit zwöyen steinen
340 2870 1203 3037 das 4 mal mit digen steynen ufen
364 3023 559 3097 worden
353 2988 1225 3184 Ist uf 20 septembrs ao 1687 mit ruten ußgee
373 3043 1215 3212 schwengen und mit b zeyschnet ouch mit dem
394 3073 1217 3272 eydt von jr gden statt und land gewisen.
401 3239 516 3307 woden.
1254 45 2062 272 Renzicht Gunthispargen, von
1278 113 2041 308 von Langnouww sonst genant
1705 207 1793 282 e
1359 222 1640 332 Wäber bäntz
1239 233 2189 477 Diyl zu gden gefallen, herrenn
1249 324 2139 552 Annen txivee vermag Rhatzedeln
1250 392 2208 638 ubeölchen, sich geundtlichen zu erkundigen
1252 487 2244 690 de verhaffte und vermeynte Bottlerbiche
1245 577 2163 764 geRechtschuldig, oder nit, Volgendts die
1253 611 2252 819 schaffenheyt der sach ir gden referieren sölleß.
1276 687 2134 900 ssolichem benalch, vf hutt den
1263 779 2158 955 octobris dies jars gnng und statt
1594 872 2113 953 Hatt derhalben er
1252 919 1589 1034 gschähen .
1262 933 2179 1120 gefangne, nach dem er mit allem
1279 991 2212 1156 onst zu red gestoßen, was nomens
1262 1069 2254 1233 vordaheym. Item was bruse syn
1271 1145 2169 1302 gezegt und vermaldet: E heyße
1268 1216 2191 1373 hendicht Gmitlispargel, sonst genant
1265 1285 2178 1441 de Wäberbäntz von Langnouw und
1277 1364 2134 1518 sie nit der vermeinte hattlerbäretz
1271 1440 2058 1561 dann deselbig heyse bendicht
1269 1486 2213 1625 beingst und das man inne aber
1275 1553 2151 1681 ottlebäntz nammse, sye die ursach
1275 1635 2106 1738 das e zwar, das Battlerhandtwack
1275 1691 2196 1816 zuleuen vnderstanden, selbiges aber
1282 1747 2185 1864 angentz quittiet und underlasen habe.
1278 1807 2262 1933 und so er Imne gsache, wolte er Inn wol bkennen
1294 1939 2205 2069 achdem nun aber diser bendicht
1284 2039 2244 2149 Bintlispärger andere syner begangen,
1272 2123 2157 2219 schoffthalbe, vmb etwas gnangen
1293 2163 2098 2258 examiniert und befragt worden
1284 2237 1959 2330 hatter bywillig bekhendt.
1288 2294 2266 2408 ie das er estlichen värdrigen obgeflosnen
1290 2344 2229 2459 wüites uss groser jungers noth und
1307 2421 2172 2524 mangel, Uli Löüwenbarge zu
1293 2481 2223 2580 obehochfäld, by welichem er gedienet.
1291 2550 2242 2656 dey  uß einem trag, so offen gestanden,
1298 2613 2207 2718 genommen. Welche aber gstraks, imme
1311 2669 1867 2781 restituert woden syindt.
1306 2732 2282 2848 eine habe e einem landtman, genant
1301 2805 2217 2914 Uli Angold von Langnoue uß dem
1307 2855 2229 2974 Köller 6 bott, dey Ankenballen und
1321 2942 2119 3045 ein halben käs genomen. Das
1322 2982 2138 3104 Malenschlos aber (so an der füren
1319 3039 2215 3165 gehanget) mit einem steyn ufgeg
1313 3105 1508 3181 schlagen.
1894 3175 2022 3277 Ime
2466 84 2515 166 4
