3301 3091
412 1575 595 1687 dnselben
2507 4 2558 70 11
662 -2 1641 161 er hat nun bekent, wie das er
1860 24 2931 257 Greli gerschrotter der
669 105 1654 298 ein geliger Span, gegen deß
1879 135 2912 331 jung von Siderbütschell
643 206 1653 368 Penster gschluengget dardurch
661 312 1637 496 etliche schyben syent brochen,
1722 371 2996 563 Demnach verschiner tagen Nieli Schröch
645 402 1625 580 Vrsach deselbigen sye ab die N
1784 452 2854 613 der jung von Niderbütschell
657 498 1615 664 lich als er vor deß Buren hif
1764 566 2971 725 Kilcher Rüeggisperg, vom Irgweibel
651 595 1612 769 ein Allmusen ghöuschen, habe d
1777 652 2893 809 von Meilidorff gefengetlichen alhar
660 685 1587 855 Bierin Inne abgwisen, vnd
979 776 1105 846 und
1755 754 2881 902 geschickt worden wegen verdachts, als
649 792 1589 932 geben wollen, mit ruchen wor
1766 850 2784 987 solte er wol so baldt uß antrib
637 881 1583 1035 zu Ime gsprochen, Ir anderen sc
1741 934 2816 1078 synes ratters, wie auch mit hilff
645 968 1561 1110 Weltschen schelmen wer wolt i
1695 1019 2738 1181 deselbigen, vnd syner bruederen,
639 1059 1554 1199 gnug geben er der Büren wider ges
1715 1102 2799 1267 vil diebstäl begangen haben, Der
643 1124 1545 1289 antworttet, er sye keinschelms
1693 1175 2781 1353 Ist nun sff mitwuchen den 13. martii
642 1228 1514 1358 wan sy Ime niht geben wolle
1690 1302 2740 1434 diß 1623 jars zu Marzili mit
643 1305 1524 1413 solle sy Iune mit fridt wandtle
1671 1372 2724 1493 und ohne Mart ub den von h zu
633 1373 1503 1523 laßen, die Bürm aber mit schmeh
1660 1452 2717 1574 Riggnsperg Synenthalb vberschickt)
630 1447 1495 1582 vnd lesteren stütz gegen zur fort¬
1675 1525 2641 1654 bricht und schon albereit gethane be
620 1545 1496 1682 gfaren, daruff er den Span vffg¬
1656 1615 2629 1692 kantnūs Zū bysyn vnd gegen¬
627 1630 1481 1755 hept vndtgegen der frauwen geschen
1655 1670 2654 1786 wūrtzgkeit deß Ehrennesten Fromen
619 1720 1461 1808 gen, der den In dazs Eenst komen
1643 1739 2559 1871 fursichtigen etc. E. Johanns
617 1777 1437 1899 se und etliche schyben zerbrochen
1614 1813 2594 1942 Meggers deß keinen Rhats Sa¬
615 1848 1430 1950 Aalls sy zu aber gfangen gnonn
1623 1890 2563 2007 muel fröndeurich Ber burgeren
606 1923 1421 2033 vnd daruor vbel Zerschlagen, habe
1566 1951 2576 2057 Nielans Kilchbergers Großweibels
605 1984 1428 2105 er Iuen die schyben Zahlen mueß
1575 2012 2495 2134 und etlicher weiblenmm Hh.
606 2048 1368 2158 anderst sye es nit ergangen
1576 2052 2554 2192 vnd Oberen dieneren examment
593 2125 1412 2240 Was belanget, das er befragt werden
1569 2162 2109 2241 und befragt worden.
610 2180 1400 2281 ob er nit etwan anders mit dies
1543 2210 2437 2328 Der hat nun bekent vnd verhöchen,
614 2231 1387 2350 tälen oder anderem möchte beganen
1442 2274 2465 2399 Wie d er synem bruder Syes etlichen
594 2295 1383 2405 haben. Der zeigt an wie das beid
1542 2339 2420 2449 Ancken von Kersetz alhar zu de
584 2362 1352 2478 liche person mizit drglychen vo
1538 2405 2417 2504 Statt tragen helffen, welcher syn
593 2415 1379 2528 imme zügen werde, sonders ersa
1539 2472 2373 2578 bruder zu einem hüßli genomen,
588 2459 1395 2585 sich mit gloß, trncken und nstl
1365 2525 1513 2597 dem böß
1541 2521 2419 2626 mit vermelden habe deselbigen stuben
580 2540 1328 2642 stragen und mit dem almusen
1547 2592 2404 2685 mit Spilen Canznemen, vnd den
569 2582 1337 2727 heüshen ehrlich erhalten. Witet
1506 2643 2401 2731 selbigen Ancken Egli dm Comen
554 2653 1345 2757 vwegen v g auch umb Liberl
1517 2716 2384 2800 schlucher an bezalung einer Crumen
551 2707 1341 2825 vnd erherurt vu vff etliche les
1504 2769 1647 2829 geben.
554 2757 1320 2879 alhe synes thuns vnd lahens zu
524 2808 1101 2945 Ist heim gewesenn mit
2989 -3 3087 59 58
