4051 3071
1292 319 2087 525 seten, vnnd betrouwung
1130 449 1954 580 uber das ein unnd ander
1231 549 2078 696 Das ist nun uff sambtag
1193 650 2111 815 diß 16 far fars gepürgnder
1185 756 2037 882 ime verrichtet worden.
1196 916 2057 1055 n bysyn unnd gegenwürtig
1227 1003 2092 1135 in fursichtigen ersamen und
1277 1083 2049 1205 i Spatings deß kleinen
1122 1172 2017 1288 Hns Geruders der Burgeren,
1098 1247 2093 1375 Kilchbergers Großweibels, vnnd
1181 1325 2127 1461 blen mn g h unnd oberen die
1081 1420 2094 1541 bekent unnd verrächen wievolget.
897 1529 2016 1657 rstlichen, seye nit weniger denn das die
908 1614 2098 1700 zwen von h usgestandnen knechten, ime
1025 1699 2119 1786 ien Minters Zu vnderschidenhichenmalen
1058 1747 2050 1848 Inn die 5 müt und s7 mas boßeß
1066 1806 2067 1909 Weitzen unnd Toggen zugebracht, da er
1095 1867 2101 1959 Muller demnPuen den Knuchten et¬
1063 1900 2128 2029 in umb ein mas 6 batzen vnnd etliche mahl
1148 1997 2141 2068 4 gulden geben, Wo aber die knechtin
1130 2041 2138 2140 Aben genommen, vnnd ob sy es Irem herren
1048 2050 1132 2117 as
1059 2099 2145 2186 nttrömbdet oder nit seye ime unbewicht gsin
1067 2165 2130 2246 biß nachenwert, er der müller mögen ver¬
1088 2219 2106 2312 nerken, das sy die knechten nit francklich
1089 2276 2146 2349 mit der sach wyl sy ime das aprussowolfeil
1099 2331 2051 2413 gegeben umbgangnit, habe allso er der
1109 2375 2130 2473 Wülfer nach denen empfangnen j müten und
1135 2430 2139 2503 4. mäßen, nüt wythers von inen den kiech
1159 2479 2136 2555 ten mehr empfachen wellen, das er aber
1154 2533 2099 2625 anclagt werde, das er vil mehr getreit
1154 2585 2127 2664 verkaufft, denn er aber verschinen winters,
1163 2641 2127 2710 mit syner wüli gewünnen mögen, seye nit
1190 2669 2160 2743 ohn, den das  in disen winter, ime die
1182 2722 2107 2801 Weil nit soil hette mögen ertragen, er habe
1202 2762 1965 2838 aber zuuer, etwas getreitt, Wyh er
2040 2770 2144 2838 selb
1222 2805 2112 2883 ander vonn der widi nacher ersport unnd
1207 2845 2075 2931 dann dise vierleüt unnd 4 mus, jedoch
2303 240 3808 452 ime unbewüst, das es die knechtenn ent-
2497 395 3656 564 bdet, unnd anders das er vonn der
2503 498 3699 674 nacher ersparen mögen, disen winter
2410 618 3390 780 yb es wol galten verkaufft habe.
2381 774 3563 933 ndlangent den wyn deßen sich der
2560 877 3601 1022 sich erklagt, seye wahr, das die gedacht
2537 974 3570 1100 ren knechten zu zweyen underschiß
2526 1067 3585 1208 zanmahlen by den 3 oder4 mahen
2517 1159 3595 1280 wyns ime inn die müli gebracht,
2406 1235 3597 1382 selchen sy miteianderen genoßen, habe aber
2413 1305 3540 1445 ders nüt verment, den das der h den
2384 1392 3567 1518 mnechten denselben gudtwillig geben, das
2362 1481 3521 1617 aber sy die knechten und ereinanderen einen
2308 1546 3548 1689 Schlüßell zu deß herren Koenhuß und Käller
2359 1641 3512 1751 gehert unnd darduich dem herren untrüw
2363 1712 3488 1827 lich hußgehalten habint, seye ime ganz unbe¬
2333 1782 3437 1880 wußt, dann er mit deßelben halb kein
2339 1848 3455 1938 gmeinschafft nach verstentnus mit inen gehelt
2320 1909 3414 1995 werde sich auch nit erfinden anders den das
2342 1977 3397 2064 da bewuste getreit Inen abgenommen, Ime
2353 2033 3408 2133 aber unbewüßt, das sy es dem herren ent
2341 2096 3370 2180 frömbdet habint, dann so er daßelbig ge¬
2357 2153 3348 2254 eüßt er es inen nit abgenommen hette, jedach
2342 2209 3313 2293 Diewyt die kuechten ußgewichen und nit
2342 2265 3333 2336 Zubetretten, welle er das getredt so hinder
2341 2321 3336 2398 Inne komen dem herren gudtwillig be¬
2348 2374 2486 2449 zalen
2366 2427 3280 2527 tag der herr sich erglagt, das er Ime dem
2330 2513 3240 2573 Wüller gutt alt korn zu sonderbarem ge
2360 2538 3278 2606 Toch, wyßzumalen geben, daßelbige ver¬
2368 2578 3179 2641 enderet unnd schlächt micht so zu dem
2403 2621 3258 2695 iigen gebuch nit dienstlich widergeben
2351 2666 3180 2729 seye Wahr das nach demer synen Sohn,
3184 2679 3252 2729 e
2394 2712 3261 2787 gead domalen by ime geheit, er der von
2370 2739 2439 2791 49
2477 2762 3106 2821 dem vatter unbewüßt und ohn
2335 2792 3056 2871 Willen ein eas deß wisten, de
