2487 3002
416 425 1328 544 Als dan verschinnen 1622. Jars, Jacob
421 508 1292 620 Bueler von Sigrißwyl, ein Junger
476 566 1323 687 tarcker Boß mit einem synem gspanen
475 644 1331 734 sonser genompt, von iren begangne
457 696 1329 807 Diebstalen, vnd anderen vnthaten wegen
456 742 1382 870 zu thun gefengeklichen zngezogen, und beid
487 821 1381 955 nach irer gethanen vernicht und bekantnuß
477 895 1341 999 von den LandtRichteren doselbsten vff
487 959 1358 1066 E. meuer gnedigen Herren vnd Oberen
481 1044 1306 1144 zum strangen erkent worden Es
481 1093 1328 1222 habent aber hochgenampt mug.h
484 1175 1332 1273 Inen beidt die ergangne Vrtteil vs
298 1242 344 1293 A
534 1238 1328 1330 nad und barnhertzigkeit, auch uf
312 1272 530 1344 Inen Ir ver4
314 1333 533 1400 wurgekt laben.
539 1306 1415 1415 in verhoffenden beserung, gemitere4
316 1372 511 1440 ußgnaden
517 1371 1403 1472 und erkent, das sy beidt uff ein geschworen
336 1411 493 1498 geschenckt
514 1430 1350 1552 ren vephedt, solnt mit ruthen uß
523 1493 1335 1614 geschwungen werde, vnd dem Sonser,
522 1562 1370 1688 lidt von ihr g kindt und gepiet
522 1631 1388 1745 dem gefangnen Jacob Bueler aber dr
1200 1680 1290 1731 sölle.
527 1700 1407 1795 lidt in das landt geben werde, wie dan
544 1754 1392 1856 die urweil an inen ist erstattet worden
541 1814 1407 1930 Es hat aber diser Jacob Büeler disere
537 1864 1423 1999 imme große bewißne gnad, nit so vilbe
541 1957 1368 2068 hertziget, den dz nach dem er verschinnen
546 2015 1392 2123 Wingers nach syner entledigung zwar
381 2075 528 2139 by synem
567 2056 1433 2182 ein zyglang gewäsen und ime gearbeitet
412 2130 519 2182 vatter
564 2138 1412 2261 als aber der früelig herzugenachet, sy ist
566 2212 1377 2312 er von Vather hinzu vnd vber synen
566 2279 1434 2402 geschwornen eidt gahn uhri und schwyt
572 2322 1413 2456 und hiemit us dem landtzogen, auch vn
584 2376 1409 2507 nach dem er schon widerumb In dzs Landt
593 2454 1373 2571 kommen, ich mit dergstalten verhalten
581 2477 1408 2616 den das er velfaltig wider zugriffen, sich
599 2568 1440 2683 auch ehrliche küth ab imme erklagt, dass sy
602 2646 1411 2740 nit wol vor imme sacher gent, dan er
595 2697 1405 2791 Inen frouw die Hiser anzustecken etc.
2351 70 2422 152 10
1572 154 2339 302 A1 d 7 Ab 111
1571 254 2312 362 ein M Anthon Holtzers
1599 310 2222 454 deß Statt Rügers alhie
1829 406 2183 526 hußfrauw.
1806 539 1833 582 ss
1567 518 2420 641 Sach dendl 9. hieuor, der verhafften Elß
1516 594 2415 708 beth Kaffnerin, Anthani Holtzers deß tagt¬
1517 663 2424 779 utters hußfrouwen anflegten, vnnd zum theils
1498 728 2442 843 vertächtigen grüwlichen wider dieheiligehoche
1492 802 2424 913 Maiestedt godtes ufgoßnen reden, unnd wie sy sich
1521 854 2445 982 Darüber versprochen, hee bekantnuß unnd vergicht
1525 923 2432 1041 ablesendt anghört unnd verstanden, labendt
1486 983 2451 1108 Doch hochgenampt w s aun hr versprechen nit kommen
1520 1052 2444 1180 mögen, sonder die wichtigkeit yn erachtet, nicht
1516 1118 2382 1219 den forrichteren nochmalen Vffzebinden, der
1533 1179 2414 1312 gfangnen Elßbeth Nafnerin labens und wäsens
1541 1247 2452 1345 auch handels unnd wandels by hrer nachparschafft
1534 1319 2442 1431 unsormation uffzenemmen, auch daby in h denn
1542 1386 2342 1481 Geistlichen Zubeuelchen, nach dem huen der
1538 1433 2358 1533 gfangnen vobsperson, versprechen, vnnd verhörtt
1544 1497 2404 1607 Fundtschafft schrifftlichen Communiciert werde,
1562 1566 2419 1664 sich zusammen ze thun, die angelagten reden und
1546 1621 2370 1713 wie sy deren bekantlich, uff die wag zelegen.
1545 1650 2423 1766 unnd hr bedencfen darüber zehaben, so die ugoßen
1549 1725 2414 1829 ne lesterung die koche maiestet Godtes, so nar
1555 1794 2415 1881 vnnd diverte berüre oder nit, das die persan
1558 1852 2405 1945 ryb und läben verwürkt oder nit verwurkt
1556 1921 2414 2011 habe volgents hr. g deß einen unnd anderenn
1568 1974 2426 2068 berichten, wie dann ng deßelbigen auch vers
1577 2029 2415 2118 stündiget worden, vber welliches alleß nun hoch¬
1568 2079 2400 2188 unnd wolgenampt N g nachmalen auch gutt
1570 2148 2363 2240 befunden, das in h der Geistlichen einer
1565 2202 2387 2290 mit unnd naben h grath Fischer deß kleinen
1543 2269 2398 2371 Raths, alls der verhafften frozuren, verordnet
1580 2279 2443 2423 examinator sy die frome nochmalen examini¬
1574 2391 2342 2481 nieres ob sy der angeelggten grüwlichen
1577 2448 2385 2538 Godtslesterlichen reden, das nemlich wann
1579 2497 2391 2612 Godt des herr synen Eschweiff oder Schwantz
1588 2564 2393 2667 e�re, es einen erdbidem gebe, mit der vere
1582 2604 2364 2726 glychnuß, das glych wann der große Walfisch
1583 2663 2389 2787 hm mehr synen schwantz rüre, das demnach sich
2306 2722 2353 2776 as
