2159 3021
243 80 1025 256 Abermalen zu Benfelden vff
242 176 1014 335 Marckt ein Seckel entfrömbde
257 271 798 394 darin in g. Pfund
247 337 1035 574 e zu Rensesen enner 1
258 480 986 643 gnomen, aber allein Sechß by
272 565 396 687 funden
186 695 1038 878 so Kestenholtz Im Elsaß ein
225 752 1005 970 Imen entzucken darin A. g.
266 904 1037 1022 wäsen, vnd einem anderen eus
263 964 1026 1121 schlagenen löffell entfrömbdt
547 1150 659 1200 0l
292 1119 1020 1255 Verners zu enfelden einen
254 1221 1026 1342 ein Seckel veruntrunret vnd
266 1320 944 1436 darin zwen guldin fundt
195 1463 1025 1602 Aber einem zu Kestenholtz ein S
260 1568 1019 1701 unnd 3 g darin verentruwet
193 1670 1034 1858 Zu Benfolden einem ein Tafft
231 1785 522 1879 Wainsell
172 1850 1021 2014 zu Hann uffem Märit einem
227 1955 1016 2111 ein seckel und g g darin
253 2036 834 2177 enzugekt.
193 2071 1035 2276 Zu Marrels im Elsaß ab
215 2199 1021 2338 emein ein Seckel entfrömbde
252 2266 1022 2448 und allein ein g darin fur
2019 76 2079 136 41
1114 144 2098 304 Item mit hilff nechst hieuorgemelts
1119 234 2038 383 synes gspanen hohandießen, aller
1133 316 2083 465 erstlichen vff der Hardt Im Elsas
1121 429 1994 540 zu vnderschidenlichen malen by
1134 467 2094 621 hälem tag uff der straß, dey Bure
1145 589 2123 699 angriffen, daruon zwen Pamer
1154 664 1976 780 lich ermurdt, den dretzen aber
1150 730 2106 853 gar mechtig verletzt, Inen entrinnen
1162 789 2091 936 sge da sy den by dem einen 6 g
1159 891 2116 998 by dem anderen aber 3 l an gelt
1153 965 1379 1083 fund
1110 1041 2094 1210 E Vhrstein im Elsaß abermalen,
1063 1155 2072 1249 beid mit einanderen zn zweien mahlen,
1150 1221 2085 1358 Zwen Buren vff der Straß Ja¬
1173 1310 2073 1407 merlich ermurdt vnd by dem einen
1148 1366 2067 1511 4. g by dem anderen aber 3 g. fu
1129 1486 2085 1658 Sy Straßburg habe syn gspan so
1171 1613 2086 1712 hannes einen Jnden, hinderwerts
1184 1677 2089 1793 mit hilff, vnd bysyn, synen, erstochen
1182 1750 2033 1886 und habnitsy by heinselbigen 5 g
1178 1818 1358 1903 fundt.
1189 1879 2065 2046 Vndsehr Straßburg byeinem großen
1181 1995 2028 2110 dorff, so durch den Maußfelder
1189 2066 2061 2199 verbrönt worden und wißspitzge
1185 2139 2075 2258 heißen, vnder zweien mahlen zwen
1164 2225 2063 2345 Buren vff der Straß ermürdt, vnd
1183 2323 1990 2422 by dem seinen acht gl. by dem
1191 2373 1959 2487 anderen aber gar nüt funden
