2515 3303
181 64 1135 252 Denne habe er mit hilt Hans Petter
247 164 1160 327 synes gspanen so kürtzlich zu Witter
254 238 1122 378 gsin und fürs landtgricht gestelt, im
232 298 1127 447 dibenthal dry nascheyd und ein halben
236 371 1153 510 Käs so deß wirts iue flösch gsich genommen
241 429 1164 589 jedoch aber soliche, wyls offenbar worden
244 482 831 597 ime widrumb zugestelt
164 565 1120 719 Wyters bekhendt. Als er zausi und
255 669 1126 794 sen gspaw Petter Hans Pfend zu
208 721 1109 840 Wysembach ime Sibenthal getnuret
232 783 1105 904 und inen dry Gryßen zu Lonver-
177 852 204 931 1
240 840 1111 969 sprochen. Habind sy imme zu denselben
238 902 1060 1032 als sy zeym gfaren underwagen
248 975 1122 1094 noch dryen darzu genomen: Welche
222 1052 1055 1155 Geyssen sy harnach mit einanderen
256 1119 732 1218 getheilt und gnoßen
86 1217 1131 1347 Dem Mülleradano im gwatt jeder
233 1313 1098 1432 by zwoy masen Mulikore genomen
214 1442 1121 1593 So habe er mit hilf gemelten synes gspanen
235 1541 1022 1628 Hans Petbers, des könnes den zu
231 1601 1083 1689 Zwöysinlen oben vom Schönbloch abhin
252 1664 1109 1742 in eller landtuch, und darzu ein Vreitel
225 1727 529 1822 kas entzikt.
200 1859 1069 1977 Andres Gonquit zu Rychensteyne zue
216 1929 1045 2037 dibenthal, als welchene sy beyd ei
220 1998 1064 2091 zytlang gearbeytet und der inen
255 2050 1026 2152 umb ir lar ein sentner feyßes
241 2107 1035 2211 molchens gäben etc. vngfar by 4 lb.
228 2195 649 2289 anken gestolen.
169 2229 1100 2377 Bendicht Hannin und schlächter zu
222 2323 1092 2431 Befftinge, wie auch Bendicht Sringen
237 2380 1067 2500 Vfenn Bärg etc. Jedem ein kalb genomen,
192 2437 1094 2557 welche dey kelber aber, er Jacbi uß yynene
226 2532 591 2631 gut bezalt habe.
226 2568 1126 2706 und wiewol er Jausi zu Thun bekhent
194 2659 1118 2773 Das er und Melcher Bäler ungfar vor
243 2712 1114 2834 4. Jaren innerthalb deno kanderstäg an
852 2791 1116 2898 Wollisbärg
2076 -61 2169 43 140
1204 8 2154 177 ißlärg nächtlich wyl, dilenheist
1280 86 2121 230 genomen, gestrakt damit vn
1201 164 1271 264 si
1215 169 2095 315 s zugfaren zu Bäle fün
1212 234 2115 384 i zu Barn 2 houpt verkoufft
1199 305 2052 458 z se doch imme mit andes danon
1204 382 2139 533 beden, damo ein halben müt kärnen
1192 514 2082 682 sperner anzeygt. Das obgeracht
1191 607 2061 748 iler Hans Vögel zu Schonegk
1217 661 2107 806 in roß genommen und imme Janßn
1194 723 1885 900 daßelb umb 18 l verkaufft
1191 860 2106 1022 Item habe er und zn gstag Hans
1203 956 2091 1072 Petter, dem weybel zu Wyysindlen
1202 1024 1795 1164 fy 20 lb ankhen gestolen.
1186 1132 2131 1290 Hemnach 3 ye Leyder War. Nachm
2024 1242 2061 1298 5
1210 1213 2022 1344 Michel Graf ölmes tochterman
1204 1294 2058 1411 von imme hauße ein duma galts zu
1209 1362 1955 1464 uorderen ghept und von seinsälige
1211 1390 2030 1531 behalung wagen, ime, sie Jänsis hus
1210 1470 2082 1609 zubkhennen lasen wellen, habe er
1194 1551 2070 1666 zu ime gredt, Ihals er imme syne hus
1204 1601 2104 1729 laße zubkhennen: So wolle er Imme
1198 1666 2017 1780 Grafen syns verbronnen, sye ober
1209 1714 2083 1841 ame zornigene mit gredt worden und
1203 1795 1865 1913 dessen niemals willens gsin
1984 1895 2082 2001 Er
1179 1871 1944 2045 Daser Melcher Wänger trönpt
1207 1981 2141 2096 müße im warden, unders artrich schluffen
1206 2042 2018 2141 oder aber Ine das hus verbrönnen wolle
1216 2089 1987 2204 se war, aber ime corne gredt und
1216 2136 2042 2264 beschächen, uß ursachen er inne vilmalen
1220 2237 1364 2328 vexiret.
1190 2299 2145 2422 Alrimme fürgehalten, ob er nit ein halben
1222 2380 2063 2488 müt haben, (zu der zyt er dem graden
1218 2434 2063 2559 getröschen) genommen. zeygt e a
1222 2481 2089 2600 Vie das solichen des jungen kölmes wyb
1223 2531 2016 2647 als er zaben gäßen enthukt und
1221 2632 1729 2724 sye dis orts vnschuldig
1220 2671 2176 2791 und das er bendicht Mäselin, item Christen
1215 2734 2116 2848 Burtner zu Gurtzellen, jedene ein kalb
1223 2795 2117 2909 genomen, sye er deßen gantz unschuldig,
1217 2851 2085 2949 wüse auch hieruon gantz und gar mit
1862 3007 2093 3119 vectat
2320 84 2406 161 174
