<?xml version="1.0" encoding="UTF-8" standalone="yes"?>
<PcGts xmlns="http://schema.primaresearch.org/PAGE/gts/pagecontent/2013-07-15" xmlns:xsi="http://www.w3.org/2001/XMLSchema-instance" xsi:schemaLocation="http://schema.primaresearch.org/PAGE/gts/pagecontent/2013-07-15 http://schema.primaresearch.org/PAGE/gts/pagecontent/2013-07-15/pagecontent.xsd">
    <Metadata>
        <Creator>prov=University of Rostock/Institute of Mathematics/CITlab|PLANET AI GmbH/Gundram Leifert/gundram.leifert@planet-ai.de:name=German_Kurrent_XVI-XVIII_M1(htr_id=19584)::::v=2.6.7
prov=University of Rostock/Institute of Mathematics/CITlab|PLANET AI GmbH/Tobias Gruening/tobias.gruening@planet-ai.de:name=de.uros.citlab.module.baseline2polygon.B2PSeamMultiOriented:v=2.6.7
prov=University of Rostock/Institute of Mathematics/CITlab|PLANET AI GmbH/Tobias Gruening/tobias.gruening@planet-ai.de:name=/net_tf/LA73_249_0mod360.pb:de.uros.citlab.segmentation.CITlab_LA_ML:v=2.6.6
prov=University of Rostock/Institute of Mathematics/CITlab|PLANET AI GmbH/Tobias Gruening/tobias.gruening@planet-ai.de:name=/net_tf/LA73_249_0mod360.pb:de.uros.citlab.segmentation.CITlab_LA_ML:v=2.6.6
Transkribus</Creator>
        <Created>2020-09-22T11:08:48.515+02:00</Created>
        <LastChange>2022-09-12T14:30:02.092+02:00</LastChange>
        <TranskribusMetadata docId="1334812" pageId="52359209" pageNr="92" tsid="114640926" status="IN_PROGRESS" userId="9570" imgUrl="https://files.transkribus.eu/Get?id=EJDHKZQJCLFVKNAZOGXHEWAD&amp;fileType=view" xmlUrl="https://files.transkribus.eu/Get?id=JPIYNPNBIHGAOEBHQUKGJLTD" imageId="15435812"/>
    </Metadata>
    <Page imageFilename="Turmbuch 1622_00092-20200922_100755.jpg" imageWidth="1086" imageHeight="2428">
        <ReadingOrder>
            <OrderedGroup id="ro_1687513809040" caption="Regions reading order">
                <RegionRefIndexed index="0" regionRef="r1"/>
            </OrderedGroup>
        </ReadingOrder>
        <TextRegion orientation="0.0" id="r1" custom="readingOrder {index:0;}">
            <Coords points="68,39 68,2414 1059,2414 1059,39"/>
            <TextLine id="r1l1" custom="readingOrder {index:0;}">
                <Coords points="101,112 249,93 434,122 517,95 561,120 680,76 981,153 983,78 831,30 793,54 668,18 496,42 420,1 340,34 103,37"/>
                <Baseline points="107,92 150,85 194,79 237,74 281,71 324,70 368,69 411,69 455,69 498,71 542,73 585,76 629,79 672,82 716,85 759,88 803,92 846,95 890,98 933,100 977,102"/>
                <TextEquiv>
                    <Unicode>Gnsten Elbueger vß Cteg</Unicode>
                </TextEquiv>
            </TextLine>
            <TextLine id="r1l2" custom="readingOrder {index:1;}">
                <Coords points="98,196 138,211 228,159 259,174 317,142 442,134 597,187 736,147 791,180 856,163 856,108 779,86 737,113 708,89 668,127 380,103 98,117"/>
                <Baseline points="104,164 141,156 178,150 215,144 253,140 290,137 327,135 365,133 402,133 439,133 477,134 514,135 551,137 588,139 626,142 663,145 700,147 738,149 775,152 812,155 850,157"/>
                <TextEquiv>
                    <Unicode>gyschen geriets ein vndr sich</Unicode>
                </TextEquiv>
            </TextLine>
            <TextLine id="r1l3" custom="readingOrder {index:2;}">
                <Coords points="115,309 188,286 238,320 404,276 986,332 990,253 899,227 835,270 720,273 615,217 558,250 364,255 260,221 195,252 120,213"/>
                <Baseline points="123,280 165,276 208,273 251,270 294,269 337,269 380,269 423,271 466,272 509,275 552,277 594,280 637,283 680,287 723,291 766,295 809,299 852,302 895,305 938,309 981,312"/>
                <TextEquiv>
                    <Unicode>Pūchsthieūorgemeltem Jar vnd</Unicode>
                </TextEquiv>
            </TextLine>
            <TextLine id="r1l4" custom="readingOrder {index:3;}">
                <Coords points="99,369 530,337 934,387 986,382 988,349 674,288 554,318 345,289 239,320 102,303"/>
                <Baseline points="106,341 149,338 193,334 237,333 280,331 324,331 368,331 411,331 455,332 499,334 543,337 586,339 630,343 674,346 717,350 761,354 805,358 848,363 892,367 936,372 980,377"/>
                <TextEquiv>
                    <Unicode>tag auch in gegenwürtigkeit vor</Unicode>
                </TextEquiv>
            </TextLine>
            <TextLine id="r1l5" custom="readingOrder {index:4;} person {offset:26; length:7; continued:true;}">
                <Coords points="90,407 489,395 617,448 700,458 796,423 936,475 1020,462 1023,411 627,350 92,377"/>
                <Baseline points="97,401 142,398 188,396 234,394 280,393 326,393 372,394 418,395 464,397 510,399 556,402 601,405 647,409 693,413 739,417 785,423 831,427 877,433 923,438 969,443 1015,449"/>
                <TextEquiv>
                    <Unicode>und wolermelter in hr ist Cristen</Unicode>
                </TextEquiv>
            </TextLine>
            <TextLine id="r1l6" custom="readingOrder {index:5;} person {offset:0; length:8; continued:true;}">
                <Coords points="96,497 380,458 520,475 588,526 710,477 828,496 921,555 1028,522 1030,487 854,475 797,431 699,465 463,444 428,412 339,441 101,409"/>
                <Baseline points="104,464 149,461 195,460 241,459 287,459 333,459 379,460 425,461 471,464 517,466 563,469 608,472 654,475 700,480 746,483 792,488 838,493 884,498 930,502 976,507 1022,512"/>
                <TextEquiv>
                    <Unicode>elbinger purtig usem ostergschen</Unicode>
                </TextEquiv>
            </TextLine>
            <TextLine id="r1l7" custom="readingOrder {index:6;} place {offset:10; length:7;}">
                <Coords points="88,572 154,531 292,549 347,524 437,534 538,592 649,551 883,608 964,571 966,537 891,537 778,485 723,512 649,487 593,529 280,470 92,499"/>
                <Baseline points="97,522 140,521 183,521 226,522 269,522 312,524 355,525 398,528 441,530 484,532 528,535 571,539 614,542 657,545 700,548 743,552 786,555 829,558 872,561 915,564 959,566"/>
                <TextEquiv>
                    <Unicode>geniet zu Marzili Luth Fedig</Unicode>
                </TextEquiv>
            </TextLine>
            <TextLine id="r1l8" custom="readingOrder {index:7;}">
                <Coords points="94,600 524,606 995,662 1024,661 1027,610 955,574 900,612 355,579 214,528 96,565"/>
                <Baseline points="101,587 146,587 192,588 238,589 284,591 330,593 376,595 422,598 468,601 514,604 560,607 605,610 651,614 697,617 743,621 789,625 835,629 881,634 927,637 973,642 1019,645"/>
                <TextEquiv>
                    <Unicode>beuelch, vber die durch vorgemelten,</Unicode>
                </TextEquiv>
            </TextLine>
            <TextLine id="r1l9" custom="readingOrder {index:8;} person {offset:13; length:17;}">
                <Coords points="88,666 281,685 384,663 571,706 653,682 902,731 992,722 995,686 763,627 643,649 580,614 502,649 351,641 301,602 214,638 91,616"/>
                <Baseline points="94,651 138,652 183,654 227,655 272,657 317,659 361,661 406,663 451,666 495,669 540,671 585,675 629,678 674,682 719,685 763,688 808,693 853,697 897,700 942,703 987,707"/>
                <TextEquiv>
                    <Unicode>ynen gspanen Caspar Dotzbacher</Unicode>
                </TextEquiv>
            </TextLine>
            <TextLine id="r1l10" custom="readingOrder {index:9;}">
                <Coords points="98,726 470,734 643,778 736,752 875,792 938,784 941,741 851,716 796,739 598,724 549,692 499,716 443,684 387,706 101,682"/>
                <Baseline points="104,713 145,714 186,716 228,718 269,720 311,722 352,725 394,727 435,731 477,734 518,736 559,739 601,743 642,745 684,749 725,751 767,755 808,758 850,760 891,763 933,766"/>
                <TextEquiv>
                    <Unicode>wider Inne geslagte gruwliche</Unicode>
                </TextEquiv>
            </TextLine>
            <TextLine id="r1l11" custom="readingOrder {index:10;}">
                <Coords points="88,783 186,815 321,795 374,820 416,795 676,847 762,829 860,835 901,869 941,854 932,804 811,815 721,765 542,774 471,734 403,774 289,736 92,733"/>
                <Baseline points="95,778 137,779 179,780 221,782 263,785 305,787 347,790 389,793 431,796 473,799 515,804 557,807 599,811 641,814 683,818 725,821 767,825 809,828 851,831 893,834 936,837"/>
                <TextEquiv>
                    <Unicode>vnd schaidtliche Gortslesterung</Unicode>
                </TextEquiv>
            </TextLine>
            <TextLine id="r1l12" custom="readingOrder {index:11;}">
                <Coords points="78,869 685,885 891,927 929,895 1012,905 1014,875 720,866 545,816 505,844 224,803 81,832"/>
                <Baseline points="85,849 131,850 177,852 223,854 269,856 315,858 361,861 407,864 453,866 499,869 545,873 591,876 637,879 683,882 729,885 775,888 821,891 867,894 913,896 959,898 1006,900"/>
                <TextEquiv>
                    <Unicode>pynlich examiniert vnd gegen ein</Unicode>
                </TextEquiv>
            </TextLine>
            <TextLine id="r1l13" custom="readingOrder {index:12;}">
                <Coords points="89,924 782,951 872,988 1004,963 1008,904 930,896 890,927 838,906 779,940 664,934 603,892 463,905 303,866 174,905 92,876"/>
                <Baseline points="96,915 141,917 186,919 231,921 276,923 321,925 366,928 411,931 456,934 501,937 547,939 592,942 637,944 682,947 727,950 772,953 817,956 862,958 907,961 952,963 998,966"/>
                <TextEquiv>
                    <Unicode>anderen confrontiert worden unnd</Unicode>
                </TextEquiv>
            </TextLine>
            <TextLine id="r1l14" custom="readingOrder {index:13;} person {offset:16; length:16;}">
                <Coords points="82,1008 156,996 295,1048 393,1008 867,1060 918,1036 962,1068 988,1061 994,968 915,1002 781,958 703,982 660,956 599,989 446,934 338,983 197,974 87,928"/>
                <Baseline points="89,982 133,986 178,990 223,993 268,997 312,999 357,1002 402,1005 447,1007 491,1010 536,1012 581,1014 626,1017 670,1019 715,1021 760,1024 805,1026 849,1029 894,1032 939,1034 984,1038"/>
                <TextEquiv>
                    <Unicode>hat vorgemelter Caspar Dotz bach</Unicode>
                </TextEquiv>
            </TextLine>
            <TextLine id="r1l15" custom="readingOrder {index:14;} person {offset:4; length:8;}">
                <Coords points="86,1073 159,1071 259,1117 378,1083 902,1123 947,1096 701,1050 531,1059 448,1014 413,1032 387,1011 307,1057 192,1014 89,1015"/>
                <Baseline points="93,1052 135,1056 177,1060 220,1064 262,1066 304,1068 347,1071 389,1073 431,1075 474,1077 516,1079 558,1081 601,1083 643,1085 685,1088 728,1090 770,1093 812,1097 855,1100 897,1104 940,1109"/>
                <TextEquiv>
                    <Unicode>Ime Elbinger abermalen wie</Unicode>
                </TextEquiv>
            </TextLine>
            <TextLine id="r1l16" custom="readingOrder {index:15;}">
                <Coords points="91,1126 152,1153 349,1134 460,1166 907,1170 959,1201 1018,1189 1020,1156 767,1137 710,1098 601,1138 505,1088 320,1122 180,1084 92,1099"/>
                <Baseline points="97,1116 142,1123 188,1128 234,1133 280,1137 325,1140 371,1142 417,1145 463,1147 508,1149 554,1150 600,1152 646,1154 691,1156 737,1158 783,1161 829,1163 874,1167 920,1172 966,1177 1012,1182"/>
                <TextEquiv>
                    <Unicode>auch hieuor  vndermundts dieselbigen</Unicode>
                </TextEquiv>
            </TextLine>
            <TextLine id="r1l17" custom="readingOrder {index:16;}">
                <Coords points="79,1193 335,1207 385,1248 453,1217 563,1254 647,1227 725,1264 1041,1241 1018,1199 887,1214 837,1167 793,1197 598,1161 539,1191 393,1138 124,1167 83,1139"/>
                <Baseline points="87,1176 134,1184 181,1190 229,1196 276,1201 323,1205 371,1209 418,1212 465,1216 513,1218 560,1221 607,1223 655,1225 702,1227 749,1229 797,1232 844,1234 891,1236 939,1240 986,1243 1034,1246"/>
                <TextEquiv>
                    <Unicode>zn allerforne und gstalt, wie er die</Unicode>
                </TextEquiv>
            </TextLine>
            <TextLine id="r1l18" custom="readingOrder {index:17;}">
                <Coords points="86,1265 222,1269 330,1325 391,1286 613,1293 766,1353 856,1304 976,1342 1059,1320 1061,1281 1018,1268 830,1289 464,1237 390,1267 309,1210 89,1217"/>
                <Baseline points="94,1239 144,1249 194,1257 245,1264 295,1269 346,1275 396,1279 447,1283 497,1286 548,1289 598,1291 649,1293 699,1295 750,1296 800,1299 851,1301 901,1303 952,1306 1002,1309 1053,1313"/>
                <TextEquiv>
                    <Unicode>umb kürtze willen alhie zuuermyd</Unicode>
                </TextEquiv>
            </TextLine>
            <TextLine id="r1l19" custom="readingOrder {index:18;}">
                <Coords points="87,1334 333,1349 384,1386 496,1359 611,1405 758,1374 1040,1419 1009,1356 821,1332 750,1356 472,1300 315,1329 161,1268 92,1276"/>
                <Baseline points="95,1308 142,1317 189,1325 236,1332 283,1338 330,1343 377,1348 424,1352 471,1356 518,1360 565,1363 612,1365 659,1367 706,1371 753,1373 800,1375 847,1377 894,1380 941,1383 988,1386 1036,1390"/>
                <TextEquiv>
                    <Unicode>In syner vergicht nechst hieuor angeb.</Unicode>
                </TextEquiv>
            </TextLine>
            <TextLine id="r1l20" custom="readingOrder {index:19;} person {offset:0; length:8;}">
                <Coords points="445,1403 485,1404 508,1414 527,1405 553,1407 559,1413 581,1404 596,1420 608,1419 611,1379 597,1369 592,1374 581,1362 569,1372 559,1365 550,1371 519,1370 495,1359 474,1364 448,1351"/>
                <Baseline points="451,1393 476,1392 501,1393 527,1396 552,1399 577,1401 603,1400"/>
                <TextEquiv>
                    <Unicode>elbinger</Unicode>
                </TextEquiv>
            </TextLine>
            <TextLine id="r1l21" custom="readingOrder {index:20;}">
                <Coords points="84,1404 303,1446 381,1420 439,1450 552,1429 591,1463 637,1441 753,1476 838,1447 916,1474 977,1435 653,1387 595,1419 410,1413 89,1334"/>
                <Baseline points="92,1378 135,1388 179,1397 223,1405 267,1411 311,1417 355,1421 398,1425 442,1428 486,1431 530,1434 574,1436 618,1438 662,1439 705,1442 749,1443 793,1445 837,1448 881,1451 925,1454 969,1458"/>
                <TextEquiv>
                    <Unicode>furshalten dz er dieselbigen zu</Unicode>
                </TextEquiv>
            </TextLine>
            <TextLine id="r1l22" custom="readingOrder {index:21;} place {offset:0; length:6;}">
                <Coords points="64,1467 462,1537 569,1515 631,1546 678,1524 778,1558 882,1532 1000,1556 1004,1509 913,1471 737,1501 579,1456 503,1487 70,1401"/>
                <Baseline points="72,1446 118,1454 164,1462 210,1469 256,1476 303,1482 349,1487 395,1492 441,1497 487,1501 534,1505 580,1509 626,1512 672,1515 718,1518 765,1521 811,1523 857,1526 903,1529 949,1531 996,1534"/>
                <TextEquiv>
                    <Unicode>Basell Im Siechenhuß, vorgehörter</Unicode>
                </TextEquiv>
            </TextLine>
            <TextLine id="r1l23" custom="readingOrder {index:22;}">
                <Coords points="86,1552 195,1539 273,1592 341,1574 428,1604 823,1588 884,1633 1047,1626 1051,1590 985,1586 935,1541 726,1571 569,1515 478,1550 195,1479 91,1491"/>
                <Baseline points="94,1518 141,1527 188,1535 236,1543 283,1550 331,1555 378,1560 426,1564 473,1569 521,1572 568,1576 615,1578 663,1582 710,1585 758,1587 805,1590 853,1593 900,1597 948,1600 995,1605 1043,1610"/>
                <TextEquiv>
                    <Unicode>gstalt, gantz schandtlich und loster</Unicode>
                </TextEquiv>
            </TextLine>
            <TextLine id="r1l24" custom="readingOrder {index:23;}">
                <Coords points="82,1597 259,1645 305,1627 508,1659 538,1688 601,1653 797,1684 968,1671 969,1649 683,1598 470,1617 86,1551"/>
                <Baseline points="90,1578 133,1590 177,1600 220,1608 264,1616 308,1622 351,1628 395,1632 438,1636 482,1639 526,1642 569,1645 613,1647 656,1649 700,1651 744,1653 787,1655 831,1657 874,1660 918,1662 962,1666"/>
                <TextEquiv>
                    <Unicode>lich vsgroßen habe, deren dan</Unicode>
                </TextEquiv>
            </TextLine>
            <TextLine id="r1l25" custom="readingOrder {index:24;} person {offset:13; length:8;}">
                <Coords points="84,1677 187,1715 307,1698 619,1756 771,1732 908,1775 960,1740 1043,1749 1023,1679 964,1712 930,1683 842,1705 729,1666 597,1704 305,1636 232,1670 89,1615"/>
                <Baseline points="92,1650 139,1663 186,1674 233,1683 281,1692 328,1699 375,1705 422,1710 470,1714 517,1717 564,1720 611,1723 659,1725 706,1727 753,1728 800,1730 848,1731 895,1732 942,1734 989,1736 1037,1739"/>
                <TextEquiv>
                    <Unicode>diser Cisten Elbinger durch vß nit</Unicode>
                </TextEquiv>
            </TextLine>
            <TextLine id="r1l26" custom="readingOrder {index:25;}">
                <Coords points="87,1740 265,1801 328,1771 420,1802 472,1780 541,1808 683,1801 722,1830 766,1803 1005,1811 1005,1785 885,1763 603,1761 544,1728 446,1764 289,1702 226,1741 90,1703"/>
                <Baseline points="94,1720 139,1733 184,1744 229,1754 275,1762 320,1770 365,1775 410,1780 456,1783 501,1786 546,1788 591,1790 637,1791 682,1793 727,1794 772,1795 818,1797 863,1799 908,1801 953,1805 999,1809"/>
                <TextEquiv>
                    <Unicode>absyn können, sonders das er de¬</Unicode>
                </TextEquiv>
            </TextLine>
            <TextLine id="r1l27" custom="readingOrder {index:26;}">
                <Coords points="83,1841 159,1830 214,1873 267,1841 433,1861 479,1902 591,1859 826,1907 913,1874 1064,1884 1070,1790 978,1855 922,1817 776,1806 703,1845 515,1795 409,1831 313,1781 265,1801 89,1757"/>
                <Baseline points="93,1790 141,1803 189,1814 237,1824 286,1832 334,1839 382,1844 431,1849 479,1852 527,1854 576,1856 624,1858 672,1859 720,1860 769,1861 817,1862 865,1863 914,1865 962,1868 1010,1871 1059,1876"/>
                <TextEquiv>
                    <Unicode>selbigen leid uff umbandt in trunk</Unicode>
                </TextEquiv>
            </TextLine>
            <TextLine id="r1l28" custom="readingOrder {index:27;}">
                <Coords points="86,1887 190,1893 251,1940 328,1914 436,1930 532,1974 660,1923 714,1956 1008,1977 1012,1884 876,1920 590,1860 445,1904 303,1849 213,1872 90,1839"/>
                <Baseline points="95,1856 140,1870 186,1882 231,1892 277,1899 322,1906 368,1911 413,1916 459,1919 504,1921 550,1924 595,1925 641,1926 686,1927 732,1928 777,1929 823,1931 868,1933 914,1935 959,1939 1005,1943"/>
                <TextEquiv>
                    <Unicode>uerwyß als er Zwad vß dem schlaff</Unicode>
                </TextEquiv>
            </TextLine>
            <TextLine id="r1l29" custom="readingOrder {index:28;}">
                <Coords points="74,1949 265,2005 358,1978 420,2030 479,2001 567,2020 753,1992 813,2049 1011,2024 1013,1996 918,1953 884,1981 726,1970 659,1923 526,1977 437,1930 371,1954 78,1893"/>
                <Baseline points="82,1921 128,1936 174,1948 220,1959 267,1968 313,1975 359,1981 405,1985 452,1989 498,1992 544,1994 590,1995 637,1996 683,1997 729,1998 775,1998 822,2000 868,2001 914,2003 960,2006 1007,2010"/>
                <TextEquiv>
                    <Unicode>Mgstand uß umbsindte ungoßen</Unicode>
                </TextEquiv>
            </TextLine>
            <TextLine id="r1l30" custom="readingOrder {index:29;}">
                <Coords points="79,2001 186,2053 495,2089 616,2061 655,2096 690,2073 753,2098 1003,2084 1006,2046 820,2058 728,2030 695,2052 630,2016 515,2048 425,2036 352,1976 222,2008 81,1960"/>
                <Baseline points="85,1991 130,2005 176,2018 221,2028 267,2038 313,2045 358,2051 404,2056 450,2060 495,2064 541,2066 587,2067 632,2068 678,2069 724,2069 769,2069 815,2069 861,2069 906,2069 952,2069 998,2070"/>
                <TextEquiv>
                    <Unicode>und gredt habe, die gent im aber</Unicode>
                </TextEquiv>
            </TextLine>
            <TextLine id="r1l31" custom="readingOrder {index:30;}">
                <Coords points="78,2077 285,2159 388,2140 422,2175 475,2141 579,2188 710,2143 875,2152 911,2183 992,2141 1039,2164 1043,2103 989,2087 770,2089 704,2120 632,2078 554,2120 339,2064 256,2097 81,2031"/>
                <Baseline points="85,2062 132,2077 180,2091 227,2102 275,2111 322,2120 370,2126 417,2131 465,2134 512,2137 560,2138 607,2139 655,2140 702,2139 750,2138 797,2138 845,2137 892,2136 940,2135 987,2134 1035,2134"/>
                <TextEquiv>
                    <Unicode>von grundt synes Ersetzens Leidt, batt</Unicode>
                </TextEquiv>
            </TextLine>
            <TextLine id="r1l32" custom="readingOrder {index:31;}">
                <Coords points="65,2141 125,2189 164,2166 233,2209 288,2193 645,2255 782,2217 906,2248 977,2225 979,2189 881,2192 829,2159 789,2189 641,2157 561,2196 452,2190 389,2141 278,2171 68,2099"/>
                <Baseline points="72,2126 117,2142 162,2157 207,2169 252,2179 297,2188 342,2194 387,2199 432,2203 477,2207 522,2208 567,2210 612,2210 657,2210 702,2210 747,2209 792,2209 837,2208 882,2208 927,2209 972,2210"/>
                <TextEquiv>
                    <Unicode>dehwegen Goth deit, Almechtigen</Unicode>
                </TextEquiv>
            </TextLine>
            <TextLine id="r1l33" custom="readingOrder {index:32;}">
                <Coords points="80,2225 388,2270 436,2318 791,2282 886,2319 1005,2315 997,2212 635,2264 596,2231 488,2252 402,2213 293,2238 83,2170"/>
                <Baseline points="88,2204 133,2219 179,2230 224,2241 270,2250 316,2257 361,2262 407,2267 453,2271 498,2273 544,2275 590,2276 635,2276 681,2276 727,2275 772,2275 818,2274 864,2273 909,2272 955,2272 1001,2271"/>
                <TextEquiv>
                    <Unicode>ven er damit hochlich erzūrnt, vnd</Unicode>
                </TextEquiv>
            </TextLine>
            <TextLine id="r1l34" custom="readingOrder {index:33;}">
                <Coords points="61,2295 174,2329 330,2322 416,2376 624,2354 673,2390 820,2339 886,2372 1014,2350 995,2315 902,2323 801,2284 442,2320 64,2237"/>
                <Baseline points="68,2265 115,2281 162,2294 209,2306 256,2315 303,2322 350,2328 397,2333 444,2336 491,2339 538,2340 585,2340 632,2341 679,2340 726,2340 773,2339 820,2338 867,2338 914,2338 961,2338 1008,2339"/>
                <TextEquiv>
                    <Unicode>Rleseret, wie auch vd g vnd Jed</Unicode>
                </TextEquiv>
            </TextLine>
            <TextLine id="r1l35" custom="readingOrder {index:34;}">
                <Coords points="86,2350 132,2359 151,2380 194,2383 217,2403 244,2390 270,2393 299,2401 318,2428 404,2429 414,2375 356,2367 325,2384 271,2325 201,2358 91,2322"/>
                <Baseline points="94,2337 119,2348 145,2357 171,2365 197,2371 222,2377 248,2382 274,2386 300,2389 325,2392 351,2395 377,2398 403,2400"/>
                <TextEquiv>
                    <Unicode>mengeklich</Unicode>
                </TextEquiv>
            </TextLine>
            <TextEquiv>
                <Unicode>Gnsten Elbueger vß Cteg
gyschen geriets ein vndr sich
Pūchsthieūorgemeltem Jar vnd
tag auch in gegenwürtigkeit vor
und wolermelter in hr ist Cristen
elbinger purtig usem ostergschen
geniet zu Marzili Luth Fedig
beuelch, vber die durch vorgemelten,
ynen gspanen Caspar Dotzbacher
wider Inne geslagte gruwliche
vnd schaidtliche Gortslesterung
pynlich examiniert vnd gegen ein
anderen confrontiert worden unnd
hat vorgemelter Caspar Dotz bach
Ime Elbinger abermalen wie
auch hieuor  vndermundts dieselbigen
zn allerforne und gstalt, wie er die
umb kürtze willen alhie zuuermyd
In syner vergicht nechst hieuor angeb.
elbinger
furshalten dz er dieselbigen zu
Basell Im Siechenhuß, vorgehörter
gstalt, gantz schandtlich und loster
lich vsgroßen habe, deren dan
diser Cisten Elbinger durch vß nit
absyn können, sonders das er de¬
selbigen leid uff umbandt in trunk
uerwyß als er Zwad vß dem schlaff
Mgstand uß umbsindte ungoßen
und gredt habe, die gent im aber
von grundt synes Ersetzens Leidt, batt
dehwegen Goth deit, Almechtigen
ven er damit hochlich erzūrnt, vnd
Rleseret, wie auch vd g vnd Jed
mengeklich</Unicode>
            </TextEquiv>
        </TextRegion>
    </Page>
</PcGts>
