2455 3241
225 118 1131 244 Und nammlichen des ersten, Nach dem er
242 211 1026 302 kurtz abgeloffner zyt, under einem
247 274 1074 361 Sarboum alleinig gesässen, und uf
257 345 1080 430 syn Muoter (welche inne niemalen
247 393 1116 486 glert bätten) gewartet: Da sye
233 452 1094 530 Gott beware uns, der leydige Satan
241 512 1097 610 in gstalten eines schwartzen mans, mit
250 568 1031 657 einem roten bart zuo imme kommen,
253 624 1108 719 und angentz angemuotet: Fals er sich
254 694 1103 783 an inne ergäben welle, so welle er imme
247 750 1092 853 gälts gnug gäben: Und wiewol er sich
250 809 1088 918 anfängklich dessen gweygret: Habe
247 880 1088 956 er doch souil angehalten, Das er sich
231 928 1096 1053 Leyder domalen an inne ergäben, und
253 997 1125 1109 also den Allmächtigen Tott synen Schöpfer
244 1051 1052 1157 Erlöser, und Säligmacher verlougnet,
257 1110 1083 1225 syn ewigs wort verlassen, und hiemit
234 1168 1057 1275 dem verflüchten Tüfel gehorsammet.
188 1220 1108 1338 Der inne dann volgents an heymlichen einem gwüssen orth,
42 1288 1075 1412 und einem biss gezeychnet, und daruf ein lümpli
257 1349 1041 1460 voll Haller und Rappen (so aber
245 1399 1015 1516 harnach nur loub gsin) von imme
254 1459 1005 1581 empfangen, mit sondrem beuälch,
258 1526 1035 1642 er, mürden, stälen, brönnen, und
230 1595 1048 1689 den Lüten die Hüser ansteken sölle.
238 1652 1074 1756 Weliches er aber keinswägs than, noch
251 1719 702 1817 noch verrichtet habe.
168 1833 1043 1963 Demnach, als er ouch vor etwas
244 1886 1041 2011 Monaten nachts, inn Amman Bills
244 1959 1045 2087 kustall (mit lob vor üwer gnaden zmälden)
243 2023 1058 2151 gangen, und daselbsten etwas verrichten
245 2069 1041 2206 wellen: Sye er imme abermal, inn
255 2133 1043 2262 einem schwartzen kleyd, mit einem
259 2186 1099 2304 roten bart, und synes bedunkens
262 2240 1022 2383 mit grossen Höltzinen beynen, zuo
249 2305 1083 2433 imme kommen; und abermal angehalten
223 2354 1096 2504 Er sölle syne gsellen ermürden, stälen
254 2425 1092 2547 und brönnen: ouch das vych mit denn
256 2492 1050 2611 sammen so er imm gäben, verderben: und
241 2525 1128 2675 zuo imme gredt: du galgenuogel: du muosst
250 2596 1104 2736 mir volgen, oder ich wil dich ztod schlachen
834 2674 1073 2771 weliches er
2148 -18 2252 66 158
1249 6 2178 147 weliches er aber niemalen gethan etc. und
1249 85 2211 229 da er inne verlassen: Habe er imme aber¬
1282 149 2152 252 mal in einem Lümpli, Haller, unnd
1270 216 2228 335 Rappen gäben: so aber alles (mit reuerentz
1277 264 2159 392 vor üwer gnaden zmälden) nur Rosskot gsin.
1217 438 2213 579 Dennethin, so habe er sich ouch Leyder, vor
1246 519 2121 615 etwas zyts, an einem gwüssen orth
1281 575 2135 661 umb Mitte nacht, in der sect oder
1259 636 2181 753 versammlung (da synes bedunckens allerley
1287 685 2088 803 volk gsin) finden lassen: und
1270 764 2100 874 daselbsten abermal (Gott beware
1279 828 2124 925 uns) den Bösen Geyst gantz Roth
1277 894 2119 998 bkleydt, gsächen, mit syner Muoter
1262 977 1456 1056 dantzen.
1215 1101 2074 1225 Und Letstlich Abermal an einem
1266 1173 2096 1291 wüsten orth, da es vesper glütet,
1281 1242 2052 1357 gsächen, das er syner Muoter vil
1282 1291 2166 1416 gälts gäben, das sy mit imme tantze
1250 1359 1687 1465 weliches sy gethan.
1241 1457 2130 1595 Siderhar habe er inne niemalen mehr
1275 1512 2131 1651 gsächen: und wil anders nüt bekhennen.
1259 1617 2168 1765 Endtlichen habe er uss anstifftung dess
1256 1683 2164 1833 Bösen findts sich in Petter Büttigkofers
1266 1755 2098 1881 hus zuo Kärnenriedt verfügt, unnd
1264 1816 2071 1953 daselbsten (als das volk gekäset) syn
1266 1900 2043 2012 wasser in die Milch abgeschlagen:
1252 1928 2074 2063 der Meynung er sy verderben welle
1260 1998 1937 2132 zu unnutz bringen welle etc.
1254 2156 2056 2310 Uff letsten Aprilis diss 1624 jars
1260 2219 2068 2363 ist gedachter Christen Brüggiman, inn
1274 2266 2128 2427 bywäsen und gegenwürtigkeyt hiuorgemelter
1263 2325 2076 2463 Herren, uss beuälch ir gnaden, zuo Marzili
1290 2369 2075 2516 mit dem Dumysen zum 2. mal nach
1283 2417 2135 2566 noturfft erfeckt, ouch durch ir gnaden diener
1272 2466 2155 2619 den Nachrichter syn lyb durchus besichtiget
1285 2518 2173 2675 aber nützit funden worden, dann uf syner
1261 2567 2083 2735 lig linggen schuldteren, ein brune runde
1293 2634 2107 2783 masen, etwas grösser dan ein taler,
1286 2674 2049 2820 mit anzeyung der Böse Geyst inne
1265 2716 2128 2878 daselbsten zeychnet gebissen habe: Sonst ist er syner
1289 2758 2135 2941 obgeschribnen Bekhandtnuss, in allen puncten
1271 2912 1511 2997 geständig.
