2820 3987
277 94 1247 463 vonde
318 276 1237 537 komen, Einem Puren 3 hi¬
321 331 1203 578 gestolen, damam er Ira einen
320 443 1199 656 ze tragen gäben. Die übrigen bey
356 496 1172 711 aber, dem Puren widerumb
324 585 1048 765 handen gstelt worden.
1174 654 1239 744 zu
297 747 1283 1003 Vfenn Sehnpparg, Einem Lenten
397 876 1262 1064 essene Käller, (so er mit synem
360 956 1278 1139 Dietrich ufgethan) by 28 lb anken
394 1040 1268 1206 entzukt, denselben volgents
394 1122 1230 1296 dem wort daselbst vekaufft
448 1268 1248 1402 in Biglenthal, abermal mit
441 1342 1216 1463 synem Dietrich, ein Käller
432 1412 1299 1551 geöffnet, vnd darus ein Anken
410 1512 987 1610 ballen genomen
366 1612 1279 1741 Senne habe er zu Hunigenn
474 1703 1267 1815 ein kübel mit anken. Item
479 1787 1246 1889 2. grose, vnd 2 kleyne stukl
463 1838 1275 1954 Käs uß Damel Walis hus
470 1920 1327 2030 so er mit synem dietrich vfgeboct¬
506 1994 1327 2079 entzukt und volgents das alles
489 2064 1336 2169 zu Höchstetten In synes Vatters
501 2139 1083 2248 Höüigstok verbagen.
499 2267 1329 2407 zu Durenroth mit hilf syner
512 2322 1367 2447 dirnen by dem wirt 6 f dings
516 2392 1211 2507 zeit, aber nit bezalt habe.
490 2463 1359 2625 Und als er gfragt: Wie wenn und
524 2544 1363 2703 Wasgstalten er zu syner tinen
529 2599 1355 2746 komen. hat er anzeygt, Alse
566 2659 1351 2818 synem Handtwark nachgezogen
569 2715 1386 2863 und die stören besucht. Hale e sh
569 2777 1366 2919 offtmalen, da sy hin, vnd wider
580 2790 1412 3005 gayt, angetroffen, und im tunk
1279 2875 1379 2955 Vn
1346 2903 1414 2986 dise
570 2896 1294 3039 khundtsamme zu ira gmacht
581 2942 1331 3135 sye von Wienachten an, bißvn
576 2998 1352 3163 zyt, mit Ira ime land umb gezo¬
551 3049 1403 3232 Da er dann allwagen fürgäben, des
668 3121 1309 3284 syner wyberen eine spe
593 3131 1410 3345 Ist 2 mal lär, einist mit dem kleinen stin
813 3190 1392 3345 mit 2 steinen ufzogen worden.
1379 122 2335 354 ia Blust sonst genant die
1315 219 2353 387 bollen von kilchlinderh
1402 303 2357 494 hienergemelten Uli Dietrichs
1523 423 1946 535 Zirneni.
1315 443 1414 540 Deß
1337 530 2258 748 als die gfragt worden, wo sy
1352 628 2306 837 schundtsamme, by imme dietrich
1355 694 2469 902 gemacht. Hat sy anzeygt, allewyl
1366 774 2376 988 sobysonem Vatter gedienet habe.
1357 925 2433 1129 Daser Uli Dietrich zu Künitz die
1347 1041 2403 1195 heuoranzogne käsen und das sy
1378 1094 2469 1264 dieselben under der kehen alhie verkonfft
1379 1189 2377 1347 sye also ergangen. Dauon aber
1370 1257 2464 1402 dem jänigen 4 wideumb zugstelt
1389 1355 1817 1473 worden syendt.
1379 1425 2351 1595 von deme 3 röken, so 2 Uli
1388 1521 2357 1659 dienich, zu Capellen, einem
1401 1604 2430 1718 landtman entzukt. Habe sy den
1428 1684 2269 1785 einen zu Signouw, Im
1419 1746 2300 1854 underen wirtshus vertuschet.
1406 1872 2427 2007 zu Rychingen in dem lindenthal
1456 1956 2415 2076 mit hilf gedachten Ulis, ein kas
1445 2025 2464 2110 2. Ankenbollen entzukt. Darufhin
1440 2099 2398 2198 zu Burgdoch ynzogen, aber uß der
1444 2166 2446 2274 pfangenschafft, so nit wol vermacht
1450 2254 2424 2337 gsin, durch ein groß loch geschloffen
1453 2303 2326 2410 sich ledig gemacht und volgents
1471 2360 2059 2468 nach obeibung verfügte.
1430 2422 2485 2579 zu Heymiswyl, einem landtman
1438 2532 2470 2658 de sy beherbarget) uß synem källen
1456 2601 2375 2713 ein kübel anken genommen.
1464 2646 2398 2782 denselben der wirti zu Oberbiag
1486 2721 2004 2835 umb 2 l verkoufft
1461 2776 2477 2920 zu Conolfinghn mit hilf synen, einer
1471 2835 2457 2983 schwüße pson 3 stifeli anken 2 käsen,
1498 2914 2410 3040 und 2 ankenballen (so sy zWichtorf
1500 2946 2452 3080 zubhalten gälen) vermiticiwret. Das aber
1507 3015 2129 3142 noch alles verhanden sye.
2412 86 2482 145 22
