<?xml version="1.0" encoding="UTF-8" standalone="yes"?>
<PcGts xmlns="http://schema.primaresearch.org/PAGE/gts/pagecontent/2013-07-15" xmlns:xsi="http://www.w3.org/2001/XMLSchema-instance" xsi:schemaLocation="http://schema.primaresearch.org/PAGE/gts/pagecontent/2013-07-15 http://schema.primaresearch.org/PAGE/gts/pagecontent/2013-07-15/pagecontent.xsd">
    <Metadata>
        <Creator>prov=University of Rostock/Institute of Mathematics/CITlab|PLANET AI GmbH/Gundram Leifert/gundram.leifert@planet-ai.de:name=German_Kurrent_XVI-XVIII_M1(htr_id=19584)::::v=2.6.7
prov=University of Rostock/Institute of Mathematics/CITlab|PLANET AI GmbH/Tobias Gruening/tobias.gruening@planet-ai.de:name=de.uros.citlab.module.baseline2polygon.B2PSeamMultiOriented:v=2.6.7
prov=University of Rostock/Institute of Mathematics/CITlab|PLANET AI GmbH/Tobias Gruening/tobias.gruening@planet-ai.de:name=/net_tf/LA73_249_0mod360.pb:de.uros.citlab.segmentation.CITlab_LA_ML:v=2.6.6
Transkribus</Creator>
        <Created>2020-09-22T11:08:55.158+02:00</Created>
        <LastChange>2022-09-12T14:30:45.997+02:00</LastChange>
        <TranskribusMetadata docId="1334812" pageId="52359345" pageNr="115" tsid="114641067" status="IN_PROGRESS" userId="9570" imgUrl="https://files.transkribus.eu/Get?id=CLPFXIMIVHBVXDJQEBCQYXVZ&amp;fileType=view" xmlUrl="https://files.transkribus.eu/Get?id=ONCDGDAKVVJJYLLADNLDJKBS" imageId="15435865"/>
    </Metadata>
    <Page imageFilename="Turmbuch 1622_00115-20200922_101736.jpg" imageWidth="2379" imageHeight="3108">
        <ReadingOrder>
            <OrderedGroup id="ro_1687513809885" caption="Regions reading order">
                <RegionRefIndexed index="0" regionRef="r1"/>
                <RegionRefIndexed index="1" regionRef="r2"/>
                <RegionRefIndexed index="2" regionRef="r3"/>
                <RegionRefIndexed index="3" regionRef="r4"/>
                <RegionRefIndexed index="4" regionRef="r5"/>
            </OrderedGroup>
        </ReadingOrder>
        <TextRegion orientation="0.0" id="r1" custom="readingOrder {index:0;}">
            <Coords points="63,925 63,1075 123,1075 123,925"/>
            <TextLine id="r1l1" custom="readingOrder {index:0;}">
                <Coords points="56,1042 66,1043 75,1036 83,1038 89,1034 129,1041 129,927 120,928 114,923 99,934 69,925 64,929 56,928"/>
                <Baseline points="63,1025 93,1025 123,1025"/>
                <TextEquiv>
                    <Unicode></Unicode>
                </TextEquiv>
            </TextLine>
            <TextEquiv>
                <Unicode></Unicode>
            </TextEquiv>
        </TextRegion>
        <TextRegion orientation="0.0" id="r2" custom="readingOrder {index:1;}">
            <Coords points="164,920 164,1073 179,1073 179,920"/>
            <TextLine id="r2l1" custom="readingOrder {index:0;}">
                <Coords points="160,1035 168,1032 177,1034 180,1029 186,1028 164,922 158,924 149,935 139,935"/>
                <Baseline points="164,1023 179,1020"/>
                <TextEquiv>
                    <Unicode></Unicode>
                </TextEquiv>
            </TextLine>
            <TextEquiv>
                <Unicode></Unicode>
            </TextEquiv>
        </TextRegion>
        <TextRegion orientation="0.0" id="r3" custom="readingOrder {index:2;}">
            <Coords points="192,670 192,820 210,820 210,670"/>
            <TextLine id="r3l1" custom="readingOrder {index:0;}">
                <Coords points="186,810 198,810 208,819 216,817 216,687 208,687 199,680 193,685 186,685"/>
                <Baseline points="192,770 210,770"/>
                <TextEquiv>
                    <Unicode></Unicode>
                </TextEquiv>
            </TextLine>
            <TextEquiv>
                <Unicode></Unicode>
            </TextEquiv>
        </TextRegion>
        <TextRegion orientation="0.0" id="r4" custom="readingOrder {index:3;}">
            <Coords points="206,137 206,2802 1109,2802 1109,137"/>
            <TextLine id="r4l1" custom="readingOrder {index:0;} person {offset:0; length:19;}">
                <Coords points="222,166 315,211 432,177 846,191 980,230 1047,286 1053,167 795,67 677,128 556,76 415,87 335,57 226,80"/>
                <Baseline points="227,185 267,183 308,183 349,181 390,179 431,177 471,176 512,173 553,172 594,171 635,171 675,171 716,173 757,175 798,180 839,186 879,193 920,203 961,214 1002,229 1043,246"/>
                <TextEquiv>
                    <Unicode>Hannns Jacob Berlin</Unicode>
                </TextEquiv>
            </TextLine>
            <TextLine id="r4l2" custom="readingOrder {index:1;} place {offset:15; length:9;}">
                <Coords points="240,292 369,274 428,308 502,253 584,239 669,276 714,246 787,282 855,263 1029,304 1005,255 699,178 637,215 568,193 511,227 426,192 350,225 304,202 242,236"/>
                <Baseline points="248,255 286,255 325,254 364,253 403,251 441,249 480,248 519,246 558,245 596,245 635,243 674,245 713,245 751,248 790,251 829,255 868,261 906,269 945,277 984,288 1023,300"/>
                <TextEquiv>
                    <Unicode>von Stampt, uß Vnderwelt</Unicode>
                </TextEquiv>
            </TextLine>
            <TextLine id="r4l3" custom="readingOrder {index:2;}">
                <Coords points="528,341 551,346 589,329 606,341 704,340 764,372 791,366 809,384 842,381 867,375 875,276 829,304 792,290 759,297 714,250 675,279 600,259 581,239 552,257 535,252"/>
                <Baseline points="537,305 562,307 587,309 612,311 637,313 662,314 687,315 713,318 738,319 763,321 788,324 813,327 838,331 864,335"/>
                <TextEquiv>
                    <Unicode>Potig.</Unicode>
                </TextEquiv>
            </TextLine>
            <TextLine id="r4l4" custom="readingOrder {index:3;}">
                <Coords points="224,554 359,572 452,541 504,563 666,543 711,587 763,549 847,547 1040,612 1033,501 916,480 855,524 649,477 398,482 287,423 229,435"/>
                <Baseline points="231,537 271,539 311,540 351,540 391,540 432,540 472,539 512,538 552,537 592,536 633,536 673,536 713,537 753,540 793,542 834,547 874,552 914,559 954,568 994,579 1035,591"/>
                <TextEquiv>
                    <Unicode>Uff Widtwuchen den 14. may diß 162</Unicode>
                </TextEquiv>
            </TextLine>
            <TextLine id="r4l5" custom="readingOrder {index:4;}">
                <Coords points="223,644 280,613 380,641 428,610 480,632 626,610 1011,663 1013,592 965,571 897,567 833,604 650,563 544,581 494,559 451,584 392,553 300,594 226,574"/>
                <Baseline points="231,614 269,612 308,612 347,611 385,610 424,609 463,609 501,608 540,608 579,608 618,609 656,609 695,611 734,614 772,617 811,620 850,624 888,628 927,633 966,640 1005,648"/>
                <TextEquiv>
                    <Unicode>Inn bysyn anhören unnd gegenwürtigkeit,</Unicode>
                </TextEquiv>
            </TextLine>
            <TextLine id="r4l6" custom="readingOrder {index:5;} person {offset:24; length:14;}">
                <Coords points="204,710 281,749 421,686 571,713 662,676 829,718 880,694 987,720 988,648 880,667 610,620 523,655 422,619 205,645"/>
                <Baseline points="210,692 248,690 287,688 325,686 364,684 402,683 441,681 479,680 518,680 556,678 595,678 634,679 672,680 711,681 749,683 788,686 826,689 865,693 903,697 942,703 981,710"/>
                <TextEquiv>
                    <Unicode>deß ehrenuesten etc. Hr Berth Fischers deß</Unicode>
                </TextEquiv>
            </TextLine>
            <TextLine id="r4l7" custom="readingOrder {index:6;} person {offset:13; length:19;}">
                <Coords points="219,771 634,764 706,808 756,768 799,791 829,769 971,801 1000,784 979,721 789,733 673,685 573,712 427,695 314,750 219,719"/>
                <Baseline points="225,768 263,767 301,765 340,764 378,762 417,761 455,760 493,759 532,758 570,758 609,756 647,756 685,758 724,758 762,759 801,762 839,764 877,767 916,772 954,776 993,782"/>
                <TextEquiv>
                    <Unicode>kleinen Rath ielacs kilchbergers ders</Unicode>
                </TextEquiv>
            </TextLine>
            <TextLine id="r4l8" custom="readingOrder {index:7;} person {offset:2; length:12;} person {offset:29; length:7; continued:true;}">
                <Coords points="203,862 306,848 363,893 474,840 646,828 731,858 814,834 993,861 1002,801 860,781 705,809 647,773 592,807 516,771 454,807 361,761 203,813"/>
                <Baseline points="210,840 249,840 288,840 327,839 367,837 406,836 445,834 485,833 524,831 563,831 603,830 642,829 681,828 720,828 760,829 799,830 838,832 878,835 917,839 956,842 996,848"/>
                <TextEquiv>
                    <Unicode>. Grafenriedts der Burgeren, Nishals</Unicode>
                </TextEquiv>
            </TextLine>
            <TextLine id="r4l9" custom="readingOrder {index:8;} person {offset:0; length:12; continued:true;}">
                <Coords points="225,921 542,907 718,932 845,905 1039,948 1039,893 908,858 688,870 541,837 356,893 226,857"/>
                <Baseline points="231,906 271,908 311,909 351,909 391,909 431,908 471,907 511,905 551,905 591,903 631,902 671,900 711,900 751,900 791,902 831,903 871,907 911,911 951,916 991,922 1032,930"/>
                <TextEquiv>
                    <Unicode>kilchbergers großweibels und etlicher mih</Unicode>
                </TextEquiv>
            </TextLine>
            <TextLine id="r4l10" custom="readingOrder {index:9;}">
                <Coords points="234,989 345,981 411,1021 623,979 1008,1015 1009,970 936,968 836,912 770,941 548,912 505,943 234,949"/>
                <Baseline points="240,980 278,980 316,980 354,980 392,980 430,978 468,978 506,977 544,977 582,975 621,975 659,975 697,975 735,975 773,977 811,978 849,980 887,983 925,987 963,991 1002,996"/>
                <TextEquiv>
                    <Unicode>len in g herren und oberen Dieneren</Unicode>
                </TextEquiv>
            </TextLine>
            <TextLine id="r4l11" custom="readingOrder {index:10;}">
                <Coords points="201,1155 225,1153 247,1140 269,1152 299,1124 318,1117 330,1119 328,1045 315,1046 294,1059 247,1039 242,1042 230,1034 221,1037 197,1029"/>
                <Baseline points="206,1100 235,1101 265,1099 294,1097 324,1098"/>
                <TextEquiv>
                    <Unicode>Hadt</Unicode>
                </TextEquiv>
            </TextLine>
            <TextLine id="r4l12" custom="readingOrder {index:11;} person {offset:0; length:14;}">
                <Coords points="715,1122 804,1109 833,1126 850,1113 921,1120 946,1108 1028,1142 1043,1135 1047,1074 916,1059 885,1069 837,1038 811,1048 747,1014 720,1025"/>
                <Baseline points="722,1101 748,1102 774,1103 801,1104 827,1104 853,1104 880,1104 906,1106 932,1108 959,1110 985,1113 1011,1118 1038,1124"/>
                <TextEquiv>
                    <Unicode>Hans Jacob Bün,</Unicode>
                </TextEquiv>
            </TextLine>
            <TextLine id="r4l13" custom="readingOrder {index:12;} person {offset:0; length:4; continued:true;}">
                <Coords points="431,1134 448,1129 474,1141 501,1123 528,1136 542,1127 572,1137 583,1128 602,1140 602,1042 591,1039 574,1053 546,1053 534,1064 514,1063 482,1086 468,1082 455,1093 431,1089"/>
                <Baseline points="437,1122 463,1125 490,1125 516,1125 543,1124 569,1124 596,1125"/>
                <TextEquiv>
                    <Unicode>Meūe</Unicode>
                </TextEquiv>
            </TextLine>
            <TextLine id="r4l14" custom="readingOrder {index:13;} person {offset:0; length:7; continued:true;}">
                <Coords points="221,1194 373,1172 475,1227 541,1183 576,1214 689,1173 816,1176 1032,1224 1045,1145 729,1143 660,1099 601,1145 357,1124 222,1154"/>
                <Baseline points="228,1170 268,1171 309,1172 349,1172 390,1172 430,1172 471,1172 511,1170 552,1170 592,1170 633,1170 673,1170 714,1170 754,1170 795,1172 835,1175 876,1177 916,1181 957,1185 997,1191 1038,1197"/>
                <TextEquiv>
                    <Unicode>llinger vonn ß uß underwalch pürti</Unicode>
                </TextEquiv>
            </TextLine>
            <TextLine id="r4l15" custom="readingOrder {index:14;} place {offset:3; length:6;}">
                <Coords points="225,1301 313,1246 382,1279 452,1249 595,1270 636,1245 701,1276 831,1246 1011,1262 1011,1221 926,1188 847,1219 748,1193 599,1221 535,1186 471,1228 397,1189 225,1203"/>
                <Baseline points="231,1238 269,1240 308,1242 347,1244 385,1244 424,1245 463,1245 501,1244 540,1244 579,1244 618,1242 656,1242 695,1242 734,1241 772,1242 811,1242 850,1242 888,1244 927,1246 966,1248 1005,1251"/>
                <TextEquiv>
                    <Unicode>zu Margli nachvolgende hoche unnd schwere</Unicode>
                </TextEquiv>
            </TextLine>
            <TextLine id="r4l16" custom="readingOrder {index:15;}">
                <Coords points="232,1325 291,1347 354,1319 533,1341 678,1314 1044,1337 1044,1306 979,1262 946,1280 895,1254 832,1295 789,1265 726,1296 644,1253 522,1297 458,1252 364,1285 298,1253 232,1301"/>
                <Baseline points="239,1314 278,1315 318,1316 358,1316 398,1316 438,1316 478,1316 518,1316 558,1314 598,1314 638,1313 677,1313 717,1313 757,1313 797,1313 837,1314 877,1314 917,1317 957,1319 997,1323 1037,1326"/>
                <TextEquiv>
                    <Unicode>mißhandtlangen, bekent nd veriechen, vnnd</Unicode>
                </TextEquiv>
            </TextLine>
            <TextLine id="r4l17" custom="readingOrder {index:16;}">
                <Coords points="231,1413 316,1385 568,1392 606,1415 870,1383 1007,1415 1014,1338 916,1347 890,1324 827,1358 618,1339 570,1367 498,1333 231,1363"/>
                <Baseline points="237,1388 275,1388 314,1386 352,1386 391,1385 429,1385 468,1385 506,1383 545,1383 583,1383 622,1383 661,1383 699,1383 738,1383 776,1383 815,1383 853,1385 892,1385 930,1386 969,1389 1008,1391"/>
                <TextEquiv>
                    <Unicode>mit der marter erhalten unnd bestetiget.</Unicode>
                </TextEquiv>
            </TextLine>
            <TextLine id="r4l18" custom="readingOrder {index:17;}">
                <Coords points="240,1566 335,1552 411,1597 452,1566 625,1553 730,1572 767,1547 824,1592 884,1563 1054,1566 1055,1499 930,1511 844,1483 766,1524 608,1503 553,1526 429,1474 349,1504 242,1445"/>
                <Baseline points="246,1550 286,1548 326,1547 366,1547 406,1545 446,1545 486,1545 526,1545 566,1547 606,1547 646,1547 686,1548 726,1550 766,1550 806,1551 846,1552 886,1553 926,1554 966,1556 1006,1556 1047,1557"/>
                <TextEquiv>
                    <Unicode>Alls erstlichen, nach dem jene syn Stieffenat</Unicode>
                </TextEquiv>
            </TextLine>
            <TextLine id="r4l19" custom="readingOrder {index:18;}">
                <Coords points="246,1651 380,1621 919,1667 982,1635 1047,1644 1048,1598 929,1575 821,1595 763,1555 551,1606 468,1571 414,1598 248,1576"/>
                <Baseline points="254,1617 293,1619 332,1619 372,1620 411,1620 450,1622 490,1622 529,1623 568,1625 608,1625 647,1626 686,1628 726,1628 765,1629 804,1631 844,1631 883,1632 922,1634 962,1634 1001,1635 1041,1635"/>
                <TextEquiv>
                    <Unicode>schlechtlichen Dahenmen trastiert, Ob glyschwol er</Unicode>
                </TextEquiv>
            </TextLine>
            <TextLine id="r4l20" custom="readingOrder {index:19;}">
                <Coords points="220,1706 1053,1737 1053,1678 978,1654 930,1679 888,1648 724,1667 622,1641 516,1670 381,1620 312,1676 221,1651"/>
                <Baseline points="227,1692 268,1694 309,1695 350,1697 391,1698 432,1698 473,1700 514,1700 555,1701 596,1701 637,1703 678,1703 719,1703 760,1703 801,1704 842,1704 883,1704 924,1704 965,1704 1006,1704 1047,1704"/>
                <TextEquiv>
                    <Unicode>vermeint, nit allein dem Vadter, sonder auch hra</Unicode>
                </TextEquiv>
            </TextLine>
            <TextLine id="r4l21" custom="readingOrder {index:20;}">
                <Coords points="249,1810 338,1802 369,1773 498,1827 564,1787 679,1811 1053,1779 1053,1745 1006,1719 949,1757 908,1727 860,1758 789,1718 681,1714 609,1755 520,1718 412,1741 341,1699 249,1745"/>
                <Baseline points="255,1766 294,1767 334,1769 373,1770 413,1772 453,1773 492,1775 532,1776 571,1778 611,1778 651,1779 690,1779 730,1779 769,1779 809,1779 849,1778 888,1778 928,1776 967,1773 1007,1771 1047,1769"/>
                <TextEquiv>
                    <Unicode>gaugsamme ghorsamme geleistet zu haben hemaßen</Unicode>
                </TextEquiv>
            </TextLine>
            <TextLine id="r4l22" custom="readingOrder {index:21;}">
                <Coords points="258,1854 378,1852 422,1882 589,1866 623,1896 910,1850 1069,1866 1069,1802 990,1771 768,1837 638,1799 576,1826 382,1789 341,1815 297,1785 258,1807"/>
                <Baseline points="264,1839 303,1842 343,1845 383,1848 423,1850 463,1851 503,1853 543,1853 583,1854 623,1854 663,1854 702,1854 742,1853 782,1853 822,1853 862,1851 902,1851 942,1851 982,1850 1022,1850 1062,1850"/>
                <TextEquiv>
                    <Unicode>er verursachet worden, sich ungnar vor 6 wuchen</Unicode>
                </TextEquiv>
            </TextLine>
            <TextLine id="r4l23" custom="readingOrder {index:22;}">
                <Coords points="231,1922 358,1982 450,1942 529,1966 573,1934 806,1933 862,1973 927,1930 965,1950 1066,1924 1066,1868 995,1853 924,1893 861,1865 744,1911 696,1877 626,1899 589,1866 545,1893 470,1864 353,1864 285,1902 231,1883"/>
                <Baseline points="237,1916 278,1919 319,1920 360,1922 401,1923 442,1925 483,1926 524,1928 565,1929 606,1929 648,1931 689,1931 730,1931 771,1931 812,1931 853,1930 894,1929 935,1928 976,1926 1017,1924 1059,1920"/>
                <TextEquiv>
                    <Unicode>von huß gelaßen unnd eintweders synem tefen</Unicode>
                </TextEquiv>
            </TextLine>
            <TextLine id="r4l24" custom="readingOrder {index:23;}">
                <Coords points="249,2022 293,2001 435,2040 898,2014 1026,2036 1079,2027 1080,1948 1025,1932 908,1987 835,1947 781,1985 716,1967 665,1999 450,1943 368,1986 250,1951"/>
                <Baseline points="255,1995 295,1998 336,2000 377,2002 418,2004 459,2006 500,2007 541,2010 582,2010 623,2012 664,2013 704,2013 745,2013 786,2013 827,2013 868,2013 909,2012 950,2010 991,2009 1032,2006 1073,2004"/>
                <TextEquiv>
                    <Unicode>handtwerck oder dem allmußen nachzegehen,</Unicode>
                </TextEquiv>
            </TextLine>
            <TextLine id="r4l25" custom="readingOrder {index:24;} place {offset:15; length:8;} place {offset:24; length:16;}">
                <Coords points="234,2092 407,2091 453,2121 535,2092 690,2134 858,2098 903,2126 1095,2094 1096,2035 994,2034 935,2071 835,2034 434,2073 234,2051"/>
                <Baseline points="240,2075 282,2078 324,2081 367,2084 409,2085 452,2088 494,2090 537,2093 579,2093 622,2094 664,2096 706,2096 749,2096 791,2096 834,2095 876,2094 919,2092 961,2090 1004,2087 1046,2083 1089,2079"/>
                <TextEquiv>
                    <Unicode>wie er nun gan Wolhusen Lueerner gepiets kommen</Unicode>
                </TextEquiv>
            </TextLine>
            <TextLine id="r4l26" custom="readingOrder {index:25;} person {offset:22; length:6;}">
                <Coords points="229,2177 333,2157 500,2203 536,2172 829,2204 1055,2160 1056,2113 985,2108 939,2140 861,2099 765,2146 646,2106 568,2129 508,2103 412,2144 229,2114"/>
                <Baseline points="236,2151 276,2154 317,2157 357,2159 398,2162 439,2164 479,2166 520,2169 561,2171 601,2171 642,2172 683,2174 723,2174 764,2172 805,2172 845,2170 886,2167 927,2164 967,2160 1008,2155 1049,2150"/>
                <TextEquiv>
                    <Unicode>habe er einen so sich Joseph genamset unnd alle</Unicode>
                </TextEquiv>
            </TextLine>
            <TextLine id="r4l27" custom="readingOrder {index:26;}">
                <Coords points="224,2249 322,2244 386,2295 528,2253 610,2287 673,2255 786,2274 921,2246 1033,2296 1081,2275 1081,2187 1044,2172 990,2210 958,2195 918,2223 880,2196 835,2228 728,2205 629,2236 536,2173 461,2211 330,2173 224,2205"/>
                <Baseline points="230,2229 272,2233 314,2235 356,2239 398,2241 441,2244 483,2246 525,2247 567,2249 609,2250 652,2250 694,2250 736,2250 778,2249 820,2248 863,2246 905,2243 947,2240 989,2236 1031,2231 1074,2226"/>
                <TextEquiv>
                    <Unicode>würtig seye, deßen zunammen ime unbewüsten,</Unicode>
                </TextEquiv>
            </TextLine>
            <TextLine id="r4l28" custom="readingOrder {index:27;}">
                <Coords points="238,2333 364,2316 459,2377 509,2342 610,2335 924,2353 1084,2325 1113,2266 1035,2297 936,2271 901,2304 838,2278 637,2314 535,2263 501,2289 423,2265 389,2297 344,2252 239,2278"/>
                <Baseline points="245,2301 288,2306 331,2310 374,2315 417,2318 460,2322 503,2324 546,2327 589,2328 632,2330 675,2331 718,2331 761,2331 804,2330 847,2328 890,2325 933,2323 976,2318 1019,2313 1062,2308 1106,2301"/>
                <TextEquiv>
                    <Unicode>angetroffen, der inne angereit, wohin erwellen</Unicode>
                </TextEquiv>
            </TextLine>
            <TextLine id="r4l29" custom="readingOrder {index:28;}">
                <Coords points="218,2402 399,2431 824,2414 857,2439 1101,2386 1101,2327 907,2381 794,2342 750,2374 680,2347 620,2384 497,2354 431,2378 359,2333 218,2368"/>
                <Baseline points="225,2388 268,2390 312,2391 355,2394 399,2396 442,2399 486,2401 529,2403 573,2406 616,2408 660,2409 703,2409 747,2409 790,2409 834,2407 877,2405 921,2401 964,2396 1008,2390 1051,2382 1095,2373"/>
                <TextEquiv>
                    <Unicode>er gefangne imme geantwortet, er welle umb</Unicode>
                </TextEquiv>
            </TextLine>
            <TextLine id="r4l30" custom="readingOrder {index:29;}">
                <Coords points="228,2472 516,2523 570,2488 617,2522 721,2498 818,2525 871,2490 930,2512 1116,2469 1116,2416 875,2450 752,2424 703,2462 534,2422 228,2448"/>
                <Baseline points="234,2466 277,2468 321,2470 365,2472 409,2475 452,2477 496,2481 540,2483 584,2485 627,2487 671,2489 715,2490 759,2490 802,2489 846,2488 890,2485 934,2482 977,2477 1021,2471 1065,2463 1109,2454"/>
                <TextEquiv>
                    <Unicode>einen Mr Lugen, der Ime Zueßen gebe, odee</Unicode>
                </TextEquiv>
            </TextLine>
            <TextLine id="r4l31" custom="readingOrder {index:30;}">
                <Coords points="206,2563 827,2608 890,2568 1078,2565 1104,2491 988,2534 957,2511 662,2532 568,2487 503,2528 206,2502"/>
                <Baseline points="212,2546 256,2547 300,2549 344,2551 389,2554 433,2556 477,2559 522,2563 566,2566 610,2568 655,2571 699,2573 743,2573 787,2573 832,2571 876,2569 920,2565 965,2561 1009,2553 1053,2544 1098,2532"/>
                <TextEquiv>
                    <Unicode>dem heiligen almußen nachzucht, darüber gedacht</Unicode>
                </TextEquiv>
            </TextLine>
            <TextLine id="r4l32" custom="readingOrder {index:31;}">
                <Coords points="205,2676 276,2682 317,2648 422,2688 536,2637 759,2687 1076,2634 1077,2555 999,2611 898,2580 801,2622 752,2587 621,2623 508,2575 418,2612 205,2582"/>
                <Baseline points="212,2621 254,2622 297,2625 340,2628 383,2631 426,2634 469,2637 512,2639 555,2642 598,2643 641,2646 683,2646 726,2648 769,2646 812,2646 855,2643 898,2640 941,2636 984,2630 1027,2622 1070,2613"/>
                <TextEquiv>
                    <Unicode>Ihars ime wider vermeldet, er solle nur nit</Unicode>
                </TextEquiv>
            </TextLine>
            <TextLine id="r4l33" custom="readingOrder {index:32;}">
                <Coords points="221,2707 438,2740 597,2716 665,2750 776,2720 1059,2715 1059,2651 925,2686 855,2655 755,2701 626,2667 556,2692 359,2686 314,2650 221,2671"/>
                <Baseline points="227,2688 268,2691 309,2695 350,2698 392,2703 433,2705 474,2709 516,2712 557,2715 598,2717 640,2719 681,2720 722,2720 763,2718 805,2717 846,2714 887,2711 929,2706 970,2698 1011,2690 1053,2681"/>
                <TextEquiv>
                    <Unicode>mie komen, er wolle Ime wol vmb einen</Unicode>
                </TextEquiv>
            </TextLine>
            <TextLine id="r4l34" custom="readingOrder {index:33;}">
                <Coords points="920,2807 937,2799 942,2802 951,2792 959,2794 984,2780 997,2785 1002,2780 1010,2785 1022,2776 1009,2718 992,2718 974,2728 959,2724 952,2733 946,2731 940,2737 932,2734 925,2741 919,2737 905,2741"/>
                <Baseline points="921,2784 951,2780 982,2771 1013,2765"/>
                <TextEquiv>
                    <Unicode>n</Unicode>
                </TextEquiv>
            </TextLine>
            <TextEquiv>
                <Unicode>Hannns Jacob Berlin
von Stampt, uß Vnderwelt
Potig.
Uff Widtwuchen den 14. may diß 162
Inn bysyn anhören unnd gegenwürtigkeit,
deß ehrenuesten etc. Hr Berth Fischers deß
kleinen Rath ielacs kilchbergers ders
. Grafenriedts der Burgeren, Nishals
kilchbergers großweibels und etlicher mih
len in g herren und oberen Dieneren
Hadt
Hans Jacob Bün,
Meūe
llinger vonn ß uß underwalch pürti
zu Margli nachvolgende hoche unnd schwere
mißhandtlangen, bekent nd veriechen, vnnd
mit der marter erhalten unnd bestetiget.
Alls erstlichen, nach dem jene syn Stieffenat
schlechtlichen Dahenmen trastiert, Ob glyschwol er
vermeint, nit allein dem Vadter, sonder auch hra
gaugsamme ghorsamme geleistet zu haben hemaßen
er verursachet worden, sich ungnar vor 6 wuchen
von huß gelaßen unnd eintweders synem tefen
handtwerck oder dem allmußen nachzegehen,
wie er nun gan Wolhusen Lueerner gepiets kommen
habe er einen so sich Joseph genamset unnd alle
würtig seye, deßen zunammen ime unbewüsten,
angetroffen, der inne angereit, wohin erwellen
er gefangne imme geantwortet, er welle umb
einen Mr Lugen, der Ime Zueßen gebe, odee
dem heiligen almußen nachzucht, darüber gedacht
Ihars ime wider vermeldet, er solle nur nit
mie komen, er wolle Ime wol vmb einen
n</Unicode>
            </TextEquiv>
        </TextRegion>
        <TextRegion orientation="0.0" id="r5" custom="readingOrder {index:4;}">
            <Coords points="1119,32 1119,2619 2231,2619 2231,32"/>
            <TextLine id="r5l1" custom="readingOrder {index:0;}">
                <Coords points="1116,211 1289,167 1342,114 1602,85 1708,109 1778,73 1858,96 1909,66 1975,75 1981,33 1871,-13 1751,21 1707,-6 1635,32 1569,6 1386,59 1328,41 1194,109 1105,114"/>
                <Baseline points="1119,180 1162,162 1205,147 1248,134 1291,122 1334,112 1377,104 1420,97 1463,90 1506,86 1549,81 1592,78 1635,76 1678,74 1721,72 1764,71 1807,69 1850,68 1893,68 1936,66 1979,65"/>
                <TextEquiv>
                    <Unicode>rich gys unnd trenk verhelfen, deßen er</Unicode>
                </TextEquiv>
            </TextLine>
            <TextLine id="r5l2" custom="readingOrder {index:1;}">
                <Coords points="1125,274 1248,205 1406,170 1588,185 1688,152 1830,184 1858,153 1989,140 1983,89 1909,66 1882,98 1768,85 1716,116 1596,89 1465,106 1332,128 1119,220"/>
                <Baseline points="1128,249 1170,232 1213,217 1256,203 1298,192 1341,182 1384,173 1426,165 1469,160 1512,155 1555,152 1597,147 1640,145 1683,143 1725,141 1768,140 1811,138 1853,137 1896,135 1939,134 1982,132"/>
                <TextEquiv>
                    <Unicode>gewel consent vnnd zeheiden gsin seye, da¬</Unicode>
                </TextEquiv>
            </TextLine>
            <TextLine id="r5l3" custom="readingOrder {index:2;}">
                <Coords points="1132,324 1237,275 1326,284 1514,229 1625,223 1663,252 1824,207 2015,228 2009,172 1887,147 1811,187 1560,173 1500,208 1366,183 1128,280"/>
                <Baseline points="1137,312 1180,294 1223,279 1267,267 1310,256 1354,246 1397,239 1441,231 1484,226 1528,221 1571,218 1614,215 1658,213 1701,211 1745,210 1788,209 1832,209 1875,207 1919,207 1962,206 2006,206"/>
                <TextEquiv>
                    <Unicode>auff beidersythe miteinanderen wider nacher uns</Unicode>
                </TextEquiv>
            </TextLine>
            <TextLine id="r5l4" custom="readingOrder {index:3;} place {offset:0; length:9;}">
                <Coords points="1121,390 1528,298 1889,274 1965,317 2014,296 2007,226 1465,250 1432,278 1240,293 1118,358"/>
                <Baseline points="1127,384 1173,365 1219,350 1265,336 1312,325 1358,313 1404,306 1450,299 1497,294 1543,290 1589,287 1635,285 1682,282 1728,282 1774,281 1820,281 1867,281 1913,280 1959,279 2006,279"/>
                <TextEquiv>
                    <Unicode>erwwalden gezogen unnd in einen Maldt, so sich</Unicode>
                </TextEquiv>
            </TextLine>
            <TextLine id="r5l5" custom="readingOrder {index:4;} place {offset:4; length:10;}">
                <Coords points="1129,466 1382,376 1985,361 1988,312 1890,274 1832,327 1553,297 1462,343 1269,358 1123,412"/>
                <Baseline points="1134,450 1176,432 1219,416 1261,402 1304,391 1346,381 1389,373 1431,368 1474,362 1516,359 1559,356 1602,354 1644,353 1687,351 1729,350 1772,350 1814,348 1857,348 1899,346 1942,344 1985,341"/>
                <TextEquiv>
                    <Unicode>der ober maldt namse kommen, alda einen knaben</Unicode>
                </TextEquiv>
            </TextLine>
            <TextLine id="r5l6" custom="readingOrder {index:5;}">
                <Coords points="1135,527 1190,532 1228,489 1400,445 1540,483 1598,437 1708,434 1771,473 1816,432 1851,450 1926,421 1989,455 2015,445 2007,359 1868,388 1785,350 1598,410 1548,381 1338,428 1282,413 1132,492"/>
                <Baseline points="1140,518 1183,498 1226,483 1269,469 1313,458 1356,449 1399,442 1443,436 1486,432 1529,428 1573,426 1616,425 1659,425 1702,425 1746,423 1789,423 1832,423 1876,422 1919,420 1962,417 2006,413"/>
                <TextEquiv>
                    <Unicode>ngetroffen, wollichen syn gshan zoser), mit syn</Unicode>
                </TextEquiv>
            </TextLine>
            <TextLine id="r5l7" custom="readingOrder {index:6;}">
                <Coords points="1146,578 1471,507 1612,538 1687,494 1815,531 1861,493 1903,519 2043,487 2038,430 1994,463 1835,441 1691,474 1600,437 1546,483 1498,456 1395,491 1269,485 1143,543"/>
                <Baseline points="1152,573 1196,557 1240,543 1284,532 1328,522 1373,514 1417,509 1461,504 1505,500 1549,497 1594,495 1638,494 1682,494 1726,492 1770,492 1815,491 1859,491 1903,488 1947,486 1991,483 2036,479"/>
                <TextEquiv>
                    <Unicode>nem bysich habenden kmistel indergeschlagen unnd</Unicode>
                </TextEquiv>
            </TextLine>
            <TextLine id="r5l8" custom="readingOrder {index:7;}">
                <Coords points="1146,651 1248,621 1297,642 1366,602 1429,618 1459,588 1527,607 1555,576 2040,572 2036,519 1999,510 1874,512 1830,546 1736,522 1661,556 1521,513 1374,571 1291,552 1142,592"/>
                <Baseline points="1152,641 1196,626 1240,616 1284,605 1328,598 1372,591 1416,584 1460,581 1504,576 1548,573 1592,572 1636,570 1680,569 1724,567 1768,567 1812,566 1856,566 1900,564 1944,563 1988,561 2033,560"/>
                <TextEquiv>
                    <Unicode>allso inn synem bywesen jemerlich ermurdt, et</Unicode>
                </TextEquiv>
            </TextLine>
            <TextLine id="r5l9" custom="readingOrder {index:8;} person {offset:36; length:6;}">
                <Coords points="1147,711 1353,681 1482,708 1534,660 1578,684 1771,644 1859,691 1940,642 2053,658 2050,603 1880,567 1668,611 1480,593 1145,676"/>
                <Baseline points="1152,704 1196,692 1241,682 1285,673 1330,666 1375,660 1419,655 1464,650 1509,647 1553,644 1598,642 1643,641 1687,640 1732,639 1777,639 1821,639 1866,639 1911,639 1955,638 2000,638 2045,636"/>
                <TextEquiv>
                    <Unicode>was gelts by ime funden, syn yspann Joseyh aber,</Unicode>
                </TextEquiv>
            </TextLine>
            <TextLine id="r5l10" custom="readingOrder {index:9;}">
                <Coords points="1155,811 1265,755 1474,724 1663,754 1816,710 1948,761 2010,719 2061,726 2058,670 1941,640 1854,693 1528,665 1485,707 1148,712"/>
                <Baseline points="1158,770 1202,760 1247,752 1292,743 1337,737 1382,731 1426,726 1471,723 1516,718 1561,716 1606,713 1650,711 1695,710 1740,708 1785,707 1830,707 1874,706 1919,705 1964,705 2009,705 2054,705"/>
                <TextEquiv>
                    <Unicode>selbiges alles genomen unnd imme allem 4 ß. da</Unicode>
                </TextEquiv>
            </TextLine>
            <TextLine id="r5l11" custom="readingOrder {index:10;}">
                <Coords points="1160,852 1194,854 1233,825 1355,872 1407,841 1432,841 1420,757 1389,747 1359,770 1314,762 1251,797 1226,790 1192,819 1156,821"/>
                <Baseline points="1164,840 1189,834 1215,829 1241,823 1266,819 1292,814 1318,811 1343,808 1369,807 1395,807 1421,809"/>
                <TextEquiv>
                    <Unicode>von werden laßen.</Unicode>
                </TextEquiv>
            </TextLine>
            <TextLine id="r5l12" custom="readingOrder {index:11;} place {offset:33; length:12;}">
                <Coords points="1154,1002 1325,960 1427,980 1465,949 1720,972 1814,938 2051,943 2076,939 2074,883 1938,917 1855,885 1611,921 1480,889 1441,920 1376,884 1314,932 1255,914 1196,953 1150,924"/>
                <Baseline points="1160,986 1205,976 1250,968 1296,962 1341,956 1387,951 1432,948 1478,944 1523,942 1569,941 1614,939 1659,939 1705,938 1750,938 1796,938 1841,938 1887,936 1932,936 1978,935 2023,933 2069,932"/>
                <TextEquiv>
                    <Unicode>Im anderen tag nun jnn gedachtem oberen waldt</Unicode>
                </TextEquiv>
            </TextLine>
            <TextLine id="r5l13" custom="readingOrder {index:12;}">
                <Coords points="1173,1090 1390,1028 1514,1020 1558,1052 1619,1019 2040,1014 2043,949 1931,947 1842,991 1690,958 1633,987 1404,976 1361,1007 1277,971 1170,1020"/>
                <Baseline points="1178,1052 1221,1044 1264,1038 1307,1032 1350,1027 1393,1024 1436,1020 1479,1017 1522,1016 1565,1014 1608,1013 1651,1013 1694,1011 1737,1011 1780,1010 1823,1010 1866,1010 1909,1008 1952,1007 1995,1005 2039,1004"/>
                <TextEquiv>
                    <Unicode>habint sy beidt und erschidenlich uff der gtraß2</Unicode>
                </TextEquiv>
            </TextLine>
            <TextLine id="r5l14" custom="readingOrder {index:13;}">
                <Coords points="1173,1137 1303,1112 1380,1132 1423,1101 1537,1135 1622,1104 1678,1133 1840,1078 1907,1104 2070,1072 2068,1041 1992,1013 1902,1052 1859,1022 1543,1062 1423,1044 1304,1096 1248,1071 1171,1093"/>
                <Baseline points="1178,1121 1222,1115 1266,1110 1310,1106 1355,1103 1399,1098 1443,1096 1487,1093 1532,1091 1576,1088 1620,1086 1664,1083 1709,1082 1753,1079 1797,1078 1841,1077 1886,1074 1930,1073 1974,1071 2018,1069 2063,1067"/>
                <TextEquiv>
                    <Unicode>knaben angetroffen, die sy ouch nidergeschlagen</Unicode>
                </TextEquiv>
            </TextLine>
            <TextLine id="r5l15" custom="readingOrder {index:14;}">
                <Coords points="1160,1203 1306,1181 1393,1208 1535,1173 1730,1193 1754,1169 1932,1192 2039,1148 1933,1080 1747,1133 1573,1121 1448,1153 1406,1124 1158,1153"/>
                <Baseline points="1166,1193 1209,1189 1252,1184 1296,1181 1339,1178 1382,1175 1426,1173 1469,1170 1512,1167 1556,1166 1599,1164 1642,1162 1686,1160 1729,1159 1772,1157 1816,1155 1859,1154 1902,1153 1946,1151 1989,1149 2033,1148"/>
                <TextEquiv>
                    <Unicode>unnd zemmerlich ermürdt habindt, das by sich geharte</Unicode>
                </TextEquiv>
            </TextLine>
            <TextLine id="r5l16" custom="readingOrder {index:15;} person {offset:20; length:6;}">
                <Coords points="1174,1313 1231,1286 1422,1280 1487,1247 1596,1297 1724,1241 1778,1260 1956,1237 1953,1189 1782,1211 1536,1174 1390,1222 1254,1197 1169,1229"/>
                <Baseline points="1178,1265 1216,1261 1255,1259 1293,1256 1332,1254 1370,1251 1409,1248 1447,1247 1486,1245 1524,1244 1563,1242 1602,1240 1640,1238 1679,1236 1717,1235 1756,1233 1794,1232 1833,1229 1871,1227 1910,1225 1949,1223"/>
                <TextEquiv>
                    <Unicode>gelt habe syn gspan Joseph alles genommen,</Unicode>
                </TextEquiv>
            </TextLine>
            <TextLine id="r5l17" custom="readingOrder {index:16;}">
                <Coords points="1168,1434 1728,1404 1790,1448 1867,1399 1957,1434 2030,1388 2081,1400 2080,1354 1991,1322 1558,1383 1433,1352 1359,1294 1280,1355 1166,1327"/>
                <Baseline points="1173,1401 1218,1401 1263,1403 1308,1403 1353,1403 1398,1403 1443,1401 1488,1401 1533,1400 1578,1399 1624,1398 1669,1397 1714,1395 1759,1394 1804,1392 1849,1391 1894,1390 1939,1389 1984,1388 2029,1386 2075,1385"/>
                <TextEquiv>
                    <Unicode>Nach dryeg tagl darnach, hab int sy beidersyths in</Unicode>
                </TextEquiv>
            </TextLine>
            <TextLine id="r5l18" custom="readingOrder {index:17;}">
                <Coords points="1166,1509 1968,1463 2100,1504 2102,1419 2031,1389 1907,1441 1631,1422 1164,1451"/>
                <Baseline points="1172,1481 1218,1481 1264,1479 1310,1478 1356,1476 1403,1476 1449,1473 1495,1473 1541,1471 1587,1469 1634,1469 1680,1467 1726,1465 1772,1464 1818,1463 1865,1461 1911,1460 1957,1460 2003,1458 2049,1457 2096,1455"/>
                <TextEquiv>
                    <Unicode>vermeltem oberen maldt, abermalen einen traben</Unicode>
                </TextEquiv>
            </TextLine>
            <TextLine id="r5l19" custom="readingOrder {index:18;}">
                <Coords points="1155,1595 1519,1545 2139,1552 2136,1460 2085,1496 1924,1472 1885,1506 1730,1467 1654,1517 1578,1490 1490,1525 1271,1486 1153,1540"/>
                <Baseline points="1160,1553 1208,1553 1257,1552 1305,1551 1354,1550 1403,1547 1451,1545 1500,1544 1548,1541 1597,1539 1646,1537 1694,1535 1743,1533 1791,1531 1840,1530 1889,1528 1937,1526 1986,1526 2034,1524 2083,1524 2132,1524"/>
                <TextEquiv>
                    <Unicode>angetroffen, den mit hren küütlen nidergeschlagen</Unicode>
                </TextEquiv>
            </TextLine>
            <TextLine id="r5l20" custom="readingOrder {index:19;}">
                <Coords points="1179,1647 1903,1620 2087,1596 2103,1565 1973,1547 1822,1579 1734,1553 1651,1592 1415,1565 1346,1604 1176,1585"/>
                <Baseline points="1184,1619 1229,1619 1275,1619 1320,1617 1366,1617 1412,1616 1457,1614 1503,1613 1549,1612 1594,1610 1640,1608 1686,1607 1731,1605 1777,1602 1823,1601 1868,1598 1914,1595 1960,1592 2005,1590 2051,1587 2097,1584"/>
                <TextEquiv>
                    <Unicode>vnnd ermürdt, vnnd die einen vnd anderen ab dem</Unicode>
                </TextEquiv>
            </TextLine>
            <TextLine id="r5l21" custom="readingOrder {index:20;}">
                <Coords points="1175,1699 1255,1721 1457,1694 1563,1734 1705,1685 1943,1692 1977,1722 2073,1677 2071,1630 1992,1605 1783,1650 1648,1620 1512,1658 1173,1652"/>
                <Baseline points="1181,1688 1225,1689 1269,1689 1313,1689 1358,1689 1402,1689 1446,1688 1490,1686 1535,1685 1579,1683 1623,1681 1667,1680 1712,1677 1756,1674 1800,1671 1844,1669 1889,1666 1933,1664 1977,1662 2021,1659 2066,1658"/>
                <TextEquiv>
                    <Unicode>weg znn Waldt geschleipft, vnnd alda ligen laßen,</Unicode>
                </TextEquiv>
            </TextLine>
            <TextLine id="r5l22" custom="readingOrder {index:21;}">
                <Coords points="1170,1850 1723,1868 1925,1818 2061,1828 2060,1789 1916,1748 1872,1780 1398,1825 1167,1774"/>
                <Baseline points="1175,1827 1221,1833 1267,1838 1313,1841 1360,1844 1406,1844 1452,1845 1498,1845 1545,1844 1591,1842 1637,1839 1683,1836 1730,1833 1776,1830 1822,1826 1868,1823 1915,1818 1961,1815 2007,1811 2054,1809"/>
                <TextEquiv>
                    <Unicode>Atwas Zyns darnoch, sye er gefangne</Unicode>
                </TextEquiv>
            </TextLine>
            <TextLine id="r5l23" custom="readingOrder {index:22;} person {offset:22; length:6;}">
                <Coords points="1188,1913 1328,1938 1439,1916 1491,1945 1594,1903 1733,1942 1811,1897 2075,1893 2074,1840 1814,1833 1543,1892 1509,1865 1420,1891 1262,1845 1186,1855"/>
                <Baseline points="1193,1892 1236,1898 1280,1904 1324,1908 1368,1911 1412,1913 1455,1914 1499,1914 1543,1913 1587,1912 1631,1910 1674,1907 1718,1904 1762,1901 1806,1898 1850,1894 1893,1891 1937,1887 1981,1884 2025,1881 2069,1880"/>
                <TextEquiv>
                    <Unicode>vnd gedachter s gspan Coseph</Unicode>
                </TextEquiv>
            </TextLine>
            <TextLine id="r5l24" custom="readingOrder {index:23;} place {offset:9; length:8;}">
                <Coords points="1184,1972 1325,2043 1407,2008 1723,2031 1869,1970 1905,1995 2117,1946 2115,1903 1925,1951 1676,1929 1609,1965 1183,1934"/>
                <Baseline points="1190,1965 1236,1973 1282,1978 1328,1982 1374,1985 1420,1988 1466,1988 1512,1988 1558,1988 1604,1986 1650,1984 1696,1982 1742,1979 1788,1975 1834,1971 1880,1968 1926,1964 1972,1959 2018,1956 2064,1952 2111,1949"/>
                <TextEquiv>
                    <Unicode>zwüschen Wolhesen, vnd vndewaldt</Unicode>
                </TextEquiv>
            </TextLine>
            <TextLine id="r5l25" custom="readingOrder {index:24;}">
                <Coords points="1194,2065 1257,2043 1545,2093 1961,2037 2045,2064 2109,2029 2172,2041 2170,1977 2095,1956 2008,2009 1854,1989 1724,2031 1694,2006 1586,2036 1537,2004 1453,2046 1192,2011"/>
                <Baseline points="1199,2037 1247,2046 1295,2052 1343,2057 1392,2060 1440,2063 1488,2063 1537,2062 1585,2061 1633,2058 1682,2055 1730,2052 1778,2048 1826,2044 1875,2040 1923,2037 1971,2034 2020,2031 2068,2029 2116,2028 2165,2028"/>
                <TextEquiv>
                    <Unicode>zu anderen deß Jostrhen Zweien gspanden</Unicode>
                </TextEquiv>
            </TextLine>
            <TextLine id="r5l26" custom="readingOrder {index:25;} person {offset:23; length:5;}">
                <Coords points="1209,2155 1473,2138 1553,2175 1853,2118 1917,2143 2051,2102 2172,2116 2170,2042 2048,2088 1984,2062 1867,2093 1791,2058 1606,2104 1473,2075 1353,2104 1250,2050 1206,2067"/>
                <Baseline points="1214,2115 1261,2122 1309,2129 1356,2133 1404,2135 1452,2136 1499,2138 1547,2136 1594,2135 1642,2133 1690,2130 1737,2127 1785,2122 1832,2120 1880,2115 1928,2111 1975,2109 2023,2106 2070,2103 2118,2102 2166,2100"/>
                <TextEquiv>
                    <Unicode>kommen, die sich beidt Hanns genamset</Unicode>
                </TextEquiv>
            </TextLine>
            <TextLine id="r5l27" custom="readingOrder {index:26;} place {offset:15; length:8;} place {offset:24; length:9;}">
                <Coords points="1202,2217 1555,2239 1635,2204 1825,2223 1905,2190 2200,2188 2188,2079 2103,2126 1801,2126 1586,2194 1503,2147 1412,2194 1200,2155"/>
                <Baseline points="1208,2193 1257,2201 1306,2206 1355,2211 1405,2213 1454,2214 1503,2213 1552,2211 1602,2210 1651,2207 1700,2202 1749,2198 1799,2194 1848,2190 1897,2185 1946,2181 1996,2180 2045,2177 2094,2175 2143,2174 2193,2175"/>
                <TextEquiv>
                    <Unicode>da der eine zu wolhusen dahennenf</Unicode>
                </TextEquiv>
            </TextLine>
            <TextLine id="r5l28" custom="readingOrder {index:27;}">
                <Coords points="1225,2307 1627,2317 2112,2246 2219,2279 2233,2148 2176,2196 1962,2200 1852,2246 1792,2210 1605,2267 1220,2235"/>
                <Baseline points="1229,2268 1279,2275 1329,2280 1379,2285 1429,2287 1479,2288 1529,2287 1579,2285 1629,2282 1679,2279 1730,2274 1780,2270 1830,2264 1880,2259 1930,2253 1980,2247 2030,2242 2080,2238 2130,2234 2180,2231 2231,2228"/>
                <TextEquiv>
                    <Unicode>sol ein Zilige person, mit ohne bart</Unicode>
                </TextEquiv>
            </TextLine>
            <TextLine id="r5l29" custom="readingOrder {index:28;}">
                <Coords points="1220,2345 1575,2373 2181,2314 2180,2286 2102,2259 1949,2297 1743,2287 1671,2327 1592,2300 1496,2334 1339,2294 1219,2313"/>
                <Baseline points="1226,2327 1273,2335 1320,2342 1368,2348 1415,2351 1463,2352 1510,2352 1558,2351 1605,2349 1653,2346 1700,2343 1747,2339 1795,2333 1842,2330 1890,2324 1937,2320 1985,2316 2032,2312 2080,2310 2127,2309 2175,2307"/>
                <TextEquiv>
                    <Unicode>mit einem blaūwen Tanisel In¬</Unicode>
                </TextEquiv>
            </TextLine>
            <TextLine id="r5l30" custom="readingOrder {index:29;}">
                <Coords points="1218,2421 1632,2461 2126,2391 2217,2412 2214,2348 2156,2314 1961,2371 1908,2341 1835,2376 1769,2351 1631,2396 1215,2359"/>
                <Baseline points="1223,2394 1272,2404 1321,2412 1371,2418 1420,2421 1469,2424 1519,2424 1568,2423 1617,2420 1667,2417 1716,2412 1765,2407 1815,2403 1864,2397 1913,2393 1963,2388 2012,2383 2061,2380 2111,2377 2160,2375 2210,2375"/>
                <TextEquiv>
                    <Unicode>Ruth Zeicher gegen der rechten brust</Unicode>
                </TextEquiv>
            </TextLine>
            <TextLine id="r5l31" custom="readingOrder {index:30;}">
                <Coords points="1236,2501 1372,2547 1668,2523 1740,2548 1979,2491 2080,2533 2224,2475 2221,2414 2126,2391 1869,2449 1779,2423 1620,2488 1537,2441 1375,2476 1312,2440 1234,2451"/>
                <Baseline points="1241,2478 1289,2490 1338,2500 1387,2507 1436,2511 1485,2513 1533,2514 1582,2513 1631,2510 1680,2506 1729,2501 1777,2496 1826,2491 1875,2484 1924,2479 1973,2474 2021,2470 2070,2466 2119,2463 2168,2463 2217,2463"/>
                <TextEquiv>
                    <Unicode>mit schwartzen hosen vnd het, vnd</Unicode>
                </TextEquiv>
            </TextLine>
            <TextLine id="r5l32" custom="readingOrder {index:31;}">
                <Coords points="1233,2602 1397,2635 1467,2614 1498,2631 1526,2614 1563,2625 1632,2611 1683,2648 1691,2539 1661,2525 1557,2580 1507,2576 1452,2535 1412,2561 1373,2540 1328,2569 1239,2507"/>
                <Baseline points="1242,2564 1267,2571 1293,2577 1319,2583 1345,2588 1370,2592 1396,2594 1422,2596 1448,2598 1473,2599 1499,2600 1525,2601 1551,2601 1576,2601 1602,2601 1628,2601 1654,2603 1680,2603"/>
                <TextEquiv>
                    <Unicode>Kande strūmpf</Unicode>
                </TextEquiv>
            </TextLine>
            <TextEquiv>
                <Unicode>rich gys unnd trenk verhelfen, deßen er
gewel consent vnnd zeheiden gsin seye, da¬
auff beidersythe miteinanderen wider nacher uns
erwwalden gezogen unnd in einen Maldt, so sich
der ober maldt namse kommen, alda einen knaben
ngetroffen, wollichen syn gshan zoser), mit syn
nem bysich habenden kmistel indergeschlagen unnd
allso inn synem bywesen jemerlich ermurdt, et
was gelts by ime funden, syn yspann Joseyh aber,
selbiges alles genomen unnd imme allem 4 ß. da
von werden laßen.
Im anderen tag nun jnn gedachtem oberen waldt
habint sy beidt und erschidenlich uff der gtraß2
knaben angetroffen, die sy ouch nidergeschlagen
unnd zemmerlich ermürdt habindt, das by sich geharte
gelt habe syn gspan Joseph alles genommen,
Nach dryeg tagl darnach, hab int sy beidersyths in
vermeltem oberen maldt, abermalen einen traben
angetroffen, den mit hren küütlen nidergeschlagen
vnnd ermürdt, vnnd die einen vnd anderen ab dem
weg znn Waldt geschleipft, vnnd alda ligen laßen,
Atwas Zyns darnoch, sye er gefangne
vnd gedachter s gspan Coseph
zwüschen Wolhesen, vnd vndewaldt
zu anderen deß Jostrhen Zweien gspanden
kommen, die sich beidt Hanns genamset
da der eine zu wolhusen dahennenf
sol ein Zilige person, mit ohne bart
mit einem blaūwen Tanisel In¬
Ruth Zeicher gegen der rechten brust
mit schwartzen hosen vnd het, vnd
Kande strūmpf</Unicode>
            </TextEquiv>
        </TextRegion>
    </Page>
</PcGts>
