2428 3228
58 423 84 482 16
58 2044 97 2107 3.
58 1599 99 1651 12
211 79 1090 227 Vernes so habe er, herren benral
221 186 1114 319 stäken, eo etwas zyts ein zeöge
215 261 1080 372 vrl abgenomen, vnd daselbig
166 268 214 337 11
225 331 1092 434 volgents, einem Mpullenkramer
225 389 1063 494 an der Matten, vmb 40 botzenn
171 462 1077 569 verkoufft: weliches er aber Ime herren
207 525 1075 640 bemalen, zalen, vnd gut machen
224 612 399 686 welle
187 696 1077 849 Item mr Hans Im Hof dem meze
193 819 1035 927 by et. pfunden gwichtsteynen, wie
219 877 1013 988 auch einem anderen Metzg, uß
230 947 1020 1067 enem schäfftli (so e mit synem
203 1015 981 1138 schlüssel geöffnet) by 12 lb
201 1095 1024 1228 gwichtsteynen nächtlicher wyl
211 1208 447 1303 genommen.
110 1356 1056 1490 emethie sye nit ohn. Deme das er
196 1430 1040 1564 uß h Cronysens Käller by der kilch
218 1485 1058 1623 so er aber mit dene schlüßel ufgethan.
226 1569 1036 1682 eine frouwen ein stük lyein
220 1630 1026 1748 ein stuk grobs und ein stuk
201 1734 698 1821 Bleyktstuch genomen
871 1789 951 1840 ober
101 1827 1050 1965 Demnach so habe er by dene Vnderen
182 1902 1048 2026 Bräterhüßli naben der Fleyschschol
214 1970 1001 2070 ein blaten mit fleysch, wie auch
234 2064 276 2092 we
205 2034 783 2155 ein bratspis gestolen
154 2138 1067 2289 Aß j Rudolh von Bonstettens casten
211 2238 1034 2374 vor dem hus, 2. mas habe genomen
173 2335 1041 2513 Uß j Joss von Dießbachs casten
204 2401 1044 2554 so er mit synem schlussel ufgethan
198 2481 874 2623 ein mas krusch entzukt.
92 2589 1021 2731 Was aber andere imme fürgehaltne
189 2639 1081 2788 artiere (als ob er Bundeli dem Pfist
180 2705 1022 2855 ein anzal fyer und früschen anken
873 2792 1021 2898 Item
1189 -2 2078 161 dem Dingnompe dem Gurtler
1190 83 2024 231 stliches zin vnd bly genomen
1181 153 2060 321 n dem lüthen über die faßs
1181 232 2067 374 prochen, Vnd ob zun syn bruder
1174 299 1974 468 Hans in solchen sübingen nit
1177 388 2027 548 bygewont) antrafft etc. Wüße
1189 451 2018 617 egantz mit und sye diß ats
1177 555 1477 670 enschuldig.
1157 747 2093 922 Betraffens Hans Rosenhülg
1161 895 2049 1058 at er anders verners vnd Wyters
1190 985 2079 1109 nit bekhent, denn das er uf d Lueyen
1172 1049 2010 1228 tag Eerschien, vß großer Huugers
1184 1124 2058 1268 noth zn mr Hans Jacob Hupschers
1179 1219 2061 1322 vorkället, welchen er hieuor offen
1170 1267 2040 1424 gsächen und funden) ein kleinen
1173 1347 2058 1491 hus und by lb anken, genomen
1165 1413 2079 1561 habe, Vnd wusße von synes buders
1176 1471 2033 1653 begangnen diebstälen, gantz nit
1168 1561 2060 1710 habe ouch keyn gmneynschafft diß orts
1178 1655 1764 1759 niemalen mit imme ghept.
1241 1772 1336 1837 es
1125 1770 2064 1951 as aber jetzund deß erstgeneten
1155 1830 2065 1979 Jacob Rosenfelds husfrow, antrifft
1173 1920 2052 2056 und belanget: wiewol sy auch gnaue
1170 1968 2070 2105 und nach noturfft befragt. Hat sy doch
1178 2042 2048 2171 anders nüzit anzeygen, noch vermald
1155 2096 2038 2238 wollenne, dem das sy leyder, die jenigen
1169 2158 2072 2316 durch ir huswirt entfrombdete käsen
1151 2245 2045 2401 zwar verkouffen halffen. aber auch
1185 2283 2017 2447 mütdesto weniger inne offt und dik
1180 2362 2098 2514 abgemant, mit betroüwen Fhalser
1181 2424 2029 2561 mit dem diebenwärk nit ufhören
1169 2477 2100 2628 vnd dauon ablasen welle: So welle
1181 2559 2060 2707 so inne byh Johans Meyer verclagen
1150 2610 2093 2739 Wie dame er ouch bekhent, das sy inne
1160 2663 2117 2815 in abgemant und er ouch versprochen
1180 2744 1952 2888 sollches nit nyters serüben welle.
1790 2839 2014 2925 vertrt
2089 -95 2175 29 175
2247 76 2328 160 94
