2950 3055
659 30 1529 164 daselbsten, mit zimlicher Mart
695 142 1535 279 umb den Verdacht, und gantza
679 254 1546 353 gwonige Hexerg exammie
701 320 1555 435 und befragt werde, Das ist
718 421 1571 536 uff Mitwuchen den 19. febris
737 503 1574 631 diß 1623 Jars an Ira gepu
730 585 1591 704 rend mosen luth Rhat Zedele
785 677 1593 796 errichtet vnd erstattet word.
775 769 1610 891 sie hat nun in bysyn und gegen
772 831 1623 977 würtigkeit deß ehrenuesten
757 922 1630 1051 Promen, Furnimen fursichti
799 998 1633 1118 Ersamen vnd Sysen Herren
805 1068 1643 1192 Anthoni Celters deß kleinen
818 1155 1641 1281 Rhats alss Ires Herren, exammiti
812 1249 1642 1359 Nilans Zenners, der burgeren
856 1308 1661 1410 Ves Lerber Amans Im Shis
848 1375 1654 1495 huß, abwesenheit halber deß
854 1470 1668 1571 Großen, vnd etlicher Weiblen
879 1529 1664 1632 mn. g. h. vnd Eberen Dienere
878 1594 1686 1713 Im munsten nit gestendig, noch befar
895 1660 1696 1783 lich syn wollen, das sy ein unholdin
901 1737 1696 1844 oder Hax se keine vnd wuse der
920 1816 1708 1907 glychen perrsonen, einche, vil wenig
910 1864 1711 1971 das sy gott bewahre unsd mitd
917 1921 1711 2055 bisen Ceist etwas zuschaffen gs¬
936 2002 1717 2112 noch das sy weder lüth noch gut vr
928 2079 1707 2183 derbt habe, werde auch derglychen
1298 2145 1345 2188 nt
953 2152 1726 2260 warheit uff syerwisen werd
961 2192 1735 2323 obglychwol etliche fra mißgünt
1682 2262 1746 2355 y
968 2284 1692 2381 personen vnd Nachpuren, der
977 2336 1738 2457 vil elagens abzra hab nit, so
980 2425 1738 2520 doch daselbige alles vß Luhere
992 2488 1722 2582 Nyd vnd haß, dan dieselbigen
991 2543 1722 2642 anclegten meiner mehr werde
985 2603 1695 2704 sy erwysen vnd wahrmachen
992 2681 1712 2778 derselbigen durchuß nit anrede
1019 2737 1288 2820 gestendig.
1678 71 2700 235 Als aber jra fürghalten worden, wo
1685 148 2697 314 rumbden vilmalen In Irem ach¬
1697 219 2656 397 wie auch oben In Irem Zunßhuß
1686 318 2767 489 Znecht ein mechtiges polderen, ran¬
1716 414 2681 560 wen vnd ander derglychen gschrey
1719 492 2743 645 vnd rüschen gehört werde, grad wan
1737 571 2732 729 man ein dürre hut umbher zuge
1743 669 2656 822 gehört werde,. Item das man sy
1744 712 2735 892 antzmalen auch ghört redn bistu
1774 812 2735 979 aber da, gang hinweg, laß mich
1776 904 2757 1055 mit frid Item gang ußen di
1785 993 2779 1148 muß, laß mich mit friden, in py
1789 1076 2744 1238 nistest, vnd plagest mich dennocht
1806 1184 2717 1321 gung, plag einandere auch so
1819 1245 2683 1387 gung, als die mich plagest e
1822 1331 2802 1456 vnd andere derglychen verdachtige wortt,
1828 1460 2713 1585 HHierüber gibt sy antwortt, wie das sy
1841 1546 2703 1658 gantz nit gestendig sye, diemiches der
1846 1607 2741 1730 glychen Bolderen rschen vnd nacht¬
1846 1679 2773 1786 gschrey, in Irem Zinßhuß, noch auch an¬
1847 1758 2674 1869 derstwo vernebt, nich vilweniger
1860 1811 2773 1926 derglychen reden von ira gehört worden
1861 1866 2662 1981 dan Ira derglychen redi noch auch
1879 1918 2781 2041 einichers böstes Jemalen mit In Sume
1887 1992 2767 2116 kommen vernemet also diseren puniten
1898 2072 2305 2182 gantz hergin klich.
1885 2152 2757 2268 Item als sy befragt worden, ob nit uff
2479 2211 2584 2264 grad
1917 2232 2764 2324 in zytt sein gwüße Magt, vor Irem
1890 2266 2781 2396 zushuß in der gaßen bis in das sibent
1914 2342 2772 2448 odaschte mal nidgffallen und nit von
1928 2392 2734 2519 tag konnen, und sy darzwüschen
1917 2428 2764 2554 Vß Irer stuben zu einer Schyben vß,
1909 2507 2743 2630 dr Magst zuglugt, bis endtlichen
2474 2553 2790 2659 nit Marter
1932 2595 2383 2702 3 die Magt endtlich
