2450 3063
178 2127 333 2184 welches er¬
185 2170 333 2225 aber dem h.
236 2211 337 2255 derumb
264 2253 324 2282 ei
356 32 1258 180 wie sy deß Müllers bösen Vnderricht
362 156 1232 230 volgen, vnd dm Herren vber das
347 207 1239 306 Kornnhuß komen, vnd also Irem g
347 276 1272 395 Vnteie berysen kontnit, habe alß
353 345 1264 448 wisten dr eine Knechs, die shlußell
351 411 1263 530 zu den Thoren deß schloßes Wyler, ge¬
356 490 1239 584 nomen, vnd zu glegner Zytt mit
345 547 1237 669 denselbigen am Kornhuß versucht ob¬
349 633 1241 728 einer darund etwan vfsthun wurde
346 691 1251 812 habe auch einer Voider denselben Lindt¬
349 762 1163 862 der das Kornhuß vffgethan habe
353 842 1264 948 Welliches der Cristen Ime dem Müllen
353 906 1233 1009 angezeigt habe. uff welliches sy
347 972 1194 1081 gut funden, das sy ein schlüßell by
344 1047 1218 1153 dem anderen abmachen losnit, damit
364 1108 1243 1211 y ein eignen schlusell zum Fornhuß
347 1178 1240 1295 habnit, hiemist zu glegner zytt den
358 1259 1248 1364 schlüßell by yn deß Müllers sohne
358 1334 1263 1438 gan Murten zu einem zwußen schloßen
347 1386 1263 1504 geschickt, vnd ein anderen by disen schluß
354 1466 1215 1571 abmachen laßen. Vnnd nach dem sy
358 1524 1210 1635 nun also einen eignen schlusell zu
344 1592 1232 1698 deß herren Kornhuß gehept, sye er
346 1671 1218 1770 der Müller und syn sohn mit den
363 1724 1246 1842 beiden Frechten, zu vnderschidenlichen
360 1795 1254 1902 mahlen, wan der Herr vnd de frouw
344 1859 1252 1963 zu Berindn oder sunst zu nacht an irer
343 1933 1218 2041 suw gsin hinzugefaren unnd bis
347 2006 1229 2107 In die Sechßmahl miteianderen
344 2066 1198 2172 In das Kornhuß gangen, vnd also
353 2135 1257 2251 diebischer wyß, bis In die Eibentbloßen
349 2198 1251 2322 daruß gefaßet, daselbige zu die Mul
359 2270 1245 2384 geferget und hernach uff den Märit
343 2357 1250 2442 Im vnd wider Verkaufft, von welliche
354 2423 1238 2518 allein er Zetwederem der Knechten
346 2475 1179 2580 by den 3. u für iren theil werden
345 2551 1153 2658 laßen, hiemit nit er der müller
343 2616 1233 2734 allein an Znem Herren, vber die
1103 2694 1236 2785 imme
2333 41 2370 121 d
1409 65 2408 164 Imme gethane glupt vntrunlich gehand¬
1595 128 1874 184 vnd hiemit
1424 138 2377 245 let bederauchnot darzu, nit allein
1408 204 2352 284 die beide Knechten, sondern noch darzu
1430 262 2346 379 yn eignen Sohn, vnd flesch vnd blut
1397 327 2382 435 zu sollichem diebtal und schandtlichen
1421 398 2382 518 that angewisen, vnd Inen Vrach darzu
1417 471 2333 583 geben habe a hingegenser sy, wan
1424 539 2375 658 er derglychen von Inen gespürt fir¬
1419 624 2318 738 nemlich aber synen eignen Sohn
1405 689 1927 801 hette abwysen solle.
1428 798 2320 912 Item hat er aūch bekent vnd verzechen
1420 884 2320 982 dzs nach dem die beide Frechten vff ein
1410 946 2327 1067 Zyn Zū Ime Zū Kilt kommen vndet
1415 998 2278 1128 was Nyns, so v vß furschub der
1413 1069 2338 1197 jungfroüwen im schlos uß dem Keller
1406 1146 2324 1255 bekomen, mit sich gebracht, denselben
1416 1218 2331 1318 ouch miteinanderen genoßen, habe
1421 1276 2358 1378 er der Muller Iuen auch anlaß geben
1420 1352 2327 1447 Imme mehr Wyns zu zebringen, So
1421 1411 2334 1526 welle er aldan Inen dorZū Küechlen
1421 1481 2334 1565 laßen, wie er dan Inen Zum anderen
1420 1536 2378 1661 mahl wan yn syngebracht geküechlet
1789 1601 1874 1652 als
1420 1611 1989 1690 habe. Vnd habnit Ime die
2000 1618 2319 1711 frechten In
1999 1675 2170 1723 wyns
1421 1668 2326 1775 allein by den funffmasen, Zubracht
1360 1748 2361 1893 Lettlich hat er auch lekent, als vfsem
1402 1839 2334 1935 Zyg ein gwuser Landtman uß dem
1360 1902 2345 2003 Fryburg piet, by Imme etlichen Kornt
1420 1973 2328 2079 geromlet vnd derselbige mir vß der
1410 2041 2316 2144 Müli zum Brundengangen, habe
1421 2111 2350 2212 er Ime, ein mäß fernen, von dem Imme
1411 2172 2359 2298 herönleten Forn vernntruret, als aber
1403 2246 2355 2370 der Landtman sölliches gespürt, habe
1412 2320 2282 2422 er das entwendte möß fernen, Ime
1416 2401 1889 2498 widr geben müeßen.
1406 2474 2321 2563 uff den 30. julii 1622 ist von m g h rhäten
1405 2526 2326 2617 und bürgeren erkent worden, das disr nagel mit
1385 2580 2307 2665 Ruter vßgeschwrungen vnd mit dem Eidt
1391 2637 2330 2723 von der burgeren zu und der herschafft Wyler
1390 2676 2317 2803 verwisen werd. Ist angentz an Ime erstattet
1406 2727 1636 2833 worden.
