2591 3899
262 137 1125 332 sonder Wiedhalden, Abemal mit
250 245 1116 420 eianderen zwo Ankenballen
231 317 1115 490 gestolen: vnd die, Einer Butle
203 390 1127 563 sfrouwwen, das lb umb 4 schilling
237 469 517 581 erkoufft.
172 655 1094 766 sein wiit zu Walkringen ein
248 720 1051 847 Anckenballen ußem gaden
259 801 1123 936 genomen, die so auch verkouffte,
230 896 1091 1061 Br der zalbung b Lougeseye
278 1017 1068 1133 habe sy uß hungers noth ein
296 1089 845 1178 halbs bitt entwant
227 1175 1184 1336 Senne hat sy bekhendt. Das allwyl sy
302 1301 1151 1398 mit ime zm landt heumb gezogen
296 1369 1158 1476 sy den lüthen geantwortet habinde.
284 1433 1166 1546 das sy syn ehefrouw und er gred
287 1492 1179 1618 sy aber syner wyberen eine sye und
276 1564 1141 1678 wann er gestolen, so allwegen
321 1640 1034 1761 ufgesächen und gwartet habe
336 1774 1127 1895 und wiewol sy verschine zyt von
318 1853 1145 1961 ines begangenen 3 fhäles wagen
338 1917 1096 2035 mit dem eynd uß jrgdie lano
331 1966 1123 2110 gewisen. Habe sy sich doch nit
343 2041 1185 2157 anderer gstalt enthalten und goumt
301 2102 1123 2221 denn das sy denselben, Leyder
345 2175 1140 2278 obertratten und darnäben
342 2232 1119 2353 Jetzmalen von vilanzognem
330 2302 1016 2404 Uli Dietrich schwanger sye
314 2334 1181 2464 bittet also beyde, gott und demnach
354 2406 1166 2544 vrgden umb gnad und verzychung
2178 -2 2259 72 123
1229 54 2137 285 Nire dinst bruegent
1218 170 2154 410 ber hieuorgeschribne mers sy
1233 266 2222 450 gegangene diebstel, Hatt Anna
1228 344 2258 539 olnst, sonst genampt die Krutlal
1244 446 2190 604 nachdem sy uf 15 septemb dis
1238 524 2191 675 ben jars vemag ir gdie benälchs
1255 592 2211 771 mit dem Dimysen geburender
1254 672 2223 846 maßen erfeckt, wytes nit bekhendt
1225 774 2191 943 dem das sy zu dtägen ly künite
1261 870 2205 996 einem furen, ein brtt genomen
1216 1057 2202 1229 Denne Im Gwatt ob thun, mit
1233 1148 2137 1284 schilf Uli Bietuchs, dem wirt
1247 1225 2092 1364 doselbst, ein Fadabeth, sampt
1254 1305 2202 1436 dem küssen entzukt. Weliches abes
1272 1382 2142 1503 ime wirt widerumb zugstelt
1265 1478 1488 1595 oden syn
1246 1603 2183 1736 und letstlichen zu Riggispärg mit
1257 1684 2137 1814 hilf jetzgedachten Ulis einei
1262 1745 2110 1879 landtman ein brtt gestolen.
1246 1914 2191 2071 Afao. eptemb 1627 ist sotmit
1268 1966 2245 2123 ruten ußgeschmeytzt, dem b zeychnet
1280 2064 2183 2181 und volgedis mit dem eyd tag
1281 2133 2096 2246 statte, vnd Land gewisen tod.
1246 2235 2106 2344 vnd e Vls Dietrich hienagenelt.
2445 89 2473 156 4
