2629 2998
583 514 1380 650 Demnach verschiner tagen, in g. J
632 593 1389 725 oberen fürkomen, wie das Zwen fra¬
600 666 1380 814 undersiechen, sich sollindt uffder mit g
644 749 1397 873 lichen Godtslesterung wider Gott
655 823 1385 949 yn wort schandtlich vergeßen haben, deß
641 906 1381 1026 wegen die verordnung gethan, das sy
654 970 1395 1093 beidt gfengklichen yn sogen und dee
634 1053 1395 1167 der gepür nach zeworten gstoßen und
654 1117 1398 1236 examiniert werdint und uff darei
671 1193 1398 1300 zin dem frommen etc. Herren mih
653 1263 1394 1381 Frouwdenrych deß kleinen Rathss
659 1357 1407 1452 bige gegen Inen Zeuerrichten durch
671 1426 1400 1526 raths zedel uffgebunden, wellicher de
665 1490 1393 1617 Im bysyn unnd gegenwürtigkeit hr
686 1556 1408 1667 Siechenins Gerings alls dem zu anse
684 1631 1407 1747 solche grüwliche wort fürtragen worden.
677 1699 1401 1802 Item Herren Wynhang Ecklins unnd
668 1757 1411 1859 Amnn Keerwers, DenJonilis
676 1813 1419 1956 1623 Jub der Mannenkefi sölliches geh
661 1892 968 1988 Inen erstadtet,
679 1960 1414 2102 Vnnd ist ertlichen Caspar Goßbacher
653 2044 1406 2183 Rywyler Unner Basel pürtig der an
670 2122 1406 2230 such befragt worden, ob er nit verschrien
669 2180 1400 2301 zinstags, allhie uff dem stalden vor der
677 2241 1407 2369 sideren har vorgemeltet Hr siesend
671 2305 1407 2422 Beringangret, wie das etliche frömbe
689 2372 1410 2484 und ersiechen alhie Im landt vncher zu
655 2441 1387 2564 vnd hiemit den anderen Iuhrunschen
653 2500 1414 2633 vor dem mul abheydent unnd als ge
656 2555 1425 2682 Herr sichemes Imr geantwortet, erst
651 2642 1409 2755 doch auch ein frömlder und nit ein gnachte
1464 72 2393 217 wo von deßwegen etwas zeclagen, sölle er die
1478 123 2390 305 ynheinschen clagen laßen, Darüber er doß,
1488 210 2391 345 bacher Ime Herren Siechemeister wider ge¬
1492 289 2339 412 antwortet unnd inn söllche schantliche unnd
1502 363 2324 489 godtlesterliche reit ussprochen, er doß
1495 429 2376 555 bacher seye noch nit der jenige der dasgle
1501 504 2318 623 nerenter gret habe, er hofierte uff das
1501 565 2378 700 undter unnser, wie ein anderer Likerhals
1499 675 1874 780 aber ußgoßen habe.
2369 -61 2444 31 13
