5472 7296
1106 1485 2629 1747 bieuorige anklag auff Furni, der zweyen
1142 1636 2638 1858 verderbten Kinderen halber, zu erlach an
1134 1721 2532 1965 der Marter erhalten, als solle sy auch
1145 1840 2578 2107 disere so gantz widerwertige Jetzmalige
2538 1973 2642 2057 .
1145 1941 2539 2188 entschlachnuß an der Marter thun und
1143 2019 2612 2325 bestätigen, welches dan auch volgends
1139 2129 2635 2397 dent. novembr 1658 s nachdem vorgedach
2613 2318 2659 2411 e
1166 2266 2609 2540 ter weibel von ins alhar citirt und der
1155 2378 2678 2613 auffwegsung halber gegen tren confron¬
1138 2474 2664 2741 tirt worden) an ihren erstattet worden.
1170 2590 2656 2873 den, Inmaßen mein hochgeehrter herr
1166 2710 2679 2943 alt zeügherr leiber dieselbige nach diser
1177 2843 2563 3110 deß weibels confrontation, demme sy die
1195 2956 2581 3198 auffwegnen vnder mundts erhalten
1175 3060 2654 3328 in streke thuen füehren und mit ein
1212 3174 2681 3387 sager marter lähr auffzechen und seken
1215 3305 2686 3517 laßen, allwo sy ihnne meinen mehr anzog
1207 3410 2645 3622 neiengefangnen bosen trunks halber
1190 3516 2613 3710 ander marter entschlagen, habe auch
1164 3619 2705 3862 deß ermordt vermeinten Burgunders
1178 3764 2508 3964 halber keinen grund, sunder ein
1176 3885 2586 4105 vonhorsagen, (wie dan auch durch
1176 3974 2561 4234 geschechenes nach graben dergleichen
2607 4083 2681 4239 a
1152 4119 2534 4356 gantz nichts gefunden worden).
1070 4320 2648 4562 kine furm und anzogne durch insor-
1137 4473 2576 4655 mation alger geschikte extorsionen
2594 4632 2656 4725 .
1168 4576 2596 4723 auch andere danneben angedeüte
1089 4611 1164 4762 1
1173 4695 2717 4879 laßen und daher betreffend nachdem
1163 4791 2692 5012 laut voranzognen ir gn. Bevelchs
1131 4937 2691 5130 der Marter halber gegen demselben
1166 5055 2585 5270 biß auff weitere erkundigung.
1154 5188 2674 5378 ingehalten worden und mein hoch
1138 5310 2715 5509 geehrten herre zeügherr lerbes samt
1161 5412 2722 5645 vorgemeltem hern alt Castlan Lienhart
1174 5582 2690 5778 sich nacher Ins begeben, alle die per¬
1117 5710 2693 5896 sower so dergleichen vbernutzungen
1127 5823 2700 6032 klagt für sich bescheiden, gegen iren
1126 5948 2591 6148 klegten sein Curis haußbüecher
1137 6072 2750 6252 Rechnungen erlangte Rechte, vnd anders
1116 6195 2682 6408 schrifften auff, welche Turni sich deß
1112 6318 2651 6519 einen und anderen halber berüefft
1116 6413 2775 6637 In beysein beider herren schuldtleißen küechen
1105 6510 2770 6752 und Schufelbergers, auch deß herr vogts und
1091 6621 2771 6862 herr landtschweyber Luhns zu Erlach, dort
2116 6730 2775 6986 zu Jos conferi
2703 1487 3105 1659 habend wolen,
2722 1582 3106 1719 edte meine her
2723 1699 2871 1789 gen
2908 3717 3079 3854 e
4535 1473 4671 1619 90
3624 1498 3727 1605 4
3138 1534 4632 1712 onfrontirt vnd die sach also beschaffen be¬
3135 1629 4712 1802 funden, daß under allensamen nicht einer
3133 1733 4689 1901 n seiner anklegt gegründet, sondergleich
3133 1830 4498 1990 am sich überzeüget befindend, abstahn
3141 1937 3525 2098 müeßen.
3090 2042 4558 2206 Gleicher gestalten, nachdem beides in
3123 2175 4599 2327 den corgrichts manualen alhier zu Hern
3125 2264 4702 2412 als auch zu ins sein Turnus lebwesens
3132 2349 4731 2526 halben erforderlicher maßen nachgeschla¬
3108 2451 4657 2635 gen und auffgesucht worden, hat sich
3120 2556 4764 2736 dergleichen anklag seines Vatters halber
4677 2704 4727 2797 .
3136 2665 4676 2850 noch sonsten andere sachen oder fähler
3124 2784 4109 2986 nicht erfinden mögen.
4139 2942 4221 3052 .
3111 2930 4753 3178 Adtlich und über diß ist auch nach schrifft-
3112 3088 4735 3276 licher bericht vor in Godt eingelanget
3107 3191 4736 3408 Ob solte Turni understanden haben, mit
3128 3322 4615 3531 zimlichen großen Versprechungen
3121 3436 4797 3623 und namhafften miet und gaben sein
3169 3551 4656 3770 ach gut zu machen, darüber er
3144 3646 4689 3875 etliche mahl erstwortig und mit
3145 3794 4697 4019 fleiß befragt worden, deßen er aber
3136 3885 4732 4135 ganz nit gestendig sein, und darvon
3158 4013 4777 4231 weder wenig noch vil wüßen wollen
3074 4191 4821 4424 Nach allen disem actionen und proce-
3567 4354 3660 4449 fr
3111 4323 4742 4538 duren ist zuri auch noch beruchtiget
3162 4452 4818 4646 worden, daß er sich vor etwas zeits
3148 4571 4755 4736 reverenter mit bestialitet vnd vn¬
3151 4695 4691 4902 Christenlichen thaten beflekt und
3136 4822 4681 5041 vergeßen haben solle, darumb vnd
3113 4945 4629 5157 hiervon zwüße personen habind.
3152 5069 4815 5272 wüßenschafft tragen sollen deßwegen
3153 5197 4842 5385 men gnedig herren, auff sein Curis.
3133 5296 4785 5500 heiteres vermeinen, vnd hochen betheur¬
3130 5407 4759 5578 iren nicht vmbgang nemmen wollen,
3128 5541 4567 5775 Sechs genamsete Vnderschidenliche
3121 5641 4709 5862 personen als albrecht gülli schulm.
3158 5748 4766 5989 von Erlach immer lech, Elsbeth Marolff
3124 5853 4782 6061 Fabian Zelli schulm vatter Hans Forster
3153 5968 4804 6176 von Erlach steter stählig von Nuwenstatt
3155 6069 4661 6291 und Barbli Heüli von Müntscheiner
3140 6162 4850 6465 alhar citiren, vnd diß genetens halber
4823 4512 4873 4593 .
