5472 7296
871 5312 992 5482 aber
1030 4316 1098 4427 1
1075 1558 2599 1819 wirtschafft zu ins von gelts wegen er
1090 1679 2664 1935 mordt, vnd rever, Vnder den Stall vergra¬
1119 1783 2616 2032 ben haben solle, demselben nohtwendiger
1128 1888 2657 2179 maßen nachgegrabt worden und er einem
1109 2005 2619 2305 deßen vngeacht, durch eine Supplication
1113 2100 2566 2401 anhochgedacht Ir Gndt durch seine
1108 2223 2503 2496 Verwandten, sich erpotten, wo vehr
1110 2344 2651 2635 Ir Gn beliebte, durch außgeschoßne her¬
1111 2441 2654 2718 ten von hierauß, Inne gegen der dirnen
1124 2569 2531 2837 zu confrontiren, sich selbs gutwillig
1084 2676 2561 2946 In die hand und band hocher oberkeit
1128 2814 2670 3076 zu ergeben, habend hochgedacht Ir Gn¬
1080 2933 2650 3179 gnedigst hierzu verwilliget und auff
1080 3069 2651 3311 solich endthaus ernamset und verordn
1140 3168 2674 3421 net, meine beide hoch- und wol geehrten
1165 3300 2664 3522 eeren herren vermer bucher und
1144 3376 2649 3652 herren alt zeügherren leiber, welche
1167 3544 2578 3738 sich nacher erlach begeben, alwo bey
1162 3630 2570 3880 geschechner confrontation vnderein
1166 3746 2701 3985 12. septembris 1688. die gemelte Probstin
1168 3889 2666 4118 uber dero ernstwortiges examen und
1169 4019 2542 4232 nochmahlen angezedirte Marter
1151 4127 2685 4360 neben bestätigung vorgehnder und mit
1186 4230 2651 4451 noch mehren umbstenden beschribner
1154 4367 2658 4581 verricht inne Lieni beständig anklagt.
1138 4496 2614 4712 Sy vermeine gentzlich, daß der Jenige
1156 4629 2641 4822 trunk, so mein ihren domahlen auß
1168 4740 2693 4934 einem Fleschlin gegeben, dieselbige leibs¬
1139 4863 2653 5049 frucht von Iren getriben habe, jedoch
1156 4989 2665 5184 mit disem hinzuthun, sy habe selbigen
1166 5100 2616 5294 tags auch nach empfangnem trunk.
1150 5217 2692 5417 mit sagen und holtz laden schwere arbeit¬
1161 5338 2701 5546 außgestanden, der trunk sey an imme selbs
1166 5467 2676 5672 nit böß, sonder ires bedunckens gut wein
1146 5589 1320 5748 gsin.
1509 5590 1784 5729 orden
1893 5656 1959 5767 .
1127 5683 2649 5947 Item deß letsten kindeshalber, deßen sy
1144 5857 2571 6053 erst umb verschinen S. Johanns tag im
1123 5959 2722 6158 sommer niderkommen, habe er iren 500 lb
1138 6081 2718 6276 angerotten, in dreyen jahren mit 50 fl zu
1138 6190 2722 6359 bezahlen, daß sy das kind einem andren
1112 6284 2695 6516 habe, mit solchen zugesprochnen worten.
2720 3549 2764 3621 6
2686 1588 3021 1751 hauß sy zu
2709 1689 3003 1827 eweiliget,
2703 1729 3037 1897 ager zuthun
2693 1813 3038 1973 etwas aus
2702 1886 3061 2031 ihten jedoch so
2697 1965 3042 2098 erchen kommen.
2694 2025 2967 2174 Alspalte
2702 2094 3055 2258 vende kein
2702 2203 2802 2318 un
2755 5499 3102 5682 als zu beysein
2743 5619 3102 5739 Ires bruders
2754 5689 2844 5768 und
3064 4307 3108 4448 1
4505 1498 4615 1594 38
3043 1519 4650 1701 wan gleich mit iren streng gehandlet werden,
3076 1634 4626 1795 den solte, sy dennoch beständig daruff ver¬
3100 1726 4606 1889 geren solle, dan die marter werde nit
3081 1846 4583 1992 hlang währen, er aber wolle iren gelts
3084 1911 4436 2081 und gotts genug zu kommen laßen.
3143 2025 4717 2225 sey iren auch bekant, underschidenliche andere
3062 2072 3123 2163 90
3081 2120 4752 2281 Weibspersonen mit denen furm sich gleicher¬
3085 2210 4731 2392 gestalten in fleischlichem mutwillen vertrabt
3092 2307 4738 2477 abe deren sy mit namen deuffen ange¬
3071 2407 4685 2611 bein, als das Kabismueterlin, das lyren¬
3062 2501 4714 2672 Annelin, das Gugger Elsin, das Thorelin sein
3085 2592 4658 2816 gewesne dienstmagt, vnd Christina Guttel
3080 2721 4729 2931 byderen er auch ein Vnehelich kind erzeu¬
2989 2868 3268 3035 saget.
3065 2940 4719 3189 eygleicher confrontation hat sy vor imme
3099 3072 4808 3279 iirem auch erhalten von einem weltschen
3080 3180 4695 3397 knecht, so bey imme gedient, gehört zu haben,
3097 3297 4786 3500 wie er voranzognen für paßierten für
3042 3404 4667 3581 gunder ermordt vnd selben vnderem
3049 3512 4796 3729 Säli rever, in einem stall vergraben habe.
3117 3732 4794 3960 kliche also nochmahlen beständig erhaltene
3706 3893 3767 3956 d
3117 3872 4684 4064 anklegten er kein gegen diser seiner
3094 3969 4713 4139 dienen volgender maßen beantwortet,
3116 4101 4774 4297 daß zwar vor vilen Jahren, Iren halber ein¬
3115 4209 4742 4390 gemeines gemümmel ergangen, als were
3139 4282 4784 4495 sy schwanger gsin und habe das kind under
3134 4411 4801 4580 einen schütstein vergraben, als er derm
3129 4502 4722 4725 aber deßwegen sy für sich bescheiden und
3154 4617 4780 4818 solches fren ernstlich vorgehalten, habe sy
3131 4748 4768 4914 alle die Jenigen gescholten, welche solches
3124 4847 4890 5058 von Iren redind, daß aber sy etwas dergleichen
3105 4957 4791 5168 fürgeben, sey allein geschechen, auff daß sy
3121 5085 3999 5262 gelt von zwe bekome
3104 5166 4818 5385 deß mitlesten kindtshalber und wegen deß
3125 5306 4857 5486 durch sy beklagten trunks gescheche imme auch
3128 5418 4730 5630 hochlich veracht, wüße nicht, daß er iren
3147 5497 4869 5733 Iemahlen in seinem Newen auß zubrin¬
3137 5615 4701 5843 ken gegeben habe, aber wol im rahthauß
3803 5753 3908 5825 f
3133 5716 4711 5962 In beysein aman reüschers befinde sich diß
3083 5824 4359 6068 penetens halber gantz unschuldig.
3122 5945 4808 6177 betreffend das letste kind nachdemme sy imme
3122 6054 4839 6297 die sach angekündt, wie imme zu thun sein werden.
3135 6155 4606 6389 under sich erkläret, sich in die straff der
3125 6226 4803 6501 oberkeit zu ergeben, habe sy auß selb eignen
4424 6340 4822 6477 Antrib
