5472 7296
1378 1561 2825 1801 mit, welchem pouiquet sy die sond angelegt
1419 1678 2868 1887 und übereinkommen, daß er sich am rechten geüßer
1413 1812 2861 1956 ontumaciren und beklagen laßen, welchem
1430 1884 2837 2125 sy auch villmalen fürbieten und assignieren
1426 1996 2850 2220 laßen by einem hauß, darin es daß neinalen
1437 2098 2811 2294 gewohnet, hatte nur auff das endt, daß sy
1401 2209 2811 2425 wider denselben vrkunde und dassement
1445 2317 2838 2554 seines nit erscheinens halber beides den
1451 2430 2850 2640 herren von Zürich und auch zu Bern auff
1425 2540 2846 2775 zuweisen hatt und und also hiemit den worde
1433 2679 2863 2923 Irer faltschen batzen auffheben, vnd zugleich
1451 2786 2843 2987 sich umb den gantzen handel beschonen
1433 2930 2794 3113 kontind, wie dann gedachter Bourguet
1455 3044 2874 3240 selbs alles endeckt durch sein eigene han
1418 3167 2865 3352 underem 7. julii 1667 und ist ihnen diß
1438 3279 2871 3481 auf im werck selbst gelungen, da sy durch
1419 3394 2869 3593 mittel solcher gantz betruglichen procedir
1430 3505 2879 3699 nit nur die vrkundt seines deß Bonngne
1426 3616 2860 3816 außbleibens und deffaults erlanget und
1426 3734 2860 3919 die contumacien wider denselben erkennen
1433 3847 2877 4047 laßen, so weit, daß er vor der muntz kammeren
1409 3952 2861 4165 zu Eyon mit der urtheil auff die Gelehren
1426 4068 2840 4269 erkent werden söllen, underem 22. augusti
1414 4203 2820 4390 1654. sonderen auch die erlaßung deß
1383 4320 2879 4518 Angelegten apperts zu Zürich und freyen
1395 4442 2867 4653 kauff und handlung in der eyngnoschafft
1435 4574 2845 4772 auch der Statt Bern Landen erhalten, wie
1389 4689 2879 4901 obgehört und das alles auff geglaubtes
1394 4799 2860 5029 fürgeben, daß fronckin und mitthaffte inn
1384 4940 2868 5147 sallen Iren anzognen Procediren Realisch
1352 5078 2867 5311 und in guten treüwen gehandlet hattend,
1352 5349 2863 5684 Zum Dritten kan man auch durch Inhalt
1382 5540 2862 5744 seiner deß meodore Bourquets rechnung
1411 5645 2876 5881 erzeigen und wahrmachen, daß gedeütet
1435 5743 2903 6010 fronckin gemälter haltscher batzen fall
1433 5872 2885 6117 mit den faltschen Müntzeren ein packt
1409 5985 2903 6217 und Marit getroffen ein marck umb 9 lb
1435 6100 2892 6351 5 ß allwo er daß 40 vom 100 groffent oder
1461 6206 2855 6462 mehr übermachten diebstahls zum besten
1459 6316 2895 6575 bekommen, und ist also durch dise offenbare
2421 6582 2656 6787 bahren,
4680 1481 4822 1616 16
3243 1563 4852 1798 fuegt, vnd erkauffung solcher batzen er fronckin
3276 1725 4903 1900 mehr alß gnug überwisen, daß er zu machung der
3308 1815 4904 1996 selbigen statt und blatz gegeben umb sovill desto
3277 1914 4920 2097 mehr, weilen erselbsten umb dise haltsche wahr
3293 2018 4923 2213 den vertrib gesucht, ohne welchen dieselbe nit
3220 2061 3263 2167 e
3200 2123 4957 2316 währ fürgenommen worden, ist auch der wahrzeit
3271 2227 4917 2427 ähnlich und soll in kein zweiffel gezogen
3223 2339 4872 2537 werden, daß er auch das kupffer und Materi
3231 2449 4890 2660 zu solchem werck contribuirt und dargeben
3209 2566 4931 2767 Weilen bekant ist, daß zu druff und anderen
3282 2670 4907 2872 ohrten er dergleichen muntz materi aufgegen
3221 2793 4910 3011 wechßlet und zusammen gelesen, faul er hate
3256 2920 4913 3108 können und mögen und demnach durch seine
3295 3040 4864 3262 subtile lyst und tratis daßelbige in den
3252 3161 4905 3360 zahl oder kauffheüseren underem ditul
3283 3272 4948 3493 allerhand anderer wahren paßieren machen
3250 3430 3599 3566 können.
3234 3611 4867 3871 Zum Vierten befindt fronckin sich noch
3298 3792 4896 3989 mit mehrerem überwisen, daß er nit mir
3313 3902 4909 4089 mit gedeütem meodore Bourquet sonder
3298 4012 4953 4159 auch mit Jean und danid Pattron umb
3272 4123 5013 4342 die verarbeitung und vertrib solcher falthen
3307 4245 4940 4422 batzen ein accord und salt gemacht, wie
3299 4355 4980 4563 das zu finden ist, In den Sendbrieffen, welche
3285 4466 4929 4663 gesagter hattion von Eyon außgemelten
3257 4591 4943 4804 Bourguet nach drange geschickt und durch
3322 4704 4964 4919 die erleütherung so bourguet darüber ge¬
3296 4842 5008 5030 geben under anderem und insonderheit uber
3302 4966 4993 5160 die hienach gemelten, da der erste brieff
3308 5078 4866 5297 sub 10. januarii 1646 weißt, daß danider
3282 5197 4885 5412 Pattron von Eyon verreiset sey mit dem
3290 5331 5008 5531 oküntzmeister von Grangen in selbiger
3289 5454 4979 5654 muntz die faltschen batzen und andere sorten
3275 5585 4935 5798 zumachen und zu tractieren, demnach auch
3320 5677 4980 5872 ein extractat mit fronckin und mitthafften
3295 5824 4945 6035 die marck umb 9 lb 5 ß, welcher darüber
3307 5913 5006 6200 auch umb die batzen sollicitiert mit überschickung
3315 6046 4949 6290 eines zedels vom fahlmeister sich darmit
3273 6190 4932 6459 zubeholffen, im fahl man ime die wahr
3307 6294 4919 6577 hette visitieren wollen, dann andere
