5472 7296
867 4720 983 4841 21
852 5552 993 5663 22.
878 1558 1023 1698 16.
898 2271 1023 2413 17.
889 2964 1001 3097 18.
877 3556 1011 3679 19.
907 4012 1056 4142 20.
1129 1530 2690 1755 vorferndrigen jahrs zu Worb, habe sy mit
1241 1647 2662 1879 Christen Stettler von Schwendi einem
1245 1752 2688 2019 eheman sich mit ehebruch vergeßen und
1233 1855 2715 2068 letst verschinen hernsts nachts im wirth
1237 1988 2315 2224 hauß zu wort noch einmahl.
1239 2181 2670 2375 und mit einem satler zu worb, Jaggen
1249 2296 2668 2528 genant als er ein witling gsin, habe sy.
2617 2466 2662 2531 .
1255 2403 2610 2651 im schmerbenlohn nachts in seinem
1236 2507 2468 2783 hauß sich in unzucht vertrabt.
1247 2841 2686 3023 mit einem anderen alten man
1256 2956 2665 3191 und witlig einem schumacher von
1232 3075 2702 3313 Rychingen, habe sy auch rever, Fleisch,
1248 3222 2117 3431 liche Vnzucht getriben.
1246 3452 2613 3668 vern im meyen mit batt krieg
1257 3586 2649 3798 einem eheman zu Rychingen, habe sy
1237 3733 2578 3893 Zum andren mahl ehegebrochen.
1219 3967 2681 4197 Item noch vor etlichen Jahren, als
1280 4112 2684 4299 sy aller auff einer gwüßen gesell¬
1255 4223 2660 4400 schafft übernacht gelegen, habe sy mit
1273 4314 2693 4525 Peter Moser ußem Eggwyl sich leider
1263 4447 2277 4641 anchen in unzucht vertrabt.
1257 4701 2708 4872 Ohngefehrd vor zweyen Jaren im Sam¬
1257 4827 2684 5017 mer, seye sy mit Hansen schlappach
1256 4932 2667 5107 dem alten wirth von Steffisburg
1239 5040 2652 5242 zu Münsingen zum louwen, under
1243 5175 2671 5366 zweyen mahlen in Vnzucht, vnd ehe¬
1254 5305 1861 5465 bruchen gefallen.
1221 5482 2694 5666 mehr mit Joseph Keller im heimberg.
1234 5634 2696 5812 habe sy vor ohngefehrd anderhalb
1225 5746 2677 5955 jahren, sich etliche mahl, als erstlich
1221 5876 2704 6053 ekonelfingen zum 2. mal zu Mur
1210 5991 2700 6189 singen und letstlichen zwüschen men
1238 6108 2703 6320 singen und wichtorff rever, in und
1229 6234 1903 6409 zucht vergeßen.
2791 1559 2940 1665 23.
2778 2146 2901 2252 24.
2792 2842 2922 2950 25.
2771 3383 2911 3528 26.
2767 4282 2911 4381 27.
2751 5026 2923 5144 28.
2767 5821 2886 5959 9.
4583 1489 4706 1627 49
3165 1514 4704 1734 vor ohngefehrd einem jahr bey Hans Rutenach
3179 1659 4574 1824 von Möschberg stimbhaus genant, seye sy
3184 1745 4627 1908 alhier vffem Breitfeld, In Vnzucht gelegen
3177 1844 4339 2011 und sich rever, in herren vertrabt
3144 2052 4643 2237 Wie auch vast umb gleiche zeit am signow
3191 2210 4542 2327 marit, habe sy mit einem schumacher
3181 2294 4555 2472 Suberliglauß genant, underhalb Signow
3183 2401 4728 2563 Ja reder in einem offenen stall, ehebrach
3173 2501 4022 2688 und unzucht getriben.
3155 2727 4626 2945 vern im sammer mit einem genant
3168 2855 4674 3050 Schüßel Jaggen zwüschen schaffesen und
3171 2964 4641 3175 zahle wonhafft, habe sy daselbsten bey
3166 3096 4668 3270 minen hann ein ehebruch begangen.
3166 3313 4723 3530 Thomas deß namens oder handtwerks
3174 3456 4720 3631 ain schneider bey Rüeders wyl hauß.
3142 3572 4658 3779 heblich, mit demselben habe sy auch
3179 3690 4651 3902 Vor ohngefehrd vier Jahren, zu zahle
3168 3808 4589 4013 Oberhalb Burgdorff, in deß wirths
3166 3935 4597 4146 Schüren daselbst, die ehe gebrochen.
3189 4201 4748 4418 vor ohngefehrd zweyen oder dreyen Jaren
3192 4365 4769 4542 mit daniel im Bürbach einem schumacher
3177 4465 4667 4628 und eheman im Brauchthal woschafft.
3164 4560 4702 4791 habe sy zu Oberburg nachts im wirts
3146 4682 4419 4893 hauß ein ehebruch begangen.
3202 4950 4655 5163 und ohngefehrd vor einem Jahr, mit
3196 5081 4720 5288 einem ledigen Jungen fuchgerknecht
3206 5194 4755 5389 obey Peter stuki zu Brunnaderen gedient
3171 5307 4701 5492 habe sy unden auß bein Burgeren zihl in
3190 5410 4711 5607 einer matten bey nacht sich in unzucht
3185 5585 3641 5775 vergeßen.
3183 5754 4725 5973 Verndrigen jahrs umb signaw marit
3172 5875 4621 6083 habe sy mit einem gwüßen haußman
3181 5948 4758 6189 allhier obenauß haußheblich Adam genant
3186 6068 4711 6307 deßen fraw sich schmutterbabi namse zu
3179 6176 4773 6394 signaw in deß wirts schüren abermahl
3183 6345 3895 6546 die ehe gebrochen.
