5472 7296
1394 1596 2817 1794 statt bey demme sy gedienet, fleischliche un
1396 1725 2406 1926 zucht und ehebruch getriben.
1221 1850 2850 2144 rittens habe sy auch mit einer andren
1407 1989 2849 2186 ledigen mannspersohn und burger diser
1410 2094 2740 2303 Statt, etliche mahl zuren, vnd Vnzucht
1394 2248 1784 2432 getriben.
1373 2370 2839 2582 schließlich hat sy auff verners ernsthafftes
1410 2500 2822 2676 erinneren gutwillig bekent, obwol sy
1404 2605 2802 2784 eigenlich und zum anfang nicht gewüßt
1401 2721 2863 2902 daß sy schwanger sey, habe sy doch jeder¬
1421 2837 2667 2991 weillen daran gezweyfflet und es
2703 2888 2771 2945 .
1425 2930 2802 3082 niemandem bekennen wollen, dahero
1404 3045 2903 3225 sy wol erachte, daß bey solcher vertuschung
1413 3155 2821 3309 und eingenommen starken tränkeren
1420 3259 2785 3418 sy nicht die inste ursachen sey an dem
1407 3350 2793 3547 todt Ires kundts, als welche so wol bey
2793 3374 2834 3489 .
1379 3476 2784 3651 Schwangeren leib, als bey der gemiß
1402 3580 2713 3768 hann untreüwlich gehandlet habe.
2715 3725 2774 3814 .
1334 3689 2687 3877 welches alles inen von grundt ihres
1397 3789 2753 3980 hertzens leid sey. Auch alles mit
1390 3900 2856 4092 angewendtem dumelysen beständige
1330 4017 2447 4198 nklich bekent, und erhalten.
1255 4175 2764 4395 Den 25. junii 1657. Ist disere
1399 4315 2709 4505 Elßbeth Bickhart, auß ings
1423 4445 2781 4606 vnd Oberen bevelch, mit Ruter
1411 4552 2785 4730 außgeschmeitzt, vnd mit dem
1420 4671 2694 4857 Eydt von dero Statt vndt
1459 4780 2522 4977 Landt verwisen worden,
1400 4905 1893 5075 fgezeichnet,
3323 4997 3364 5052 11
4821 1523 4908 1611 12
3693 1505 4540 1721 Anna und Bon
3319 1630 3877 1783 Itten ge
3875 1662 4473 1819 B�mplican
3410 1764 4954 1952 die Verachtung Gottes deß herren seines heili¬
3421 1904 4876 2041 uen worts und seiner gebotten, wirt mehren.
4876 1973 4944 2034 .
3425 1993 4907 2145 theills bey den jennigen menschen gespürt und
3348 2070 4912 2237 angetroffen, welche sich dem leidigen Much¬
3386 2158 4884 2280 siggang ergebend, der dan ist ein küßen
3413 2240 4838 2396 und Ruhirbett allerley seinden und laseren,
3415 2356 4907 2495 Vnd wo die alte böse Schlang der leidige Satan
4894 2391 4955 2498 1
3413 2414 4954 2574 einmahl den kopf hineinbringt dan er bald
3415 2507 4882 2663 den gangen leib nacher züchen und hat nicht
3420 2593 4931 2766 Ruhw, biß er den in senschen vollkomlich einge¬
3421 2684 4837 2856 nomen, Vnd also nach vnd nach vnder sein
4836 2778 4885 2818 .
4246 2803 4869 2941 derwegen gott.
3414 2781 3846 2957 sach gefeßlet.
3412 2874 4798 3031 der Herr als demme deß satans böse wegen
3409 2952 4942 3138 und anlauff bekant, dem Menschen freff
3414 3062 4867 3179 tige mittel, Regul, vnd gebot vorgeschriben
3393 3178 4896 3319 dardurch er sein leben wol anstellen, vnd
3391 3238 4959 3360 dem satan widerstehen kan, wan aber
3410 3329 4876 3470 der Mundsch hingegen solche mittel selbs
3422 3429 4918 3574 von sich stoßt, dieselben verachtet und dem
3393 3515 4926 3679 Mutwillen seines eigenen Fleisches nach¬
3413 3615 4862 3760 hangelet, So man es anderst nicht sein als
3413 3695 4955 3860 daß Gott auch, auß seinem gerechten Gericht
3409 3786 4974 3923 ervolgen laßt, seine darauff geseztem ange
3430 3885 4898 4056 brevirten ruten und straffen deßen
4901 3919 4957 4013 .
3413 3964 4795 4140 wirt uns wider abermahl einheiterer
3410 4067 4995 4244 Spiegel vnd Exempel fürgestelt, an diser
3419 4161 4991 4328 armen und jungen weibsperson an
3412 4253 4965 4437 durs von Bimplin, welche nach demme
3404 4373 4979 4534 sy vor etwas hingerichner zeit, mit dem
3395 4456 5023 4625 jüngst hingerichten Peter beruender einem
3389 4558 4893 4740 Maurer mecht wider den inhalt deß
3392 4634 5052 4824 Sibenden gesatzes der Zechen gebotten Gotten
3388 4744 4974 4902 du solt nicht gebrechen, dardurch allerley
3425 4841 3475 4903 d
3394 4842 4988 5024 uren und unkeüschheiten verstanden werden.
3404 4948 4981 5101 dend sich in fleischlichem entwillen Ver¬
3402 5017 4977 5250 trabt, sy noch über daßelbige dem bösen find
3388 5156 4993 5347 Vnd Irem eigenen fleisch den zum so weith
3391 5245 4875 5418 gelaßen, daß sy bald darauff in das
3396 5331 5046 5557 greüwliche coster der blutschand gefallen,
3405 5449 4987 5658 dan als dieselbige vor etwas hingewichner
3397 5572 4919 5747 zeit mit und neben obgedachtenn Peter
3367 5677 4914 5853 Pfeuender, vnd Irer eigenen Jungeren
4913 5777 4954 5850 .
3383 5773 4882 5959 Schwester Catrina ders von Bümplin
4882 5869 4925 5930 .
3395 5873 4950 6075 alhar In die Vndere gefangenschafft gefüert
3372 5965 4999 6159 und anfängklich vor corgricht gegen ein
3388 6045 4952 6251 anderen confrontirt und zu red gestelt
3388 6153 5037 6370 als auch hernach auß beurlich unserer gnedigen
4921 3479 4962 3554 .
