5472 7296
1308 1489 2777 1785 Isere Vrsula Sönglin nechst empfehlung
1333 1636 2653 1899 Irer seelen Gott dem herren dem
1314 1755 2765 2015 scharpffrichter übergeben und anbeuolen
1328 1885 2729 2083 werden, welcher sy obenauß auff¬
1343 1991 2705 2222 gewohnliche Richtstatt fuehren vnd
1332 2100 2716 2352 jedermennigklichem zu einem offen¬
1344 2223 2729 2451 lichen exempel, vnd kunfftiger hin¬
2193 2340 2293 2426 e
1317 2360 2716 2587 derhaltung dergleichen bosen Gotts
1328 2469 2708 2678 lesterlicher zungen, da daselbsten das
1347 2584 2720 2789 des haupt abschlachen sy also nach dem
1320 2691 2747 2897 Keiserlichen, vnd diser Statt Hern Rechten
1361 2798 2725 3010 mit dem schwert vom leben zum todt
1327 2920 2599 3167 hinrichten solle. Actum vnd
1350 3033 2625 3278 exequirt 1. decembr 1657.
1346 3171 2725 3386 bey dero examine warherr Groß
1353 3297 2687 3495 weibel Kilchberger vnd Vnder¬
1354 3401 2700 3632 schidenlich etlich nicht, der Burger
1316 5617 1452 5724 har
1577 5670 1707 5742 ser
1200 5697 2208 5952 harrer sie er dreicht ertrete
1051 5770 2099 6078 Aerait nit meind wegen
969 5888 2123 6177 ahet werck verordnete sie es de
1189 6046 1750 6239 nnsere e
1809 6147 1998 6298 a
2810 2089 2917 2260 d
3074 5491 3258 5707 ren.
3208 5952 3256 6015 11
4577 1438 4717 1569 28
3270 1471 4491 1683 Philipp Vader, der
3387 1641 4452 1796 jünger dißmahligen Wirths
3442 1726 4179 1878 sohn von Rümplin.
3315 1816 3442 1920 16.
3270 1908 4722 2093 dan die gottsforcht, und auch das gesam
3237 2028 4776 2193 Gottes Jemandem vnder allen menschl
3233 2134 4706 2294 wol vorzubilden, vnd einzuscherpffen
3219 2244 4715 2412 So ist solches insonderheit hoch nohtwendig
3200 2347 4606 2508 zu thun, gegen der Bluegenden, vnd
3241 2454 4625 2618 frechen jugend, als welcheren die
3234 2545 4625 2719 verderbte art, und thorheit an das
3227 2646 4667 2842 heren gebunden vnd die da mit dem
3228 2764 4760 2959 unkraut der halb starrigkeit und ungen
3182 2873 4736 3076 horsams auffzuwachten pflegt, sonder
3231 2987 4808 3180 sich wo daßelbig nicht alsbald im anfang.
3248 3087 4783 3294 mit erforderlicher guten vnd straf¬
3258 3205 4747 3431 Ein außgereitet wirt, darauff dan
3252 3306 4794 3491 endtlich ervolget, was in den weysen.
3237 3425 4819 3644 spruchen gelesen wird, in narrech
3216 3519 4803 3735 ster und ungehorsammer sohn, ist seines
3255 3639 4780 3856 Vatters frauwren, Vnd ein betrueb
3262 3756 4749 3966 nuß seiner muter, die in geboren
3257 3853 4785 4048 hat, in solche böses und weniges exempel
3253 3949 4816 4131 der gottlosigkeit, als starrigkeit und
3257 4082 4746 4301 Vngehorsamb, hat nit mir die blue¬
3202 4183 4836 4414 gende Jugend, sonder mennigklich Ins¬
3250 4308 4845 4516 gemein an gegenwürtigen Jungen
3230 4436 4225 4666 gsellen schilipe Rader,
3262 4581 4912 4761 dan nachdem vnd obschon derselbige wegen
3270 4676 4718 4855 gefuegten vngehorsamen, vnd auch losen
3272 4793 4774 4956 lebens beides von seinem elteren als
3289 4893 4849 5063 auch durch vnderschidenliche Torgricht¬
3284 4984 4892 5148 liche citationen, vnd ernstliche bescheltungen.
3258 5099 4841 5291 zu wahrer beßerung angemant, ja auch
3283 5185 4882 5380 wegen er mit vergeß seiner kindtlichen
3255 5292 4904 5511 pflicht, seinem Vatter vbel gefluchet, mit
3265 5421 4932 5607 volgenden worten, daß derselbig dennoch
3294 5540 4846 5693 ein hurenbub sey, vnd mueße einen
3298 5624 4803 5827 bleiben, vnd solte Ihn mit respect zu
3285 5729 4842 5919 reden der teuffel holen, verschine¬
3296 5824 4825 6034 nen jahrs im hornung auß oberkeit
3257 5940 4867 6143 lichem bemelich durch die bettelvogt all¬
3265 6043 4798 6259 hier mit enten geschweizt und ges
3261 6131 4848 6428 züchtiget worden, so hat er doch dise
