5472 7296
1480 1393 1640 1567 e
1665 1447 2624 1698 Globeth Vitart.
1557 1626 2402 1827 Jhaar Bikachs tochter.
1410 1848 2783 2065 Als dieselbige alhier zu bern, In eines
1423 1968 2797 2180 gwüßen herren dienst gewesen und
1445 2083 2763 2294 weinaußgeben und sich mit einem
2778 2212 2836 2303 .
1436 2170 2787 2384 gweßen frembden Studenten auß
960 2255 1298 2415 Alexander
1432 2283 2872 2494 sünten im selben hauß, so weit in und
1439 2399 2821 2608 zucht vergeßen, daß sy von demselbigen
1400 2515 2873 2700 schwanger worden, und von selbiger
932 2582 1061 2754 r
2806 2691 2881 2761 e
1410 2620 2812 2841 Zeit an, Je mehr vnd mehr in Schwach¬
1156 2733 2881 2978 seiten tres leibs gefallen und mit einer
1389 2846 2889 3035 Sonderbaren geschwolst am gantzen leib¬
1434 2958 2898 3183 behafftet gsin, daß ein hoche oberkeit auf
1415 3078 2829 3269 sonderbarten gnaden und Christlicher
1425 3191 2817 3384 erbärmbd, sy in dero kranknen
1406 3310 2821 3494 Spittal der Insul auffnemen der¬
1423 3423 2886 3603 meinung sy von derselben Irer krank
1395 3544 2371 3743 heit cariren zu laßen.
1338 3689 2884 3884 ds welicher gangen zeit der fur sy ire
1382 3816 2888 3984 underem herren getragen leibsfrucht¬
1377 3916 2902 4102 wider wüßen und gewüßen boß
1381 4013 2865 4221 haffter wegs verschwigen und nach
1427 4142 2837 4324 solchen starken trankeren als Cur
1422 4259 2838 4431 getrachtet, dardurch dieselbe Ire
1405 4363 2804 4546 leibsfrucht In mehr vnd mehr ge¬
1411 4462 2864 4646 schwecht worden, in maßen sy im
2803 4628 2862 4733 .
1399 4578 2814 4764 verdacht deß schwängeren leibs von
1407 4683 2841 4868 der insul widrumb außgestoßen sich
1403 4800 2834 4955 zu anderen mittlen begeben, doch
1370 4882 2886 5039 aber die sach weiter nicht verbergen
1415 5007 2788 5205 noch vertüschen können, alls daß sy
1421 5121 2898 5277 endtlich wider alles laugnen alhier
1408 5222 2885 5421 an der schaublatz gaßen in einem Hanß
1426 5340 2881 5499 Ires getragnen Vnschlichen kindts nider
2294 5449 2379 5516 e
1416 5449 2826 5635 fahren, und weillen sy wegen sy
1432 5563 2880 5748 in der genist mit demselben unge
1426 5645 2795 5835 buglich vmbgangen, In den Verdacht
1411 5756 2891 5966 gefallen, als hette sy daßelbig weßent
1370 5857 2875 6086 schafft und mutwilliger wegs zum todt
1410 5979 2868 6183 verwahrloset, vnd deßhalber auff nicht
1410 6070 2888 6268 Vnd Oberen abgangnen Melch alsbald alles
1407 6193 2703 6404 ernsts darumb zu red gestelt und
3192 2596 3235 2678 de
3193 4465 3288 4567 6
4758 1483 4886 1624 11
3377 1710 4870 1880 xaminirt worden, doch aber dazumahl gar
4869 1807 4919 1861 .
3420 1811 4944 1966 nüt anders bekennen wollen, dan allein das
3427 1912 4851 2063 was bißhero gemeldet, mit entschuldigung
3420 1989 4846 2163 daß sy angenlich nicht gewußt habe, daß sy
3419 2089 4868 2234 eines kindts schwanger sey, sonder es vil
3416 2174 4880 2313 mehr einer anderen krankheit zu gemeßen.
3404 2287 4861 2443 Diß zu der zeit als sy abends spaht in der
3422 2372 4873 2532 nacht, in kindts nacht gefallen, weillen, aber
3436 2468 4919 2632 schon bey tag und nacht, sy deß kindts nit mehr.
3411 2566 4863 2724 innen worden noch gespürt, habe sy desto
4794 2719 4835 2777 .
3412 2662 4793 2808 minder darauff achtung geben und das
3387 2753 4854 2924 kindt, welches todt auff die weldt kommen
3429 2858 4837 3003 selbiges zu verbergen in ein großlachtes
3422 2955 4900 3124 nachtgschwerener gestoßen, da sy nochmahl
4891 3003 4957 3091 .
3422 3061 4896 3236 nit gewüßt habe, was es sey, sonder irer
3400 3151 4500 3323 Sinnen ganz verstokt gewesen.
4875 3309 4938 3427 .
3386 3265 4881 3470 darauff sy wegen domahliger schwachheit und
3392 3388 4795 3563 Vnbestendigen zweyfelhafften reden, im
4872 3552 4936 3607 .
3382 3489 4873 3657 Oberen Spittal an eysen geschlagen, vnd da¬
3412 3598 4625 3763 selbsten biß dato enthalten worden.
3367 3764 5013 3965 Anzwüschen aber und nach erscheinter ver
3394 3898 4959 4067 widerhalter zimlicher gesundtheit, sy auff
3397 3989 5009 4169 hochgedacht ir sonden underschidenliche beuelich
3392 4099 4966 4272 durch die herren cristlichen besucht und
3385 4178 4931 4349 Insonderheit durch meinen hochehrenden
3350 4279 4905 4446 Herren Abraham dennen, deß kleinen
3367 4382 4954 4545 herren Johann Anthoni Kilchberger und
3383 4476 4960 4625 junckherrn Großweibel von Luternow
3373 4576 4968 4755 zu underschidenlichen mahlen, sonderlich
3352 4676 4890 4873 aber letstlich den 25. maii jüngsthin
3393 4788 4962 4973 und den 18. diß monats ernstwortlich
3392 4873 4939 5070 und mit antrowender Marter, zer¬
3404 4988 5014 5195 bekantnuß der warheit und entladens
3387 5094 5039 5275 Ires gewißens vermant, vnd examinist.
3397 5202 5041 5400 worden, dieselbige hat nun in erlen
3392 5289 4946 5507 terung vorgeschribner bekantnuß noch
3383 5418 4671 5614 Verners versahen wie volget:
3374 5544 5054 5785 Namlichen es habe der hievor anzogne fron¬
3387 5651 5091 5925 de Student sy zum ersten mahl zur unkeüsch
3378 5787 5036 5980 heit angerechtt und sy zum fahl gebracht
3396 5887 5084 6117 welchem auch Ir todt geboren vnehrlich kinde
3389 5973 3732 6127 gehörte.
3203 6085 4958 6346 nach disem habe sy zu underschidenlichen
2888 6219 3325 6387 Maniel Gerber
3399 6228 5054 6423 mahlen, die anzahl aber Itten nit bekant
2876 6320 3129 6442 selter.
3399 6334 4997 6576 mit einem eheman vnd burger diser
