5472 7296
1416 1431 2436 1675 Baitli Gutticoser
1507 1605 1999 1781 von Rohrmos.
1176 1785 2636 2111 sals derselbige umb vorgemelts Ull
1237 1909 2618 2132 Gerigs anklag und vergicht willen
1251 2030 2550 2275 Auff hoch Oberkeitlichen bevelch
1285 2132 2618 2366 dorten zu Rohrmus abgehalt und
1301 2258 2702 2515 alhier In gefangkliche verhafftung
1192 2372 2582 2651 genomen, auch wolgends hiener
880 2484 2696 2769 Den 17. aprilis jungst durch vor
1310 2628 2725 2826 vnd wolermelten, meinen hoch¬
1325 2773 2720 2992 geehrten herren examinatoren
1253 2907 2733 3098 von Bonstetten, In beysein vbriger
1299 3034 2724 3197 vmielter meiner Vertten, wie auch
2539 3168 2616 3267 .
1290 3147 2530 3399 Urnach den 30. dito, als zein
1329 3279 2775 3487 anderen mahl, gegen vorgedachten
1322 3391 2760 3595 Ulli Gerig confrontirt, und alles
2654 3593 2758 3684 e
1362 3515 2657 3741 ernsts examinirt, und ermant.
1332 3671 2762 3860 worden bey so beschaffnen dingen
1356 3776 2745 3990 und vilfaltigen, gann verdächtig
2617 3992 2660 4056 .
1342 3923 2614 4135 gleiblichen vmbständen, die
1339 4058 2609 4238 züre warheit zu bekennen
1348 4196 2682 4399 und da nichts zu verhalten, hat
1339 4329 2716 4532 Jedoch derselbige weder das erste
1364 4468 2692 4658 noch andere mahl gantz nit ge¬
1344 4593 2725 4787 ständig sein, weniger einich ding
1338 4706 2628 4907 darvon weßen wollen, daß
1335 4833 2745 5043 er disen gerig zu disem diebe
1343 4959 2712 5186 stahl reuer angewisen, noch dem
1349 5086 2723 5305 selbigen darmit abzuhelffen ver¬
1321 5184 1879 5375 portochen habe.
1285 5326 2722 5533 Wol aber als gerig das bloß albereit
1324 5426 2762 5635 in handen gehebt, habe er wol gewüßte,
1309 5554 2756 5760 daß derselbig es entfrömbdet den
1308 5666 2759 5911 selben aber dort zu solchthurn (auff
1294 5787 2739 6017 deß verlürstigen Christen Hoffmans
1267 5922 2764 6133 gethanes nachfragen nit entdeken
1294 6041 2729 6280 wollen, damit er dort nicht einge
1267 6177 2729 6413 zogen wurde, sonder mit seinem
4570 1469 4715 1579 32
3156 1526 4713 1744 Hauptman fortkommen könte und konne
3116 1685 4663 1852 zwar nicht ab sein dan, daß er hernach
3170 1776 4613 1935 Ußert der statt bey Solothurn imme
3183 1860 4702 2035 derig das erlößte gelt umb zu schauen
3212 1965 4649 2134 wie vil es sey abgefordert, habe aber
3200 2078 4653 2253 nicht so vil wie angeben, sonder mir
3199 2165 4635 2330 allein zwen halb langs blane sampt
3212 2275 4690 2468 einem dünfft bätzler daruon behalten.
3211 2375 4692 2552 so er berig imme darvon gelichen habe.
3213 2501 4678 2651 Da aber kein hierüber imme abermahlen
3186 2588 4658 2739 Vnder augen widersprochen, es sey vnder
3183 2646 4819 2911 disem gelt gantz kein funff beyler gewesen und
3185 2798 4691 2984 habe er Butikofer eigenlich die 32 g
3188 2905 4159 3106 darvon für sich behalten.
3140 3059 4729 3266 Als aber er Rutigkoter mit vnd neben
3219 3174 4613 3371 imme gerig in streke thurn gefiert,
3206 3301 4701 3473 denselben gleicher gestalten die Marter
3207 3417 4589 3607 gebroct und gezeigt worden, ist er
3214 3509 4724 3701 gleichwol nochmahlen deß anstupfens
3223 3629 4739 3826 Vnd anweysens halber zu solchem dieb¬
3237 3717 4730 3961 ahl, auff seinem vorigen Vernemen
3224 3848 4752 4055 und laugnen verharret, und weiter
3205 3984 4739 4199 dißmahlen nicht zu bringen gsin, als daß
4723 4155 4791 4278 .
3227 4093 4734 4298 er endtlich auff zusprechen, so wol
3232 4218 4734 4400 seinem leis, als seinen armen acht
3221 4340 4786 4514 lebigen kinden zu verschonen) sich er
3226 4466 4758 4658 geben, namlichen weillen gerig
3233 4572 4815 4808 solches so theüwe behengen könne, daß
3241 4727 4777 4924 er Bubikofer inne angebuer maßen.
3219 4853 4833 5050 zu disem diebstahl angewisen, so wolle
3243 4964 4790 5171 er daßelbige eh sonst glauben, dan er
3255 5093 4797 5271 sey domahlen gantz trunken vnd aller
3241 5222 4716 5415 voller wegen gsin, konne sich jedoch
3223 5338 4716 5516 daran nit versinnen, wan er das
3240 5464 4786 5645 gethan hette, were es Imme von hertzen
3260 5574 4816 5780 und, w��e aber gantz nit, daß er ge
3258 5714 3726 5908 schechen sey.
3268 5824 4818 6047 Den 1. maii 1688 vor raht nach angehör
3253 5950 4852 6138 ti process habend nichte erkent, daß
3248 6075 4835 6255 diser mit hievorgeschribnen seinem mit¬
3266 6135 4837 6348 gespan zu Wolnerdienter gnedigen straff
3270 6258 4842 6409 mit hetten vnd lug ins Schallenwert
3277 6337 4744 6513 gescheidet vnd alde enthalten werden
3279 6386 4850 6595 solle, ohne Vernere prad biß Michels tag
3269 6505 4797 6727 soll das entwendte erlößte gelt er seyen
3281 6655 4230 6859 und allen besiensten behalt.
4332 6664 4445 6832 2
