5472 7296
1185 1489 2528 1789 Item verndrigen jahrs im embdet
942 1674 1082 1823 32.
1209 1639 2629 1891 seinem man zu walthauß in alts heimlich
1218 1781 2467 2019 Endtlich vnfehr von dießbach, habe er
966 1932 1070 2047 33.
1204 1871 2646 2119 entwendt ein ysine zangen, so daselbst
855 1999 2586 2233 ir seine diebstal by einem hauß, auff einem bloch gelegen
891 2195 1207 2311 p. 27. articire
876 2256 1190 2346 wanden mögen
872 2311 1209 2436 sich gelauffen geben,
1321 2222 2678 2498 lachdem nun dise sein Michels zum Stein
871 2377 1214 2502 ferd auff die 40
1210 2345 2671 2607 gethane, auch endtlich an der Marter erhaltne
1206 2439 2663 2697 und bestätigte Vergicht, und bekantnuß, so
1211 2532 2720 2794 viler ergerlicher mißethaten schwerer sunden
1212 2649 2706 2891 und lasteren endtlich für hochgedacht in ihren
1225 2754 2675 2989 und oberen lacht und burger kommen und
1223 2845 2683 3122 gelanget, daselbsten auch nach deren Vile¬
1188 2977 2647 3217 und wichtigkeit wol betrachtet und er
2547 3143 2646 3221 e
1242 3104 2548 3368 wogen worden, habend hochgenant
2552 3277 2606 3326 .
1245 3199 2543 3456 nichten, auff iren eidt erkent und
1241 3323 2694 3580 gesprochen, daß diser Michel zum stein
1216 3443 2571 3681 dem Scharpffrichter anbenolchen vnd
1221 3562 2644 3802 vbergeben werden, welcher jene oben
1221 3663 2680 3889 auß auff gewohnliche Richtstatt fuehren.
1220 3794 2539 4016 daselbsten gene das haupt abschlachen
1221 3890 2637 4131 vnd also denselben, als einen vbelthä
1189 4014 2656 4255 ister, nach keiserlichen vnd diser Statt
1208 4138 2665 4368 Been Rechten, mit dem Schwart vom
1222 4292 2402 4489 leben zum todt zurichten sölle.
2481 4510 2532 4582 .
1144 4436 2478 4703 Ist zinstags den 26. octobr 1658
1190 4590 1976 4820 exequirt worden.
2759 1705 2833 1810 .
2790 2500 2868 2693 1
2764 2648 2936 2864 .
2925 2908 2975 3072 d
3006 3358 3091 3494 er
2988 3738 3083 3869 d
4576 1490 4672 1626 7
3122 1507 4558 1735 annte Jacob Furni dar
3240 1650 4137 1841 renwirth von ius.
3164 1983 4565 2205 achdem Hanns Jacob Burni
3104 2143 4747 2331 Bärenwirth von inns hören und versten
3127 2265 4661 2421 merken mögen umb was puncten und
3128 2347 4686 2533 sachen sein verschinen sommers zu erladen gen
3096 2457 4657 2617 jengklich eingezogene dirnen Margret
3118 2546 4717 2746 Brobst von ins nach ernstwortigem exa
3111 2667 4624 2825 men, und angewendter marter, inne
3119 2754 4677 2964 angegeben, vnd beklagt, Namlich daß
3136 2855 4735 3077 er sy schon sitz zechen jahren dahero in un
3124 2974 4709 3187 künschheit und fleischlichem mutwillen
3111 3084 4720 3284 umbhergezogen, und daß sy vor ehege
4657 3223 4714 3317 .
3123 3200 4661 3437 fehrd und 7 jahren von imme zum
3125 3309 4725 3492 anderen mahl geschwängeret worden.
3121 3417 4792 3646 dieselbigen ire leibsfrucht aber nicht zur
3113 3524 4663 3752 zeitigung kommen, in demme er Turm
3143 3642 4732 3884 vmb dieselbige Zeit, in seinem Neüwen
3154 3770 4805 3995 hauß zu ins iren neben zweyen fronen
3129 3886 4773 4097 ingelt einen trunk gegeben, darüber
3132 4000 4833 4217 das nachgehnderen todt auff die weltkom¬
3155 4134 4818 4316 nene 14 wüchige kind von iren auß
3107 4251 4789 4463 getriben worden sey und under
3142 4365 4720 4550 anderem sy auch uffgewisen, wan sy
3134 4480 4659 4708 von imme schwanger, solle sy das kind
3149 4623 4773 4826 gleichwol nicht Ime geben, sonder einen
3151 4706 4799 4934 anderen anklagen hater Turni dan
3090 4842 4692 5079 rüberhin zum anderen mahl, den
3129 4970 4821 5188 Vßeren genommen, Vnd dardurch solcher
3152 5096 4893 5321 lästeren und mißethaten halben sich selbsten
3146 5214 4893 5405 auch, dergestalten verdächtig gemacht, daß
3133 5348 4907 5520 Uber diser Margreth Brobstin von Erlachen
3143 5432 4785 5657 alhar geschikte verricht und sordcedur
3163 5555 4846 5747 mein gnedig herren vnd oberen gnugsam
3139 5659 4751 5885 verursachet worden auff denselbigen
3153 5791 4862 6008 greiffen, oder (wie geschechen) rechtlich
3152 5907 4632 6129 citiren und proclamiren zu laßen.
3135 5974 4855 6242 Vnd als darauff, vber vernere anklag, vnd
3143 6157 4811 6364 berechtigung, daß er vor jahren einen
3145 6227 4846 6502 gwüßen weysigen burgender in seiner
