5472 7296
1274 4948 1359 5056 1
1561 1474 2546 1742 Osbeth Nätzer
1712 1622 2501 1816 von Allewyl hinder
1867 1750 2359 1924 Bienisperg.
1421 1842 2903 2059 ab gewißene in dem Bentzen deß menschen
1394 1966 2899 2168 ist vilmehr und stecker dan vil tausent
958 2039 1377 2204 und ein erschroken
1399 2042 2867 2254 gehungen, das habend bald von erschaffung
982 2154 1349 2253 gewißen versihet,
1389 2148 2897 2368 und anfang der welt ann vil underschi¬
980 2223 1310 2342 sich deß ergsten
974 2295 1156 2408 Sap. 13.
1304 2244 2887 2455 sedenliche denkwürdige exempel an vile¬
1389 2332 2889 2526 armen menschen erwisen. Cain sprach
1389 2425 2874 2660 vber sein verbrachtes brudermord, meine
1375 2543 2814 2781 fünden sind großer, als daß sy mir mon
1377 2646 2914 2876 gind verzogen werden, Judas nachdem
1394 2755 2841 2969 er Vnschuldin blut verrahten, gienge hin
2489 2841 2889 3022 dergleichn
1382 2876 2256 3054 und erhenkt sich selbsten.
1376 2958 2899 3191 böse fahl, vnd Vnmenschliche vorhaben, bege¬
1382 3071 2875 3260 bend sich leider noch vil bey disen so bösen
1366 3170 2838 3371 und kläglichen zeiten, daß fürnemmlich
1368 3277 2902 3488 auß mangel der erkantnuß und dorcht
1367 3400 2855 3605 Gotten, Etliche menschen, nachdem sy von
1367 3514 2853 3686 Jugend an, mit verzeugtem hann aller¬
1394 3618 2894 3751 andt kinden und mit willen nachgehenge¬
1369 3718 2790 3889 let, vnd gleichsam Vnempfindtlich Ire
1369 3813 2891 4015 mißethaten geheuffet, endtlich daher gerah¬
1342 3924 2821 4110 und, daß jetz sy ire verbrachten sünden
1378 4042 2867 4200 und laster offenlich bekennen, vnd Gott¬
1832 4145 2040 4234 ze
1363 4143 2899 4335 die ehe geben sy auß trib bösen geweßend
1346 4245 2882 4441 und nachjagenden anklegers lieber selbs
1344 4365 2772 4544 handt anlegen und sich von der wellt
2356 4464 2804 4639 d. in solch
1383 4470 2128 4609 auß gotten wollend.
2123 4502 2314 4631 .
2437 4584 2515 4662 s
1364 4570 2850 4763 leidiges erempel habend inghen und
1365 4691 2792 4833 oberen abermahlen an diser armen
1356 4812 2845 4956 Weibsperson Elsbeth Ratzer von Allen¬
1377 4898 2759 5082 wyl zu höchstem bedauren hören und
1362 5015 2206 5172 vernemmen müeßen.
1375 5099 2873 5298 dan nachdem dieselbige in Irer Jugend
1369 5223 2896 5388 und ledigem Standt in frechheit, und Mutt
1340 5311 2820 5501 willen daher gelebt und irer elteren
1363 5430 2880 5589 raht nicht vil gevolget, auch nachdem sy sich
1373 5525 2865 5694 verehelichet hatte, ir leben, ob sy gleich das
1391 5611 2854 5803 wort gottes zimlich besucht, anderst nicht
1385 5727 2874 5915 angestelt, noch gebeßeret, als daß sy nach
1379 5824 2829 5996 vilen vertüschten und in irem gewißen
1394 5929 2855 6103 verschlagnen bosen lasteren und minethan
1371 6022 2878 6196 ten auß eingebung deß leidigen stans
1368 6106 2796 6326 in verzweyfftung gerahtten und vor
2508 6307 2863 6424 etwan
3133 2471 3184 2555 s
3258 2284 3313 2350 11
3317 1623 4833 1824 Etwas zeits sich ab einer bruggen in das
3341 1764 4846 1933 waßer gestürzt und also sich selbsten leiblos
3343 1863 3937 1988 machen wollen.
3305 1926 4951 2116 Nachdem aber sy darauß errettet und widrumb
3310 2056 4938 2198 nach hauß gebracht worden, gleichwol ir höchst be
3338 2129 4892 2297 sschwartes böse gewißen iren kein ruhw ge
4900 2195 4943 2242 .
3317 2211 4824 2361 laßen, biß sy außselb eigenem antrib den
3296 2286 4798 2465 11. tag letst verfloßenen meymonats sich zu
4797 2282 4865 2420 .
3286 2382 4773 2534 dem Hn. predicanten zu Seedorff begeben
3310 2476 4885 2605 welchem sy den mehrern theill irer verüebten
3298 2566 4850 2731 bösen sachen und mißethaten gutwillig entdekt
3295 2659 4820 2814 und bekent hat, habend hochgeacht nichten, und
4843 2781 4900 2869 .
3292 2771 4845 2883 oberen, nach eingelangtem bericht, disem vbel
3296 2845 4835 3011 mit mehrerem nachforschen und nohtwendige
3294 2939 4444 3117 information auffnemmen laßen.
3262 3042 4812 3257 auff weliches hin sy gefängklich alhar gefüert,
3308 3172 4817 3321 auch volgends auff ir gudt, bevelch durch
3259 3265 4838 3436 die hochgeachten auch Ehrenvesten Bromen
3264 3343 4870 3514 dernemmen, fürsichtigen und wysen herren
3280 3452 4909 3621 Hen. Niclaus gottsehlt deß keinen nachts
3724 3558 3811 3621 .
3309 3555 5009 3706 en Peter weßen obern spittalmeister wi
3280 3635 4928 3799 Hanns Rudolph jennes alten vogt von Fries
3247 3737 4763 3902 nistern schen Hanns Anthoni Kilchberger
3227 3830 4859 4028 Hrn. Damel Jenner, und jungkhen Groß¬
4860 3872 4902 3978 .
3234 3936 4810 4106 weibel von Lauternow all deß großen
3270 4042 4885 4205 lahrs, anfangs den 22. volgends den 25.
3271 4134 4782 4312 May letstlin, Item den 3. Vnd 5. diß
3288 4247 4827 4406 monats uber ob anzognes predigenes
3277 4346 4866 4519 angeben und bekantnuß zu Underschin
3284 4454 4895 4632 denlichen mahlen ernstwortig endtlichen
3267 4550 4902 4772 aber auch mit angetrowter und zeigung
3252 4653 4886 4860 der Marter examinirt zur bekantnuß
3265 4778 4948 4961 der warheit und entladung ires schworen
3274 4866 4920 5084 gewisens vermant worden, dieselbige
3246 4987 4891 5204 hat nun nochmahlen bekent, wie volget:
3246 5154 5022 5411 Erstlich als sy anfängklich einem die ehe auff
3279 5293 4978 5507 richtig versprochen, welcher etwas als gewesen
4965 5421 5024 5486 .
3273 5397 5048 5603 und aber vor besuchung selbiges ehe einanderer
3252 5492 4947 5696 kommen, der etwas jünger ihm, habe sy dem
3284 5598 4977 5809 ersten die Versprechung widrumb gelaugnet
3257 5673 5012 5897 Vnd also von demselben gescheiden worden.
3254 5794 5079 6061 Mit dem anderen aber habe sy ohne kirchgangen
3262 5890 4822 6106 zwey jahr lang in mutwillen gelebt.
3195 6015 4915 6243 dum anderen, als sy zum andren mahl
3221 6114 4970 6373 von demselben schwänger worden, habe
4512 6328 4688 6499 sy.
