5472 7296
1279 1533 2454 1778 Achel zum Stein
1495 1702 2417 1902 gepurtig von Langnow.
1210 1891 2730 2131 Vnder allen bösen sunden und Casteren
1228 2022 2719 2230 dardurch der Mensch Gott den herren
1235 2117 2683 2382 zum Vilsten erzürnen, da sich selbsten
1197 2235 2733 2469 In die höchste gefahr, schand, vnd Schmach¬
1259 2348 2762 2573 sturgen, und verwigklen kan befinde
1279 2478 2732 2674 sich der leidige unfleßig gang zum aller
2594 2650 2642 2703 .
1247 2599 2582 2811 gefahrlichsten, darumb derselbige
1248 2689 2741 2934 billich genamset wirt ein küßen deß
2689 2876 2752 2979 .
1254 2823 2669 3035 leidigen Satans, auff welchem der¬
1286 2933 2726 3147 selbige den menschen gleichsam ent-
1296 3059 2761 3273 schläfft und untüchtig macht zu ehttlicher
1288 3167 2544 3364 arbeit, denselben auch als mit
1293 3289 2719 3475 einem strik von einer sind in die
1293 3427 2670 3601 andere füehrt, welches die erfahr
1294 3538 2694 3730 rung leider von zeit zu zeit mehr
1277 3654 2714 3867 als gung mit sich bringt, und
1280 3771 2640 3992 deßen und abermahlen durch
1273 3932 2695 4124 disen (gegenwürtigen Sarmen.
1287 4082 2696 4250 menschen Michel zum Otene ein¬
1248 4168 2714 4391 Frisches vnd leidiges exempel fur¬
1282 4327 2089 4514 angen gestelt wirt.
1247 4445 2764 4644 dan als derselbige hievor den 5. tag
1246 4595 2684 4776 letst verschinenen augstmonats zu
1233 4717 2685 4908 Rieders wyl im wirtshauß über
1233 4826 2623 5016 gwuße gegen ehrlichen leüten
1252 4941 2774 5140 vernebte böse trawwort und ergeben
1207 5062 2755 5265 liches wesen ergriffen gewarsam
1255 5179 2674 5388 sich nacher Trachselwald, alwo er
1248 5289 2774 5485 anfängklich seinen namen verlange
1203 5420 2726 5609 aet volgends von dorten alhero
1215 5511 2741 5758 In die obere gefangenschafft gelinert.
1224 5658 2731 5840 worden, sampt fründtlichem bericht.
1190 5773 2745 5995 was gestalten er vor ohngefehrd zweyen.
1196 5903 2694 6097 Jahren, drenden bey Seeberen gegen
1175 5997 2732 6226 Solothurn wegen eines mit hilff
1163 6126 2708 6340 Dietschihauses sohn, seines domahligen
1179 6257 2698 6467 gespanen, an einem Schleiffstein Ver¬
2278 6416 2713 6557 nebten
3150 2107 3190 2237 h
4558 1447 4674 1562 33
3168 1586 4712 1771 vebten diebstahls ergriffen, zu erwangen
3201 1716 4636 1894 gefengklich eingezogen, gedemmlet, vnd
3211 1819 4654 1977 darüberhin ledig gelaßen worden und
3213 1897 4712 2055 weillen er sich für ein schleiffstein trag
3217 2004 4677 2169 ger außgeben, habe er zu kleinen höch
3208 2099 4738 2295 stetten auch ein schleiffstein entfrau¬
3215 2230 3553 2371 det
3155 2301 4596 2523 Item, daß er verndrigen jahrs im
4607 2467 4669 2552 .
3194 2440 4607 2618 meyen auß anlaß seiner dißmahligen
3185 2540 4759 2700 frawen schwöster Barbli Nüwenschwan
3187 2627 4746 2809 der (welche domahl wegen verbrachter
3214 2723 4650 2933 blutschänden, drunden zu Burgsdorff.
3201 2821 4786 3058 hingerichtet worden) daselbsten gleicher
3225 2947 4759 3146 gestalten gefängklich angenommen worden.
3227 3034 4817 3242 allwo er mit hilff eines imme von Christen.
3234 3144 4765 3349 einem gwüßen kremer von Marpach.
3206 3267 4755 3475 Lucernergerrets (deßen zunamen ime
3224 3348 4815 3573 Vnbewußt, in men geschleikten langen
3210 3473 4802 3695 schrötysens nach albereit außgestand.
3227 3581 4843 3769 nem examen, vnd etlicher verrahenen
3226 3696 4810 3914 diebstählen und rever, hurenfähleren
3238 3814 4789 4042 auß der gefangenschafft gebrochen.
3238 3970 3969 4105 und entrennen.
4813 4083 4898 4250 e
3251 4051 4812 4281 Vnd dieweillen vber obgeschribne ein¬
3227 4202 4777 4363 gelangte grundtliche berichtschreiben
3210 4306 4867 4511 diser Michel zum Stein meinen gnedigen
3240 4392 4778 4591 herren vnd oberen noch vernerer¬
3224 4527 4681 4737 bösen sundern und lästeren halber
3233 4656 4784 4835 In demme er die vorgehnden gnedigen
3255 4752 4761 4931 straffen und wahrnungen imme zu
3217 4869 4792 5061 keiner beßerung hat gereichen noch
3249 4965 4891 5163 dienen laßen, sehr verdächtig gefallen
3239 5084 4870 5308 Ist derselbig auff dero oberkeitlichen
3249 5202 4822 5392 gmelch, durch den die Ehrenuesten,
3232 5319 4749 5512 frommen, furnemmen, fürsichtigen
3266 5437 4833 5624 und weysen herren hrn. Vilicentz
3251 5560 4772 5752 hatbiett deß kleinen, den Johann
3235 5662 4849 5867 Rudolph Jenner alten vogt von Frie¬
3265 5784 4762 5998 nisperg hrn. Johannes Frisching
3260 5894 4913 6113 hen, damid Hellenberg, Herrn Sammel
3261 5999 4789 6200 werbern und hrn. Johanns Anthoni
3249 6123 4801 6356 Kilchberger Großweibel, als deß¬
