5472 7296
1093 1553 2673 1856 Item obwol gedachte alte pfruenderinn Bal
1151 1718 2634 1947 Verner Inne drußen, laut schreibens deß
1154 1832 2651 2070 beyschlafft anklagt, gescheche Imme dennoch
1163 1912 2626 2150 Vnrecht, vnd könne solches In keinen wegen
1177 2124 1538 2271 bekennen.
1154 2283 2701 2541 das gehörlose, vnd gantz stumme arme pfrün
1146 2398 2691 2629 dermeitlin drußen, Obwol es sich schwan¬
1150 2513 2662 2748 her befinde, seye er gleichwol auch diß
1160 2617 2671 2855 orts unschuldig, und was man ime auch
1176 2715 2656 2960 fur marter anthue, konne noch werde
1147 2851 2635 3071 er doch solches nit bekennen, darzu er
1175 2939 2628 3188 vilmahlen geschworen, vnd den nammen
1179 3108 1969 3327 Gottes mißbraucht.
1130 3342 2693 3575 Item daß er gwüßer von imme gehörter
1202 3474 2686 3681 worten halber, sein fraw betreffend.
1176 3581 2673 3783 wie sich dan dieselben durch verhörte.
1181 3698 2704 3882 Kundtschafft beider weiblen von Sedorff
1188 3811 2709 4021 Vnd Walendorff, so inne alhar gefuert
1192 3955 2696 4162 erfunden, Noch auch der verargwohn¬
1210 4060 2682 4262 ten, von seiner frawen in der Resi
1172 4188 2662 4394 zu Friensperg empfangenen Suppen
1183 4293 2644 4488 halber, dauon auch Hans Bart von
2611 4467 2656 4524 .
1187 4424 2610 4606 Redorff die bene getrunken, etwas
1186 4516 2699 4734 böses sagen oder bekennen könne, sy
1184 4653 2694 4847 gar nicht, allein, daß dieselbe alzeit
1194 4795 2582 4998 sehr vbel gefluchet vnd geschworen
1124 4972 2650 5221 Item, daß er bey genommenem abtrit
1158 5131 2664 5341 rever zu dem geheimen ort zu drien
1135 5257 2688 5454 sberg, underem selben schein auß einem
1170 5374 2647 5586 hoch in der mauren etwas genommen
1171 5504 2645 5697 vnd zerriben, sy anders nichts gset
1170 5610 2697 5797 als ein part batzen, welches gelt er vor
1185 5738 2700 5907 seiner frawen daselbsten verborgen
1178 5837 1610 6007 gehebt habe.
1131 5987 2739 6224 das hinder imme gefundene korn betref¬
1131 6138 2682 6323 und habe er keines wegs entwendt
1158 6241 2721 6479 sonder sitz etlichen jahren dahero, jeder
2753 5770 2816 5885 e
2813 2397 2901 2608 2
2810 5757 2891 5884 i
4493 1460 4653 1597 44
3099 1526 4629 1754 weillen, wan die Bauren bodenheist und
3076 1676 4579 1847 Zehnden gebracht, von Inen die fuhrling ab¬
3068 1780 4639 1942 gehandlet, undermahlen dauon weißes mahl
3073 1882 4637 2027 machen zu laßen, jedoch habe er gar niemahlen
3085 1966 4604 2111 wie man klagt habe) korn gan Bagkwegl
3067 2068 4130 2226 zumahlen geben, noch getragen.
3074 2194 4626 2365 Vnd will also Schließlich gar keiner dieb¬
3109 2294 4670 2448 stählen an korn, bracht, noch anderem gichtig
3093 2409 4632 2573 noch bekantlich sein, sonder deß einen und
3099 2512 4605 2665 anderen vorgeschribner grueten halber
4606 2552 4657 2618 .
3121 2619 4601 2775 ein unschuld durch die marter erhalten
3099 2714 4575 2867 und wahls zumuthens noch verners zu
3099 2828 4606 2999 erhalten sich ergeben, und entschloßen.
3084 3015 4645 3226 sambstags den 12. martii 1659. ist diß
3083 3145 4782 3348 küechlers vergeht und process vor mehren.
4681 3310 4723 3394 .
3098 3255 4661 3467 ergeseßnem raht abgelesen und erkent,
3097 3379 4672 3562 worden, daß er mit sampt seiner
3048 3495 4676 3713 frawen, so dißmahl sich widerumb
3881 3655 3923 3722 3
3081 3626 4673 3815 bey Beiensperg zuzeichen soll wegen.
3091 3749 4649 3953 beidersamen vernebten gottlosen
3089 3882 4704 4060 und ergerlichen lebwesens mit dem
3113 4008 4830 4213 midt ohn alle gnad, feür 10 Jahr von Ir Gn¬
3100 4125 4684 4288 Statt vnd landt verwisen werden.
3123 4266 4683 4430 sollind. Ist anden montags den 14.
3119 4391 4752 4597 Dito alhier Im Thūrn, an Ime Kūechler
3129 4522 4403 4742 erstattet worden
3553 4677 3719 4804 e
3454 4906 4450 5110 Ann Lehman
3528 5075 4480 5246 Obigen Matthis Knechters
3752 5184 4035 5344 fraw.
3097 5325 4798 5567 Dise Anna Lehman ist auch von Frieni
2970 5461 4766 5702 Vberg geworsamlich alhar gefuert droben
3103 5569 4796 5815 im thurn, wegen hie ob anzogner verdach
3073 5678 4692 5911 eigen Irem man gefochten suppen, vnd
3138 5795 4708 6009 onsten ergerlichen lebens ernstwörtig
3119 5915 4721 6103 examinirt, und volgends nach geschechner
3102 5992 4697 6232 relation vor mehren, in geseßnem raht
3107 6105 4739 6322 erkent worden, daß sy sampt obigem
3096 6211 4801 6461 irem man mit dem eidt von statt und
3109 6337 4635 6566 landt verwisen werden solle actum.
3107 6491 3879 6699 12. martii 1659.
