5472 7296
1278 1485 2721 1738 worten zur bekandtnuß und volkommen
1297 1611 2697 1826 ver entdekung der puren lauteren
1294 1720 2699 1946 warheit und fründtlichen verlauffs
1283 1830 2700 2052 diser sach, vnd was sonsten böses vnd
1284 1941 2676 2201 arges mehr in Irem herren stäken
1305 2071 2676 2293 mochte, erinneret und angemant
1293 2189 2665 2424 worden, hat dieselbige endtlich
1290 2303 2698 2525 gutwillig, mit einwendem herzen
1286 2445 2657 2634 und wennenden angen ohne
1288 2523 2620 2763 Marter angeben und bekent.
1283 2847 2677 3063 Camlichen ohngefehrd vor 16. oder
1276 2986 2657 3182 mehr jahren, als sy mit bedauren
1275 3106 2644 3305 vilmahlen gesehen, wie Ire Stieff¬
1303 3209 2706 3448 muter Barbli Mullerin sel zimlich
1284 3354 2683 3550 Vertrunken, vnd Iren Vatter sel¬
1288 3495 2717 3696 offt übel tractirt auch auff einmal
1289 3596 2713 3828 erspacht, daß dieselbige In einem
1304 3749 2709 3924 herdinen geschir etwas weins In
1288 3879 2698 4066 den schafft verborgen, seye sy in
1279 4018 2716 4197 gefaßten bosen nachgerigen gedan¬
1243 4135 2584 4346 sten heimlich hingangen, vnd
1280 4258 2718 4454 Inselbigen wein ohngeferden
1280 4386 2683 4573 maßer heim Voller Erem
1277 4514 2718 4694 de� ergsten giffts darein geworfe
1277 4650 2667 4863 fin, der hoffnung, daß sy herr
1263 4764 2710 4986 durch iren ab und zum todt helf
1184 4878 2728 5119 ohen wurde, In ansehen diesel
1268 5034 2719 5246 bige den gemelter wein Richt¬
1274 5153 2711 5391 an der nacht zu sich genommen, und
1245 5274 2728 5507 getreüten, sy habe aber densel
1193 5400 2722 5612 ben widerumb, rever, von sich
1221 5537 2642 5767 gebenn, vnd noch in die 6 Jahr
1264 5669 2694 5891 ang nach disem gelebt, disere
1269 5812 2687 6029 aber darüberhin gegen der
1265 5924 2651 6147 selben kein anfachtung mehr
2227 6074 2538 6198 zweiters
1247 6065 2594 6290 gehebt, etwas dergleichen, vor
1255 6186 2385 6400 irer todt zu verneben.
3080 3086 3141 3160 11
3083 5324 3191 5465 3
3134 6110 3174 6200 11
4517 1497 4634 1633 57
3045 1547 4526 1798 um anderen vor mehr als zwan¬
3128 1754 4564 1922 zig jahren, in irem Witwen standt
3138 1853 4433 2028 als auff ein zeit sy niemand im
3112 1964 4543 2114 haußgehebt, als ein kind und iren
3148 2049 4594 2224 Gerberknecht, welcher seinen alten
3148 2158 4623 2353 Meister, damahls gewesnen baderert,
3152 2275 4640 2443 Innhalgut bey Gernensee im Hauß
3141 2389 4699 2563 vber nacht halten sollen, sey derselbige
3145 2489 4749 2656 gewesene badwirt, iren unbewußt
3146 2608 4680 2818 Inselbiger nacht zu Iren geschloffen
3155 2731 4710 2893 mit deme sy zwar anfangs unwil¬
3156 2839 4661 3057 lig, doch entlichen sich mit fleisch
3155 2961 4619 3195 licher Vnzucht, vnd in ehebruch
3164 3147 3682 3334 vergeßen.
3206 3428 4736 3575 rittens als die hievorgedachte drun¬
3116 3558 4633 3721 oben zu Walters wyl abgestorbene
4673 3709 4730 3802 .
3156 3639 4678 3847 Catri Schöm vor jahren sich zu diser
3155 3749 4682 3973 Margreth Bengen verpflichtet, zu
3177 3883 4688 4070 Irem leben, Nahrung vnd vnder¬
3195 4002 4657 4187 schlauff bey irem alhier zu haben,
3175 4131 4710 4320 dargegen die gemelte Schöni, diser
3171 4241 4738 4463 Bernemen vnd Irencheman durch
3175 4372 4796 4577 ein auffgericht Testament Ir Zeitlich
3182 4487 4628 4693 haab und gut vergabet, sich aber
3189 4627 4737 4841 alhier bey Iren lenger nicht gedul¬
3140 4747 4718 4949 den mögen, als daß sy verursacht
3202 4871 4664 5064 worden, dieselbige hinab gan
3203 4981 4701 5185 walters wyl zu verdingen und
3197 5107 4815 5336 Iren jehrlichen 10 fl in gelt auß
3194 5255 4737 5450 zurichten, die sich doch abermahlig
3195 5371 4776 5604 daselbstern anderst nicht verträglich
3185 5494 4733 5715 halten können, als daß sy allezeit
3209 5633 4600 5880 Vnglegenheit vnd verdrießliche
3226 5787 4766 6020 sachen von Iren vernemen mueßen.
3189 5911 4733 6131 ergestalten, als dieselbe im letst¬
3197 6011 4747 6255 verschienen Sommer alhar zu Iren
3186 6133 4695 6372 kommen, sich dergens vnd magens
4260 6276 4625 6414 halber.
