5472 7296
1345 1460 2906 1701 beide mahl die Frucht oder kinder, durch
1392 1621 2909 1829 stätigs eingenommene tränker in muter
1371 1733 2893 1926 leib verderbt von Iren getriben und dem
1385 1845 2291 2029 nach sy in bach geschüttet:
1308 2032 2894 2298 heittens, nach dem diser sy verlaßen und sich
1393 2181 2895 2357 nach leütschland hinweg begeben, sy aber her
1377 2283 2882 2480 nach sich mit Hanns Lauper Irem Jezigen ehe¬
1360 2379 2898 2556 man verehelichet, vnd bey demselben drey
1370 2479 2845 2686 töchteren ehrlich erzenget, habe sy auß sorg
1383 2579 2805 2764 mehrer vnd viler anderen, widrumb
2835 2727 2900 2828 e
1365 2685 2842 2893 deß vorgemelten tranks gebraucht ver
1371 2795 2821 2970 nere leibsfrucht zu verhinderen wüße
1395 2892 2868 3108 aber nicht, daß sy dahar etwas verderbt
1382 3061 1576 3200 habe.
1346 3141 2859 3366 zum Vierten und in wehrenden welchen
1355 3287 2876 3482 zeiten sy vor langsten, da sy gleichwol schon.
1363 3374 2891 3570 in der ehe gewesen, habe sy mit deß hingericht
2601 3488 2643 3538 d
1376 3491 2716 3636 an Meyer springs vatter sel sich zum
2776 3649 2823 3695 .
1343 3608 2762 3774 zweytenmahl mit unkeüschheit und
2780 3739 2852 3849 .
1329 3698 2785 3872 Ehebruch vertrabt, weillen er iren von
1359 3811 2817 3991 deßwegen verleißen, in einem gwüsten
1344 3912 2340 4091 handel die handt zu preten.
1304 4050 2858 4274 zum künfften ebenmäßig vor langsten.
1323 4188 2869 4382 habe sy mit Lieni Wäber einem arzet.
1337 4307 2881 4482 von Biel auff ein mahl zu Wingreißen
1352 4432 2054 4595 die ehe gebrochen.
1315 4551 2846 4759 zum sechsten, habe sy sich gleicher gestalt
1312 4677 2886 4852 ten mit Hanns Jaggi Roht von Seedorff
1355 4771 2770 4963 fleischlich vergeßen, mit demselben
1351 4867 2520 5054 Burey und eebruch getriben.
1315 4994 2827 5193 zum sibenden, als man iren schaaff
1306 5138 2832 5302 Inhalben geben und wan man die
1362 5234 2829 5429 selben geschoren, habe sy alzeit etwa
2805 5387 2851 5459 .
1353 5347 2799 5535 zwey, den, oder Vier pfundt willen
1287 5452 2850 5639 dem gmeinder hinderhalten, und ent-
1305 5565 1793 5737 frömbdet.
1336 5716 2761 5923 lach, welchen vilfaltigen schwären
1392 5836 2735 6020 unden, und laseren, durch welche
1319 5943 2787 6130 Ire consciente vnd gewißen je mehr
1341 6043 2853 6218 vnd mehr auffgewekt, vnd beunrüeh¬
1309 6141 2820 6338 wiget worden, iren etwas zeits
2531 6322 2896 6493 nachden
2958 4254 3260 4388 Beßwegen
2985 4356 3087 4459 auch
3276 4258 3333 4428 y
4786 1458 4881 1559 10
3372 1525 4859 1719 Nachdem sy irer eltesten tochter hochzeit im
3388 1655 4864 1836 hauß gehalten, nachts als ir eheman neben
3408 1759 4874 1936 Iren am beth gelegen im traum natürlich
3413 1867 4942 2037 fürkommen, sein geist habe sy beschlaffen, darab
3418 1954 4771 2146 sy erwachet in großen schreken und
3418 2056 4912 2270 forcht gefallen, konne anders Iren nicht
3429 2166 4878 2341 einbilden, als daß etwas thätliches für
3419 2280 4867 2491 gangen sey, dan sy im erwachen weder
3388 2371 4836 2586 händt noch fuß habe verrieren können.
3404 2497 4880 2671 hernach noch zu zweyen underschiden,
3412 2615 4929 2799 lichen mahlen, habe sy auß dem schlaaffen
3390 2726 4842 2900 disen geist kommen gehört, da es sy dan
3398 2824 4900 2983 bedunkt, einmahl nemme er sy über die
3400 2920 4868 3106 arm vnd vber die Schrickel, das ander
3413 3031 4904 3217 mahl bey dem halb ohne daß sy gleichwol
3406 3136 4849 3337 einiche leibliche gestalt habe sehen, noch
3394 3271 4155 3453 gespüren können.
3380 3431 4868 3619 von welicher zeit an sy an dem gantzen
3380 3547 4909 3726 leib abgenommen und gantzellend worden
4732 3668 4852 3818 s
3390 3647 4733 3827 auch an allen enden und orten wo
3375 3750 4904 3931 gewesen vermeint, diser geist thüe iren
3397 3843 4878 4037 durch vilfaltige gesicht und antaseyen
3395 3957 4797 4147 allzeit nachsehen, also daß sy kein
3396 4069 4897 4238 seiner mehr haben könne und sey also
3394 4175 4936 4351 diß die ursach, warumb sy kein
3408 4283 4815 4462 luß mehr hab zu leben und in das
3388 4402 4370 4587 waßer gesprangen sey.
3352 4513 4963 4746 Welches alles sy endtlichen, nach ange¬
3407 4673 4970 4850 wendter Marter deß dumelerens
3401 4775 4933 4981 beständigklich erhalten und bestätigt.
3379 4909 4997 5124 Copey eines außzugs ußem Torgrichtsmannal
3368 5018 3914 5144 der Statt Bern¬
3358 5067 4841 5284 Den 10. junii 1696 ist Elsbeth kan wegen
3388 5195 5028 5394 eines mit Hanns Eberhard begangnen fählers
3383 5312 4910 5503 von der ehrbarkeit zu können, gan Bern in die
3413 5417 4161 5582 straff geschikt worden.
3336 5547 5036 5762 fr donstags den 4. junii 1657. ob geschriben
3389 5673 5003 5861 process vor mehr in geseßnem raht verlesen
3361 5752 4923 5949 worden, zusampt beider veren helffern
3398 5871 4919 6044 auch der herr Doctorn relation vnd befinden
3363 5975 5008 6156 habend ir gn erkent, daß wegen diser frawen
3386 6079 4980 6258 obligenden fantanen, vnd melancnoley, Ire
3396 6165 4978 6365 bekantnuß gang bedenklich, als sollend die herren
3365 6260 5000 6444 Doct und scherer der insul durch ein extra¬
3400 6354 4957 6536 ordinarii fur versuch thun ob iren zu hellffen.
3384 6452 4927 6641 und demnach dan auff Ire vergicht etwas
3375 6549 4871 6744 zusetzen sein mochte Actum ut supra
4884 2275 4944 2384 e
4894 3795 4950 3867 e
4899 3041 4985 3180 .
