<?xml version="1.0" encoding="UTF-8" standalone="yes"?>
<PcGts xmlns="http://schema.primaresearch.org/PAGE/gts/pagecontent/2013-07-15" xmlns:xsi="http://www.w3.org/2001/XMLSchema-instance" xsi:schemaLocation="http://schema.primaresearch.org/PAGE/gts/pagecontent/2013-07-15 http://schema.primaresearch.org/PAGE/gts/pagecontent/2013-07-15/pagecontent.xsd">
    <Metadata>
        <Creator>prov=University of Rostock/Institute of Mathematics/CITlab|PLANET AI GmbH/Gundram Leifert/gundram.leifert@planet-ai.de:name=German_Kurrent_XVI-XVIII_M1(htr_id=19584)::::v=2.6.6
prov=University of Rostock/Institute of Mathematics/CITlab|PLANET AI GmbH/Tobias Gruening/tobias.gruening@planet-ai.de:name=de.uros.citlab.module.baseline2polygon.B2PSeamMultiOriented:v=2.6.6
prov=University of Rostock/Institute of Mathematics/CITlab|PLANET AI GmbH/Tobias Gruening/tobias.gruening@planet-ai.de:name=/net_tf/LA73_249_0mod360.pb:de.uros.citlab.segmentation.CITlab_LA_ML:v=2.6.6
Transkribus</Creator>
        <Created>2020-10-05T14:13:18.563+02:00</Created>
        <LastChange>2022-09-09T16:21:13.739+02:00</LastChange>
        <TranskribusMetadata docId="1334832" pageId="52361014" pageNr="17" tsid="114642792" status="IN_PROGRESS" userId="9570" imgUrl="https://files.transkribus.eu/Get?id=MRDEISUCPPFLFVGISZTZXZSP&amp;fileType=view" xmlUrl="https://files.transkribus.eu/Get?id=YKHKXLNZIWYMWGOTTOPCTEGJ" imageId="16059584"/>
    </Metadata>
    <Page imageFilename="Turmbuch_StAB B IX 477_00017-20200925_090036.jpg" imageWidth="5472" imageHeight="7296">
        <ReadingOrder>
            <OrderedGroup id="ro_1687513718184" caption="Regions reading order">
                <RegionRefIndexed index="0" regionRef="r1"/>
                <RegionRefIndexed index="1" regionRef="r2"/>
            </OrderedGroup>
        </ReadingOrder>
        <TextRegion orientation="0.0" id="r1" custom="readingOrder {index:0;}">
            <Coords points="1252,1612 1252,6571 2852,6571 2852,1612"/>
            <TextLine id="r1l1" custom="readingOrder {index:0;} person {offset:24; length:12;}">
                <Coords points="1319,1813 1529,1728 2119,1730 2176,1687 2540,1669 2770,1705 2763,1582 2658,1603 2483,1518 2229,1601 2061,1526 1916,1623 1754,1557 1560,1614 1435,1552 1307,1593"/>
                <Baseline points="1326,1746 1397,1744 1469,1738 1540,1733 1612,1728 1684,1721 1755,1714 1827,1707 1898,1701 1970,1694 2042,1688 2113,1682 2185,1679 2256,1674 2328,1672 2400,1670 2471,1670 2543,1672 2614,1676 2686,1681 2758,1690"/>
                <TextEquiv>
                    <Unicode>on der außag deß herren Jacob Lonets wirt</Unicode>
                </TextEquiv>
            </TextLine>
            <TextLine id="r1l2" custom="readingOrder {index:1;} person {offset:32; length:8;}">
                <Coords points="1368,1875 1521,1831 1830,1887 1939,1805 2168,1782 2794,1818 2792,1760 2679,1692 2285,1682 2201,1739 1957,1705 1363,1767"/>
                <Baseline points="1378,1840 1448,1836 1518,1831 1588,1826 1658,1821 1729,1814 1799,1807 1869,1800 1939,1795 2009,1790 2080,1784 2150,1780 2220,1777 2290,1775 2360,1774 2431,1774 2501,1776 2571,1780 2641,1786 2711,1794 2782,1804"/>
                <TextEquiv>
                    <Unicode>vermeldet, daß ao 1646 gemelter fronckin</Unicode>
                </TextEquiv>
            </TextLine>
            <TextLine id="r1l3" custom="readingOrder {index:2;}">
                <Coords points="1329,1997 1560,1934 1613,1971 1765,1918 2388,1878 2798,1958 2793,1843 2519,1778 2422,1842 2168,1782 2020,1846 1926,1810 1819,1883 1516,1832 1324,1889"/>
                <Baseline points="1338,1952 1410,1947 1482,1943 1555,1936 1627,1930 1700,1924 1772,1917 1844,1910 1917,1904 1989,1898 2062,1892 2134,1888 2206,1884 2279,1882 2351,1880 2424,1882 2496,1884 2568,1888 2641,1894 2713,1903 2786,1914"/>
                <TextEquiv>
                    <Unicode>habe batzen auffgesucht, deme er selbs auch</Unicode>
                </TextEquiv>
            </TextLine>
            <TextLine id="r1l4" custom="readingOrder {index:3;}">
                <Coords points="1313,2179 1495,2075 1670,2120 1740,2066 2183,1996 2412,2080 2482,2010 2821,2027 2818,1979 2676,1915 2575,1968 2357,1899 2258,1959 2121,1906 1990,1988 1827,1989 1665,1932 1497,2013 1409,1969 1305,2020"/>
                <Baseline points="1318,2072 1392,2068 1467,2061 1541,2056 1616,2050 1691,2043 1765,2035 1840,2029 1914,2023 1989,2016 2064,2011 2138,2006 2213,2003 2287,2000 2362,1998 2437,1998 2511,1998 2586,2002 2660,2006 2735,2013 2810,2020"/>
                <TextEquiv>
                    <Unicode>fur ohngefurdt 20 dublonen gegeben wir</Unicode>
                </TextEquiv>
            </TextLine>
            <TextLine id="r1l5" custom="readingOrder {index:4;}">
                <Coords points="1331,2205 1461,2237 1568,2165 1913,2139 2100,2205 2167,2136 2335,2177 2474,2126 2631,2179 2695,2129 2763,2179 2757,2047 2548,2014 2321,2071 2183,1996 2019,2076 1661,2121 1495,2074 1406,2157 1329,2145"/>
                <Baseline points="1342,2182 1412,2178 1482,2174 1553,2168 1623,2163 1694,2157 1764,2151 1834,2145 1905,2141 1975,2136 2046,2129 2116,2126 2186,2122 2257,2120 2327,2118 2398,2118 2468,2118 2538,2120 2609,2122 2679,2128 2750,2134"/>
                <TextEquiv>
                    <Unicode>auch daß er an einem Zurzach Marck in</Unicode>
                </TextEquiv>
            </TextLine>
            <TextLine id="r1l6" custom="readingOrder {index:5;}">
                <Coords points="1348,2319 2069,2243 2235,2304 2369,2231 2650,2241 2782,2299 2778,2184 2695,2130 2632,2176 2377,2131 2084,2208 1913,2138 1849,2191 1718,2163 1664,2215 1564,2177 1464,2226 1344,2206"/>
                <Baseline points="1358,2280 1428,2278 1499,2275 1569,2270 1640,2266 1711,2262 1781,2256 1852,2252 1922,2247 1993,2244 2064,2239 2134,2237 2205,2234 2275,2232 2346,2230 2417,2230 2487,2232 2558,2234 2628,2237 2699,2242 2770,2248"/>
                <TextEquiv>
                    <Unicode>sein Honckins Kameren gangeheuffen</Unicode>
                </TextEquiv>
            </TextLine>
            <TextLine id="r1l7" custom="readingOrder {index:6;} place {offset:5; length:8;}">
                <Coords points="1319,2430 1566,2405 1632,2448 1812,2376 1904,2425 2032,2363 2358,2401 2442,2346 2815,2395 2811,2307 2702,2253 2506,2302 2440,2260 2237,2303 2066,2251 1910,2309 1705,2268 1524,2361 1435,2310 1314,2326"/>
                <Baseline points="1330,2406 1403,2402 1477,2397 1550,2391 1624,2386 1698,2381 1771,2375 1845,2369 1918,2362 1992,2358 2066,2352 2139,2348 2213,2344 2286,2340 2360,2338 2434,2338 2507,2338 2581,2340 2654,2344 2728,2348 2802,2356"/>
                <TextEquiv>
                    <Unicode>Bern Freyburg und ander gattung batzen</Unicode>
                </TextEquiv>
            </TextLine>
            <TextLine id="r1l8" custom="readingOrder {index:7;}">
                <Coords points="1364,2577 1513,2605 1700,2489 1860,2564 2046,2475 2209,2552 2322,2475 2818,2491 2814,2398 2640,2361 2511,2395 2439,2347 2357,2403 2311,2365 2011,2421 1820,2387 1617,2457 1456,2401 1359,2456"/>
                <Baseline points="1372,2518 1443,2514 1515,2512 1587,2508 1658,2504 1730,2498 1802,2494 1873,2489 1945,2483 2017,2479 2089,2475 2160,2470 2232,2467 2304,2464 2375,2462 2447,2462 2519,2462 2590,2464 2662,2467 2734,2472 2806,2478"/>
                <TextEquiv>
                    <Unicode>auff dem Tisch wie auch ein verdeckts faß</Unicode>
                </TextEquiv>
            </TextLine>
            <TextLine id="r1l9" custom="readingOrder {index:8;}">
                <Coords points="1335,2737 1694,2616 1788,2689 1899,2611 1990,2667 2102,2598 2807,2617 2802,2498 2706,2518 2640,2467 2532,2538 2307,2486 2159,2550 2046,2475 1915,2571 1786,2537 1510,2604 1328,2569"/>
                <Baseline points="1342,2644 1414,2638 1487,2633 1559,2627 1632,2622 1705,2616 1777,2610 1850,2606 1922,2600 1995,2597 2068,2593 2140,2589 2213,2586 2285,2584 2358,2582 2431,2582 2503,2582 2576,2582 2648,2584 2721,2587 2794,2590"/>
                <TextEquiv>
                    <Unicode>In einem eggen seiner kammeren, so mit</Unicode>
                </TextEquiv>
            </TextLine>
            <TextLine id="r1l10" custom="readingOrder {index:9;}">
                <Coords points="1365,2768 1536,2743 1821,2797 1981,2722 2213,2776 2305,2716 2605,2697 2814,2737 2815,2659 2716,2666 2620,2597 2535,2658 2399,2598 2272,2665 2121,2598 2001,2666 1899,2612 1796,2690 1685,2624 1621,2677 1361,2689"/>
                <Baseline points="1374,2754 1445,2750 1517,2747 1588,2741 1660,2737 1732,2732 1803,2728 1875,2722 1946,2718 2018,2714 2090,2708 2161,2706 2233,2702 2304,2700 2376,2697 2448,2696 2519,2696 2591,2696 2662,2698 2734,2700 2806,2704"/>
                <TextEquiv>
                    <Unicode>anders gsin, alß der haltschen batzen, die er</Unicode>
                </TextEquiv>
            </TextLine>
            <TextLine id="r1l11" custom="readingOrder {index:10;}">
                <Coords points="1364,2899 2101,2828 2219,2871 2409,2814 2762,2873 2854,2852 2851,2744 2621,2789 2349,2719 2118,2804 2029,2736 1948,2796 1591,2750 1491,2818 1360,2776"/>
                <Baseline points="1374,2866 1447,2864 1520,2860 1594,2856 1667,2853 1741,2848 1814,2844 1887,2841 1961,2836 2034,2832 2108,2828 2181,2825 2254,2822 2328,2820 2401,2818 2475,2818 2548,2818 2621,2820 2695,2822 2768,2826 2842,2830"/>
                <TextEquiv>
                    <Unicode>vermischlete under die guten deren er zu</Unicode>
                </TextEquiv>
            </TextLine>
            <TextLine id="r1l12" custom="readingOrder {index:11;}">
                <Coords points="1343,3013 1563,3045 1682,2968 1832,3038 2078,2954 2371,2987 2537,2928 2850,2983 2845,2849 2679,2837 2532,2909 2409,2818 2186,2873 1980,2842 1828,2923 1617,2882 1340,2914"/>
                <Baseline points="1354,2982 1428,2980 1502,2978 1576,2976 1650,2973 1725,2969 1799,2966 1873,2961 1947,2957 2021,2953 2096,2949 2170,2946 2244,2942 2318,2939 2392,2937 2467,2936 2541,2936 2615,2936 2689,2936 2763,2938 2838,2942"/>
                <TextEquiv>
                    <Unicode>vor zusammen gelesen, die faltschen mit deßen</Unicode>
                </TextEquiv>
            </TextLine>
            <TextLine id="r1l13" custom="readingOrder {index:12;} person {offset:29; length:6;}">
                <Coords points="1361,3141 1649,3098 1741,3144 1808,3093 1862,3142 1940,3090 2003,3132 2068,3079 2289,3143 2445,3069 2522,3117 2615,3067 2805,3079 2802,2988 2748,2950 2673,3015 2430,2954 2354,2999 2118,2989 2044,3041 1826,3037 1776,2990 1672,3051 1357,3002"/>
                <Baseline points="1370,3100 1441,3098 1512,3096 1583,3094 1654,3092 1726,3090 1797,3086 1868,3082 1939,3080 2010,3077 2082,3074 2153,3072 2224,3069 2295,3066 2366,3064 2438,3062 2509,3060 2580,3058 2651,3058 2722,3058 2794,3056"/>
                <TextEquiv>
                    <Unicode>minderem argwohn am endt deß Marcks</Unicode>
                </TextEquiv>
            </TextLine>
            <TextLine id="r1l14" custom="readingOrder {index:13;}">
                <Coords points="1297,3257 1411,3219 1527,3292 1688,3213 1968,3267 2099,3216 2803,3221 2823,3108 2543,3123 2442,3072 2283,3148 2209,3090 2089,3137 1944,3095 1861,3144 1625,3109 1434,3188 1295,3162"/>
                <Baseline points="1306,3228 1381,3223 1456,3219 1532,3216 1607,3212 1683,3210 1758,3207 1833,3206 1909,3204 1984,3202 2060,3202 2135,3200 2210,3200 2286,3198 2361,3198 2437,3197 2512,3196 2587,3195 2663,3194 2738,3192 2814,3190"/>
                <TextEquiv>
                    <Unicode>wie fieuor gehört zu vertreiben. Weiters</Unicode>
                </TextEquiv>
            </TextLine>
            <TextLine id="r1l15" custom="readingOrder {index:14;}">
                <Coords points="1364,3412 1554,3340 2126,3368 2229,3326 2383,3395 2501,3347 2725,3384 2821,3331 2819,3272 2630,3196 2217,3264 2051,3228 1928,3290 1814,3215 1688,3213 1567,3298 1360,3229"/>
                <Baseline points="1374,3344 1445,3341 1517,3338 1589,3334 1661,3332 1733,3328 1804,3326 1876,3324 1948,3324 2020,3322 2092,3320 2163,3318 2235,3318 2307,3318 2379,3316 2451,3316 2522,3314 2594,3314 2666,3314 2738,3312 2810,3312"/>
                <TextEquiv>
                    <Unicode>hat er erklärt, er wüße wohl, daß sölche</Unicode>
                </TextEquiv>
            </TextLine>
            <TextLine id="r1l16" custom="readingOrder {index:15;}">
                <Coords points="1327,3513 1832,3468 2007,3550 2220,3471 2682,3493 2727,3448 2820,3467 2819,3366 2710,3427 2643,3372 2383,3397 2248,3330 1972,3352 1827,3420 1526,3348 1326,3400"/>
                <Baseline points="1338,3478 1411,3473 1485,3468 1558,3465 1632,3462 1706,3460 1779,3458 1853,3458 1926,3456 2000,3456 2074,3456 2147,3456 2221,3456 2294,3456 2368,3458 2442,3458 2515,3458 2589,3456 2662,3456 2736,3455 2810,3454"/>
                <TextEquiv>
                    <Unicode>faltsche batzen außgeben und vertriben au</Unicode>
                </TextEquiv>
            </TextLine>
            <TextLine id="r1l17" custom="readingOrder {index:16;}">
                <Coords points="1358,3623 1583,3597 1719,3670 1907,3593 2057,3659 2196,3602 2313,3670 2578,3606 2690,3677 2856,3630 2856,3480 2725,3452 2540,3569 2291,3502 2209,3555 1900,3551 1770,3473 1616,3553 1490,3502 1358,3570"/>
                <Baseline points="1368,3600 1441,3598 1515,3597 1589,3596 1663,3594 1737,3594 1810,3594 1884,3594 1958,3594 2032,3594 2106,3594 2179,3594 2253,3594 2327,3594 2401,3596 2475,3596 2548,3596 2622,3596 2696,3597 2770,3598 2844,3598"/>
                <TextEquiv>
                    <Unicode>an underscheidenlichen orthen eingeschlegen</Unicode>
                </TextEquiv>
            </TextLine>
            <TextLine id="r1l18" custom="readingOrder {index:17;} place {offset:25; length:11;}">
                <Coords points="1318,3762 1455,3745 1609,3809 1779,3729 2022,3815 2192,3749 2752,3752 2794,3644 2637,3690 2553,3621 2437,3683 2196,3601 2128,3665 1907,3592 1792,3681 1664,3634 1567,3694 1415,3619 1318,3672"/>
                <Baseline points="1328,3728 1400,3726 1473,3726 1546,3724 1618,3724 1691,3724 1764,3724 1836,3724 1909,3724 1982,3724 2055,3726 2127,3726 2200,3726 2273,3726 2345,3726 2418,3726 2491,3726 2563,3726 2636,3726 2709,3724 2782,3724"/>
                <TextEquiv>
                    <Unicode>worden fürnemmlich gegen montelimart</Unicode>
                </TextEquiv>
            </TextLine>
            <TextLine id="r1l19" custom="readingOrder {index:18;}">
                <Coords points="1336,3894 1543,3867 1834,3910 1931,3857 2284,3850 2487,3927 2624,3865 2692,3922 2785,3878 2785,3801 2604,3825 2520,3759 2273,3786 2191,3749 2022,3820 1836,3736 1710,3820 1457,3743 1335,3764"/>
                <Baseline points="1346,3856 1417,3855 1488,3854 1560,3852 1631,3852 1703,3852 1774,3852 1845,3852 1917,3852 1988,3852 2060,3852 2131,3852 2202,3852 2274,3852 2345,3852 2417,3852 2488,3852 2559,3852 2631,3852 2702,3850 2774,3850"/>
                <TextEquiv>
                    <Unicode>da dann ein krämer und landtstreicher</Unicode>
                </TextEquiv>
            </TextLine>
            <TextLine id="r1l20" custom="readingOrder {index:19;}">
                <Coords points="1363,4040 2102,3975 2223,4039 2397,3968 2625,4014 2812,3983 2812,3852 2686,3937 2591,3873 2492,3943 2289,3858 2097,3911 1916,3871 1793,3929 1541,3870 1362,3921"/>
                <Baseline points="1374,3972 1445,3972 1516,3972 1588,3972 1659,3972 1731,3972 1802,3972 1873,3974 1945,3974 2016,3974 2088,3974 2159,3974 2230,3974 2302,3974 2373,3974 2445,3973 2516,3972 2587,3972 2659,3970 2730,3968 2802,3966"/>
                <TextEquiv>
                    <Unicode>deroselben ins landt beschickt und damit</Unicode>
                </TextEquiv>
            </TextLine>
            <TextLine id="r1l21" custom="readingOrder {index:20;}">
                <Coords points="1376,4109 1584,4174 1738,4110 1862,4149 2005,4111 2193,4176 2400,4120 2581,4175 2810,4127 2810,4063 2677,4002 2640,4029 2587,3983 2492,4040 2401,3968 2239,4079 2093,3978 1376,4067"/>
                <Baseline points="1388,4104 1458,4104 1529,4104 1599,4106 1670,4106 1740,4106 1811,4106 1881,4107 1952,4108 2022,4108 2093,4106 2163,4106 2234,4106 2304,4106 2375,4105 2445,4104 2516,4103 2586,4102 2657,4100 2727,4098 2798,4096"/>
                <TextEquiv>
                    <Unicode>er nicht entdeckt wurde, habe er sy inn</Unicode>
                </TextEquiv>
            </TextLine>
            <TextLine id="r1l22" custom="readingOrder {index:21;}">
                <Coords points="1338,4234 1515,4304 2316,4214 2603,4283 2841,4252 2807,4122 2596,4180 2507,4136 2424,4189 2338,4139 2194,4177 2015,4124 1868,4197 1742,4112 1647,4191 1426,4121 1338,4146"/>
                <Baseline points="1350,4228 1424,4230 1498,4230 1572,4230 1646,4230 1720,4230 1794,4230 1868,4230 1942,4230 2016,4230 2090,4230 2164,4230 2238,4228 2312,4228 2386,4228 2460,4228 2534,4228 2608,4226 2682,4226 2756,4226 2830,4226"/>
                <TextEquiv>
                    <Unicode>Seyffen kisten kommen laßen und alß zu</Unicode>
                </TextEquiv>
            </TextLine>
            <TextLine id="r1l23" custom="readingOrder {index:22;} place {offset:0; length:11;}">
                <Coords points="1358,4392 1511,4426 1713,4380 1791,4424 1881,4366 2144,4412 2360,4367 2448,4428 2547,4367 2838,4368 2838,4255 2606,4305 2456,4220 2355,4298 2209,4244 2009,4330 1840,4269 1772,4320 1615,4277 1488,4318 1404,4266 1358,4301"/>
                <Baseline points="1368,4362 1441,4364 1514,4364 1587,4364 1660,4364 1733,4364 1806,4362 1879,4362 1952,4362 2025,4362 2098,4360 2171,4360 2244,4358 2317,4358 2390,4358 2463,4356 2536,4356 2609,4356 2682,4356 2755,4356 2828,4354"/>
                <TextEquiv>
                    <Unicode>Montelimart man auff denselben habe</Unicode>
                </TextEquiv>
            </TextLine>
            <TextLine id="r1l24" custom="readingOrder {index:23;} place {offset:35; length:4;}">
                <Coords points="1365,4522 1782,4500 1897,4559 2325,4508 2413,4552 2514,4496 2843,4497 2843,4429 2785,4447 2681,4366 2606,4420 2121,4440 1909,4371 1795,4429 1699,4382 1603,4442 1450,4406 1365,4447"/>
                <Baseline points="1376,4494 1448,4494 1521,4494 1594,4494 1667,4494 1740,4492 1812,4492 1885,4492 1958,4490 2031,4490 2104,4488 2176,4488 2249,4486 2322,4486 2395,4485 2468,4484 2540,4484 2613,4484 2686,4484 2759,4484 2832,4484"/>
                <TextEquiv>
                    <Unicode>griffen und auff begehren mahl von Bern</Unicode>
                </TextEquiv>
            </TextLine>
            <TextLine id="r1l25" custom="readingOrder {index:24;}">
                <Coords points="1363,4654 1627,4627 1745,4703 1894,4625 2115,4620 2239,4692 2362,4633 2539,4696 2629,4631 2704,4677 2827,4625 2862,4534 2508,4498 2438,4560 2299,4517 2185,4565 2131,4519 1898,4558 1725,4518 1649,4594 1361,4532"/>
                <Baseline points="1374,4614 1447,4616 1521,4618 1595,4619 1669,4620 1743,4620 1817,4620 1891,4618 1965,4618 2039,4616 2113,4616 2186,4614 2260,4612 2334,4612 2408,4610 2482,4609 2556,4608 2630,4608 2704,4608 2778,4608 2852,4608"/>
                <TextEquiv>
                    <Unicode>Inne einzeüchen wollen, habe er sich zu seinen</Unicode>
                </TextEquiv>
            </TextLine>
            <TextLine id="r1l26" custom="readingOrder {index:25;}">
                <Coords points="1388,4823 1481,4772 1609,4807 1779,4743 1977,4816 2070,4789 2180,4822 2434,4749 2434,4698 2290,4645 2226,4700 2147,4630 2061,4681 1984,4626 1893,4626 1750,4706 1604,4648 1549,4697 1434,4669 1388,4699"/>
                <Baseline points="1398,4730 1449,4732 1500,4733 1551,4734 1602,4734 1654,4734 1705,4735 1756,4736 1807,4735 1858,4734 1910,4734 1961,4734 2012,4734 2063,4734 2114,4733 2166,4732 2217,4732 2268,4732 2319,4732 2370,4732 2422,4732"/>
                <TextEquiv>
                    <Unicode>schirm in ein kloster begeben.</Unicode>
                </TextEquiv>
            </TextLine>
            <TextLine id="r1l27" custom="readingOrder {index:26;} person {offset:28; length:9; continued:true;}">
                <Coords points="1241,5041 1454,4942 1749,5002 1862,4964 2210,5022 2356,4962 2576,5002 2786,4969 2787,4896 2613,4843 2542,4894 2424,4811 2097,4858 1916,4781 1360,4872 1243,4840"/>
                <Baseline points="1252,4958 1328,4954 1404,4952 1480,4950 1556,4950 1633,4950 1709,4950 1785,4950 1861,4952 1937,4952 2014,4954 2090,4956 2166,4958 2242,4958 2318,4960 2395,4962 2471,4962 2547,4964 2623,4964 2699,4964 2776,4964"/>
                <TextEquiv>
                    <Unicode>Auß dem Schreiben deß Edlen Leonhardt</Unicode>
                </TextEquiv>
            </TextLine>
            <TextLine id="r1l28" custom="readingOrder {index:27;} person {offset:0; length:9; continued:true;}">
                <Coords points="1340,5084 1634,5141 2024,5078 2334,5157 2588,5134 2646,5084 2751,5150 2793,5133 2796,4994 2579,5030 2502,4988 2406,5050 2286,4973 2206,5029 1839,4969 1758,5013 1600,4964 1505,4991 1453,4943 1341,5003"/>
                <Baseline points="1352,5064 1423,5064 1495,5064 1566,5066 1638,5066 1709,5068 1781,5070 1852,5070 1924,5072 1995,5074 2067,5076 2138,5078 2210,5080 2281,5081 2353,5082 2424,5084 2496,5086 2567,5086 2639,5086 2710,5088 2782,5088"/>
                <TextEquiv>
                    <Unicode>Rebillind ist zu betrachten, daß er sagt, daß</Unicode>
                </TextEquiv>
            </TextLine>
            <TextLine id="r1l29" custom="readingOrder {index:28;} person {offset:28; length:8;}">
                <Coords points="1386,5231 1645,5200 1864,5278 2020,5214 2083,5271 2141,5228 2314,5280 2442,5196 2801,5219 2802,5159 2693,5100 2628,5151 2490,5122 2277,5162 2047,5089 1772,5150 1389,5112"/>
                <Baseline points="1398,5172 1467,5175 1537,5179 1606,5182 1676,5184 1746,5186 1815,5190 1885,5191 1954,5192 2024,5194 2094,5196 2163,5196 2233,5198 2302,5198 2372,5198 2442,5200 2511,5200 2581,5200 2650,5200 2720,5202 2790,5202"/>
                <TextEquiv>
                    <Unicode>gemeine geschrey sey gangen Fronckin</Unicode>
                </TextEquiv>
            </TextLine>
            <TextLine id="r1l30" custom="readingOrder {index:29;}">
                <Coords points="1371,5359 1549,5313 1605,5369 1713,5345 1847,5402 2071,5332 2465,5384 2720,5337 2818,5397 2837,5256 2716,5304 2547,5209 2397,5298 2142,5228 2061,5288 1953,5212 1858,5281 1802,5228 1614,5277 1494,5203 1374,5247"/>
                <Baseline points="1384,5298 1456,5300 1528,5304 1600,5306 1672,5309 1744,5312 1816,5314 1888,5317 1960,5320 2032,5322 2104,5324 2176,5326 2248,5328 2320,5330 2392,5330 2464,5332 2536,5332 2608,5332 2680,5332 2752,5330 2824,5328"/>
                <TextEquiv>
                    <Unicode>habe auch theill und gmein an dem</Unicode>
                </TextEquiv>
            </TextLine>
            <TextLine id="r1l31" custom="readingOrder {index:30;}">
                <Coords points="1344,5493 1728,5440 1831,5509 1948,5467 2077,5499 2167,5445 2379,5553 2535,5471 2850,5486 2816,5412 2567,5435 2224,5357 2158,5396 2086,5331 1946,5390 1902,5350 1826,5409 1532,5326 1348,5387"/>
                <Baseline points="1358,5426 1432,5424 1506,5424 1580,5426 1654,5428 1728,5431 1802,5434 1876,5437 1950,5442 2024,5445 2099,5449 2173,5454 2247,5457 2321,5462 2395,5464 2469,5468 2543,5470 2617,5471 2691,5472 2765,5472 2840,5470"/>
                <TextEquiv>
                    <Unicode>faltschen mantzwesen und habe man</Unicode>
                </TextEquiv>
            </TextLine>
            <TextLine id="r1l32" custom="readingOrder {index:31;}">
                <Coords points="1359,5632 1490,5566 1906,5605 1985,5558 2148,5626 2621,5610 2758,5692 2816,5684 2823,5547 2631,5498 2371,5569 2198,5547 2113,5478 2052,5513 1957,5468 1800,5509 1721,5447 1367,5467"/>
                <Baseline points="1374,5548 1445,5548 1517,5548 1589,5550 1660,5552 1732,5554 1804,5557 1875,5562 1947,5566 2019,5570 2091,5575 2162,5578 2234,5584 2306,5588 2377,5591 2449,5596 2521,5600 2592,5604 2664,5606 2736,5608 2808,5610"/>
                <TextEquiv>
                    <Unicode>In fronckins hauß under einem beth</Unicode>
                </TextEquiv>
            </TextLine>
            <TextLine id="r1l33" custom="readingOrder {index:32;}">
                <Coords points="1398,5705 1571,5695 1930,5783 2192,5737 2269,5807 2607,5811 2614,5705 2514,5687 2418,5603 2315,5595 2181,5677 2051,5605 1793,5618 1709,5566 1403,5626"/>
                <Baseline points="1412,5660 1471,5663 1530,5665 1590,5668 1649,5672 1709,5676 1768,5678 1827,5682 1887,5685 1946,5688 2006,5693 2065,5697 2124,5702 2184,5706 2243,5711 2303,5716 2362,5720 2421,5727 2481,5733 2540,5739 2600,5746"/>
                <TextEquiv>
                    <Unicode>ein Sack mit Batzen gefunden.</Unicode>
                </TextEquiv>
            </TextLine>
            <TextLine id="r1l34" custom="readingOrder {index:33;}">
                <Coords points="1367,5905 1671,5892 1918,5988 2007,5920 2813,6009 2842,5856 2613,5923 2372,5801 2181,5851 1382,5698"/>
                <Baseline points="1380,5876 1452,5878 1524,5882 1596,5885 1668,5889 1740,5896 1812,5901 1884,5907 1956,5915 2028,5921 2101,5927 2173,5935 2245,5941 2317,5946 2389,5952 2461,5957 2533,5960 2605,5964 2677,5966 2749,5968 2822,5966"/>
                <TextEquiv>
                    <Unicode>so meldet auch ihro estienne huretins brief</Unicode>
                </TextEquiv>
            </TextLine>
            <TextLine id="r1l35" custom="readingOrder {index:34;}">
                <Coords points="1333,5989 1346,5986 1374,5996 1380,5992 1391,5994 1402,5991 1382,5916 1368,5918 1348,5951 1323,5953"/>
                <Baseline points="1346,5998 1390,5986"/>
                <TextEquiv>
                    <Unicode>.</Unicode>
                </TextEquiv>
            </TextLine>
            <TextLine id="r1l36" custom="readingOrder {index:35;}">
                <Coords points="1400,5998 2223,6059 2366,6151 2558,6073 2837,6128 2844,6034 2783,6000 2475,6004 2395,5956 2263,5999 2119,5943 1882,6004 1676,5890 1408,5895"/>
                <Baseline points="1412,5984 1482,5989 1553,5994 1624,6000 1695,6007 1766,6013 1837,6021 1908,6029 1979,6035 2050,6044 2121,6051 2191,6058 2262,6064 2333,6069 2404,6074 2475,6078 2546,6080 2617,6082 2688,6084 2759,6082 2830,6080"/>
                <TextEquiv>
                    <Unicode>under anderem gleicher gestalt das von</Unicode>
                </TextEquiv>
            </TextLine>
            <TextLine id="r1l37" custom="readingOrder {index:36;}">
                <Coords points="1405,6156 1522,6101 1669,6109 2251,6218 2602,6208 2685,6283 2830,6229 2840,6128 2766,6165 2617,6083 2509,6164 2309,6162 2098,6056 1421,6000"/>
                <Baseline points="1424,6086 1493,6090 1563,6096 1633,6101 1703,6108 1773,6116 1843,6124 1913,6134 1983,6143 2053,6151 2123,6161 2192,6169 2262,6177 2332,6185 2402,6190 2472,6196 2542,6200 2612,6203 2682,6204 2752,6204 2822,6202"/>
                <TextEquiv>
                    <Unicode>gedeütem fronckin die gemeine sagen ge</Unicode>
                </TextEquiv>
            </TextLine>
            <TextLine id="r1l38" custom="readingOrder {index:37;}">
                <Coords points="1391,6203 1542,6288 1681,6222 1874,6227 1968,6309 2041,6263 2425,6347 2730,6354 2855,6326 2864,6234 2682,6283 2570,6225 2388,6246 2154,6170 2061,6212 1936,6155 1394,6165"/>
                <Baseline points="1402,6192 1474,6195 1546,6199 1618,6204 1690,6212 1763,6221 1835,6229 1907,6240 1979,6250 2051,6260 2124,6271 2196,6280 2268,6287 2340,6296 2412,6301 2485,6306 2557,6310 2629,6310 2701,6308 2773,6303 2846,6294"/>
                <TextEquiv>
                    <Unicode>gangen, wie obgemelt und weiter ver</Unicode>
                </TextEquiv>
            </TextLine>
            <TextLine id="r1l39" custom="readingOrder {index:38;}">
                <Coords points="1424,6302 1636,6335 1718,6415 2026,6383 2104,6462 2249,6415 2312,6471 2373,6430 2592,6478 2773,6428 2778,6378 2630,6391 2567,6322 2431,6386 2280,6307 2186,6340 2020,6271 1965,6308 1879,6236 1819,6277 1736,6228 1595,6298 1427,6275"/>
                <Baseline points="1434,6308 1500,6313 1566,6320 1633,6325 1699,6333 1766,6341 1832,6350 1898,6359 1965,6367 2031,6376 2098,6385 2164,6392 2230,6400 2297,6408 2363,6415 2430,6420 2496,6425 2562,6427 2629,6430 2695,6430 2762,6428"/>
                <TextEquiv>
                    <Unicode>nun er sich wohl, daß er herren syne</Unicode>
                </TextEquiv>
            </TextLine>
            <TextLine id="r1l40" custom="readingOrder {index:39;}">
                <Coords points="1404,6478 1924,6572 2098,6507 2240,6608 2319,6552 2402,6586 2735,6561 2741,6513 2548,6451 2443,6495 2245,6419 2094,6460 2009,6393 1720,6416 1638,6335 1504,6362 1424,6302"/>
                <Baseline points="1422,6418 1487,6422 1552,6428 1617,6435 1682,6444 1748,6453 1813,6461 1878,6471 1943,6481 2008,6490 2074,6500 2139,6509 2204,6518 2269,6525 2334,6531 2400,6537 2465,6541 2530,6544 2595,6544 2660,6544 2726,6540"/>
                <TextEquiv>
                    <Unicode>farre sel ohngeferdt im junio 1651.</Unicode>
                </TextEquiv>
            </TextLine>
            <TextEquiv>
                <Unicode>on der außag deß herren Jacob Lonets wirt
vermeldet, daß ao 1646 gemelter fronckin
habe batzen auffgesucht, deme er selbs auch
fur ohngefurdt 20 dublonen gegeben wir
auch daß er an einem Zurzach Marck in
sein Honckins Kameren gangeheuffen
Bern Freyburg und ander gattung batzen
auff dem Tisch wie auch ein verdeckts faß
In einem eggen seiner kammeren, so mit
anders gsin, alß der haltschen batzen, die er
vermischlete under die guten deren er zu
vor zusammen gelesen, die faltschen mit deßen
minderem argwohn am endt deß Marcks
wie fieuor gehört zu vertreiben. Weiters
hat er erklärt, er wüße wohl, daß sölche
faltsche batzen außgeben und vertriben au
an underscheidenlichen orthen eingeschlegen
worden fürnemmlich gegen montelimart
da dann ein krämer und landtstreicher
deroselben ins landt beschickt und damit
er nicht entdeckt wurde, habe er sy inn
Seyffen kisten kommen laßen und alß zu
Montelimart man auff denselben habe
griffen und auff begehren mahl von Bern
Inne einzeüchen wollen, habe er sich zu seinen
schirm in ein kloster begeben.
Auß dem Schreiben deß Edlen Leonhardt
Rebillind ist zu betrachten, daß er sagt, daß
gemeine geschrey sey gangen Fronckin
habe auch theill und gmein an dem
faltschen mantzwesen und habe man
In fronckins hauß under einem beth
ein Sack mit Batzen gefunden.
so meldet auch ihro estienne huretins brief
.
under anderem gleicher gestalt das von
gedeütem fronckin die gemeine sagen ge
gangen, wie obgemelt und weiter ver
nun er sich wohl, daß er herren syne
farre sel ohngeferdt im junio 1651.</Unicode>
            </TextEquiv>
        </TextRegion>
        <TextRegion orientation="0.0" id="r2" custom="readingOrder {index:1;}">
            <Coords points="3178,1503 3178,6525 4978,6525 4978,1503"/>
            <TextLine id="r2l1" custom="readingOrder {index:0;}">
                <Coords points="4689,1608 4700,1608 4711,1599 4722,1606 4733,1602 4744,1611 4755,1607 4762,1614 4775,1607 4790,1608 4793,1495 4775,1499 4754,1483 4745,1481 4731,1489 4708,1473 4692,1475"/>
                <Baseline points="4700,1564 4726,1561 4753,1559 4780,1568"/>
                <TextEquiv>
                    <Unicode>19</Unicode>
                </TextEquiv>
            </TextLine>
            <TextLine id="r2l2" custom="readingOrder {index:1;} place {offset:39; length:8;}">
                <Coords points="3262,1786 3453,1701 3780,1761 3903,1715 3967,1771 4196,1736 4282,1802 4383,1744 4722,1767 4762,1669 4662,1632 4411,1670 4180,1592 4119,1631 3826,1610 3718,1548 3611,1617 3269,1627"/>
                <Baseline points="3276,1706 3349,1702 3423,1700 3496,1700 3570,1700 3644,1702 3717,1704 3791,1707 3864,1710 3938,1715 4012,1718 4085,1724 4159,1728 4232,1732 4306,1737 4380,1740 4453,1744 4527,1746 4600,1748 4674,1750 4748,1748"/>
                <TextEquiv>
                    <Unicode>gehört habe, sagen, alß derselbige von Fronckin</Unicode>
                </TextEquiv>
            </TextLine>
            <TextLine id="r2l3" custom="readingOrder {index:2;}">
                <Coords points="3230,1908 3353,1827 3451,1900 3672,1806 3826,1891 3889,1831 3976,1888 4119,1832 4632,1888 4802,1861 4804,1793 4661,1754 4554,1809 4392,1741 4276,1800 4192,1736 3990,1774 3901,1714 3421,1769 3340,1723 3233,1780"/>
                <Baseline points="3244,1826 3321,1821 3398,1818 3476,1814 3553,1814 3631,1812 3708,1814 3785,1814 3863,1816 3940,1818 4018,1822 4095,1824 4172,1828 4250,1831 4327,1834 4405,1838 4482,1841 4559,1844 4637,1846 4714,1846 4792,1848"/>
                <TextEquiv>
                    <Unicode>habe geredt die faltschen batzen betreffendt</Unicode>
                </TextEquiv>
            </TextLine>
            <TextLine id="r2l4" custom="readingOrder {index:3;}">
                <Coords points="3261,1969 3335,2015 3432,1934 3868,1981 4019,1936 4103,2004 4328,1952 4509,2020 4788,1971 4823,1883 4611,1912 4385,1838 4196,1894 4063,1842 3799,1902 3675,1802 3450,1901 3353,1828 3263,1899"/>
                <Baseline points="3272,1934 3348,1931 3425,1928 3502,1928 3579,1928 3656,1928 3733,1928 3810,1930 3887,1932 3964,1933 4041,1936 4117,1938 4194,1941 4271,1944 4348,1946 4425,1950 4502,1951 4579,1954 4656,1956 4733,1958 4810,1960"/>
                <TextEquiv>
                    <Unicode>daß man under den schrifften deß grichts</Unicode>
                </TextEquiv>
            </TextLine>
            <TextLine id="r2l5" custom="readingOrder {index:4;}">
                <Coords points="3273,2083 3400,2048 3560,2118 3627,2064 4503,2054 4714,2119 4780,2081 4782,1972 4468,2028 4321,1957 4117,2020 4019,1935 3861,2006 3428,1935 3334,2016 3275,2002"/>
                <Baseline points="3284,2050 3358,2048 3432,2046 3506,2045 3581,2044 3655,2044 3729,2044 3804,2044 3878,2044 3952,2044 4027,2046 4101,2047 4175,2048 4249,2050 4324,2053 4398,2055 4472,2057 4547,2060 4621,2064 4695,2066 4770,2070"/>
                <TextEquiv>
                    <Unicode>ein information finden wurde, welche</Unicode>
                </TextEquiv>
            </TextLine>
            <TextLine id="r2l6" custom="readingOrder {index:5;}">
                <Coords points="3266,2181 3879,2213 3935,2168 4093,2224 4332,2169 4717,2235 4885,2206 4887,2089 4690,2120 4505,2056 4412,2104 4101,2050 3984,2111 3834,2056 3558,2122 3400,2048 3267,2095"/>
                <Baseline points="3278,2172 3357,2170 3437,2168 3517,2166 3597,2166 3677,2164 3756,2164 3836,2164 3916,2164 3996,2164 4076,2164 4155,2166 4235,2167 4315,2169 4395,2170 4475,2172 4554,2174 4634,2178 4714,2180 4794,2184 4874,2188"/>
                <TextEquiv>
                    <Unicode>auffgenommen worden sey zu der zeit alß das</Unicode>
                </TextEquiv>
            </TextLine>
            <TextLine id="r2l7" custom="readingOrder {index:6;}">
                <Coords points="3243,2320 3890,2282 4024,2330 4119,2289 4831,2338 4850,2239 4621,2183 4521,2237 4418,2187 4056,2234 3951,2170 3846,2226 3244,2184"/>
                <Baseline points="3254,2280 3333,2279 3412,2278 3491,2278 3570,2278 3650,2278 3729,2278 3808,2278 3887,2278 3966,2278 4046,2280 4125,2281 4204,2282 4283,2284 4362,2286 4442,2288 4521,2290 4600,2292 4679,2294 4758,2297 4838,2300"/>
                <TextEquiv>
                    <Unicode>faltsche Muntzwesen auff die bahn kommen</Unicode>
                </TextEquiv>
            </TextLine>
            <TextLine id="r2l8" custom="readingOrder {index:7;}">
                <Coords points="3222,2416 3290,2467 3354,2414 3588,2447 3652,2400 3840,2464 4003,2435 4056,2486 4184,2402 4427,2435 4574,2386 4663,2472 4755,2403 4868,2439 4868,2377 4598,2295 4501,2344 4424,2298 4252,2349 4111,2289 4029,2345 3906,2294 3718,2354 3222,2343"/>
                <Baseline points="3234,2404 3315,2402 3396,2400 3477,2398 3558,2396 3639,2394 3720,2392 3801,2392 3882,2390 3963,2390 4045,2390 4126,2388 4207,2390 4288,2390 4369,2390 4450,2392 4531,2394 4612,2396 4693,2398 4774,2402 4856,2404"/>
                <TextEquiv>
                    <Unicode>In welcheren es sich erfinden werde, daß man</Unicode>
                </TextEquiv>
            </TextLine>
            <TextLine id="r2l9" custom="readingOrder {index:8;}">
                <Coords points="3247,2585 3317,2542 3391,2599 3542,2518 3898,2555 4074,2513 4707,2510 4849,2575 4876,2431 4400,2484 4192,2402 4065,2478 3779,2412 3500,2459 3391,2409 3246,2470"/>
                <Baseline points="3258,2528 3338,2526 3418,2524 3499,2524 3579,2522 3660,2520 3740,2518 3820,2516 3901,2514 3981,2513 4062,2512 4142,2510 4222,2510 4303,2508 4383,2508 4464,2510 4544,2510 4624,2512 4705,2514 4785,2516 4866,2520"/>
                <TextEquiv>
                    <Unicode>in sein fronckins haus und er einem beth</Unicode>
                </TextEquiv>
            </TextLine>
            <TextLine id="r2l10" custom="readingOrder {index:9;}">
                <Coords points="3263,2667 3519,2705 3785,2643 3863,2699 4297,2636 4448,2711 4721,2629 4843,2676 4840,2523 4508,2571 4333,2523 4181,2568 4099,2518 3645,2586 3545,2523 3471,2593 3261,2575"/>
                <Baseline points="3274,2652 3351,2650 3429,2647 3507,2645 3585,2642 3663,2640 3740,2638 3818,2636 3896,2634 3974,2633 4052,2632 4129,2630 4207,2629 4285,2628 4363,2628 4441,2626 4518,2626 4596,2626 4674,2626 4752,2626 4830,2626"/>
                <TextEquiv>
                    <Unicode>underschidenliche seck mit batzen gefunden,</Unicode>
                </TextEquiv>
            </TextLine>
            <TextLine id="r2l11" custom="readingOrder {index:10;}">
                <Coords points="3252,2819 3763,2769 3879,2849 3988,2777 4121,2844 4429,2761 4512,2828 4580,2785 4653,2820 4862,2764 4861,2681 4730,2664 4647,2725 4558,2658 4448,2710 4057,2662 3937,2716 3724,2650 3630,2716 3442,2656 3325,2719 3250,2674"/>
                <Baseline points="3262,2770 3341,2768 3420,2766 3500,2765 3579,2764 3659,2762 3738,2760 3817,2760 3897,2758 3976,2758 4056,2756 4135,2756 4214,2754 4294,2754 4373,2754 4453,2752 4532,2752 4611,2752 4691,2750 4770,2750 4850,2750"/>
                <TextEquiv>
                    <Unicode>habe, und daß ehr conscilier fuision selbs</Unicode>
                </TextEquiv>
            </TextLine>
            <TextLine id="r2l12" custom="readingOrder {index:11;}">
                <Coords points="3211,2962 3392,2972 3502,2890 3601,2961 3861,2905 3990,2975 4243,2884 4360,2968 4519,2899 4870,2936 4869,2823 4781,2793 4671,2844 4558,2802 4499,2859 4119,2843 4018,2788 3886,2859 3704,2775 3594,2848 3210,2812"/>
                <Baseline points="3222,2894 3303,2892 3385,2890 3467,2888 3549,2887 3631,2886 3712,2886 3794,2884 3876,2884 3958,2884 4040,2884 4121,2886 4203,2886 4285,2886 4367,2886 4449,2886 4530,2886 4612,2886 4694,2886 4776,2886 4858,2886"/>
                <TextEquiv>
                    <Unicode>zu imme gesagt, er habe von gemeltem ehrs</Unicode>
                </TextEquiv>
            </TextLine>
            <TextLine id="r2l13" custom="readingOrder {index:12;}">
                <Coords points="3235,3057 3498,3009 3712,3066 3956,3028 4063,3087 4157,3016 4316,3069 4464,2991 4771,3067 4956,3022 4914,2952 4640,2900 4362,2969 4238,2888 3989,2975 3939,2929 3502,2981 3235,2944"/>
                <Baseline points="3246,3006 3330,3006 3415,3006 3500,3006 3585,3006 3670,3006 3755,3006 3840,3004 3925,3004 4010,3004 4095,3002 4179,3002 4264,3002 4349,3002 4434,3000 4519,3000 4604,3002 4689,3002 4774,3002 4859,3004 4944,3004"/>
                <TextEquiv>
                    <Unicode>faure ein gleiches gehört sagen, wie in seiner</Unicode>
                </TextEquiv>
            </TextLine>
            <TextLine id="r2l14" custom="readingOrder {index:13;}">
                <Coords points="3259,3154 3391,3129 3489,3216 3837,3129 4589,3123 4890,3189 4921,3023 4604,3092 4464,2992 4315,3073 4224,3016 4066,3086 3657,3018 3572,3099 3344,3025 3258,3097"/>
                <Baseline points="3270,3128 3352,3128 3434,3128 3516,3128 3598,3128 3680,3128 3762,3127 3844,3126 3926,3124 4008,3124 4091,3122 4173,3121 4255,3120 4337,3118 4419,3118 4501,3118 4583,3118 4665,3118 4747,3118 4829,3118 4912,3120"/>
                <TextEquiv>
                    <Unicode>außag geschribenstande, daruff nun wohl</Unicode>
                </TextEquiv>
            </TextLine>
            <TextLine id="r2l15" custom="readingOrder {index:14;}">
                <Coords points="3235,3315 3367,3253 3617,3320 3790,3236 3893,3303 4082,3241 4413,3291 4486,3253 4561,3302 4686,3241 4898,3245 4897,3198 4590,3123 4366,3195 4212,3115 4096,3192 3972,3134 3514,3220 3387,3123 3233,3173"/>
                <Baseline points="3246,3246 3328,3246 3410,3246 3492,3244 3574,3244 3656,3242 3738,3241 3820,3240 3902,3238 3984,3236 4066,3234 4148,3234 4230,3232 4312,3230 4394,3230 4476,3228 4558,3228 4640,3228 4722,3226 4804,3228 4886,3228"/>
                <TextEquiv>
                    <Unicode>zu beobachten, daß der welcher zur selbigen</Unicode>
                </TextEquiv>
            </TextLine>
            <TextLine id="r2l16" custom="readingOrder {index:15;} person {offset:28; length:9;}">
                <Coords points="3254,3383 3362,3436 3435,3373 3678,3372 3905,3448 4048,3356 4166,3439 4234,3375 4757,3387 4893,3340 4893,3293 4080,3241 3898,3309 3789,3236 3615,3321 3436,3276 3254,3324"/>
                <Baseline points="3266,3366 3346,3362 3427,3360 3508,3358 3589,3356 3670,3356 3750,3354 3831,3354 3912,3354 3993,3354 4074,3354 4154,3356 4235,3356 4316,3356 4397,3356 4478,3354 4558,3354 4639,3352 4720,3350 4801,3348 4882,3346"/>
                <TextEquiv>
                    <Unicode>visitation bestelt gsin deß fronckins nechter</Unicode>
                </TextEquiv>
            </TextLine>
            <TextLine id="r2l17" custom="readingOrder {index:16;}">
                <Coords points="3248,3507 3919,3481 4028,3546 4159,3467 4414,3543 4508,3476 4861,3494 4860,3388 4678,3355 4600,3411 4522,3359 4159,3440 4054,3360 3865,3451 3489,3376 3397,3447 3247,3418"/>
                <Baseline points="3258,3488 3337,3486 3417,3484 3496,3482 3576,3480 3656,3480 3735,3478 3815,3477 3894,3476 3974,3476 4054,3474 4133,3474 4213,3472 4292,3472 4372,3472 4452,3470 4531,3470 4611,3470 4690,3468 4770,3468 4850,3466"/>
                <TextEquiv>
                    <Unicode>Verwandter einer gsin, welcher denselben</Unicode>
                </TextEquiv>
            </TextLine>
            <TextLine id="r2l18" custom="readingOrder {index:17;}">
                <Coords points="3270,3617 3709,3618 3802,3675 3914,3619 4710,3591 4874,3676 4931,3663 4931,3464 4739,3520 4518,3479 4421,3554 4156,3467 4026,3544 3854,3481 3762,3549 3384,3509 3270,3560"/>
                <Baseline points="3280,3596 3362,3596 3444,3596 3526,3596 3608,3596 3690,3594 3772,3594 3854,3594 3936,3592 4018,3592 4100,3590 4182,3590 4264,3590 4346,3590 4428,3590 4510,3590 4592,3590 4674,3592 4756,3592 4838,3594 4920,3596"/>
                <TextEquiv>
                    <Unicode>nit hat verrachten wollen, weilen, die sach</Unicode>
                </TextEquiv>
            </TextLine>
            <TextLine id="r2l19" custom="readingOrder {index:18;}">
                <Coords points="3253,3789 3368,3817 3540,3748 3720,3777 3811,3734 3981,3816 4093,3745 4519,3781 4519,3664 4274,3596 4190,3665 4113,3617 4056,3663 3879,3630 3795,3675 3718,3624 3528,3647 3424,3610 3253,3676"/>
                <Baseline points="3264,3732 3326,3728 3388,3725 3450,3722 3512,3719 3575,3718 3637,3716 3699,3714 3761,3714 3823,3714 3886,3714 3948,3714 4010,3714 4072,3715 4134,3716 4197,3718 4259,3718 4321,3720 4383,3722 4445,3724 4508,3726"/>
                <TextEquiv>
                    <Unicode>Ehr vnd leben angetroffen etc.</Unicode>
                </TextEquiv>
            </TextLine>
            <TextLine id="r2l20" custom="readingOrder {index:19;}">
                <Coords points="3266,4011 4120,4045 4270,4002 4454,4064 4603,3999 4811,4080 4970,4026 4969,3920 4903,3905 4629,3942 4452,3872 4142,3945 4013,3871 3764,3926 3265,3825"/>
                <Baseline points="3278,4000 3362,4002 3446,4002 3530,4002 3614,4002 3698,4002 3782,4000 3866,4000 3950,3998 4034,3998 4118,3996 4202,3995 4286,3994 4370,3992 4454,3992 4538,3992 4622,3992 4706,3992 4790,3994 4874,3995 4958,3998"/>
                <TextEquiv>
                    <Unicode>In Summa durch die außag aller gestelten verhören</Unicode>
                </TextEquiv>
            </TextLine>
            <TextLine id="r2l21" custom="readingOrder {index:20;}">
                <Coords points="3293,4120 4167,4124 4290,4195 4498,4114 4983,4149 4983,4030 4937,4023 4844,4082 4595,4002 4509,4077 4216,4001 3942,4066 3644,3995 3529,4048 3293,4031"/>
                <Baseline points="3304,4106 3387,4108 3470,4110 3554,4110 3637,4112 3721,4112 3804,4112 3887,4112 3971,4112 4054,4112 4138,4112 4221,4112 4304,4110 4388,4110 4471,4110 4555,4112 4638,4112 4721,4112 4805,4114 4888,4116 4972,4118"/>
                <TextEquiv>
                    <Unicode>ten und erdaurten kundtschafften zu Gauff</Unicode>
                </TextEquiv>
            </TextLine>
            <TextLine id="r2l22" custom="readingOrder {index:21;}">
                <Coords points="3293,4241 3429,4302 3534,4226 3738,4293 3962,4229 4076,4308 4182,4245 4323,4280 4950,4250 4951,4211 4863,4145 4616,4182 4440,4123 4344,4201 4166,4124 3294,4166"/>
                <Baseline points="3304,4212 3385,4214 3467,4216 3549,4218 3631,4220 3713,4220 3794,4222 3876,4222 3958,4224 4040,4224 4122,4226 4203,4226 4285,4226 4367,4228 4449,4228 4531,4230 4612,4230 4694,4231 4776,4232 4858,4234 4940,4234"/>
                <TextEquiv>
                    <Unicode>durch unauffhörliches geschrey auß allen umb</Unicode>
                </TextEquiv>
            </TextLine>
            <TextLine id="r2l23" custom="readingOrder {index:22;}">
                <Coords points="3325,4356 3780,4367 3865,4427 4011,4360 4393,4357 4514,4435 4658,4354 4980,4361 4980,4301 4786,4302 4711,4244 4565,4283 4502,4239 4387,4315 4281,4262 4067,4309 3955,4231 3833,4290 3597,4229 3436,4299 3326,4252"/>
                <Baseline points="3336,4338 3417,4340 3499,4340 3580,4342 3662,4342 3744,4344 3825,4344 3907,4346 3988,4346 4070,4346 4152,4346 4233,4348 4315,4348 4396,4348 4478,4348 4560,4348 4641,4348 4723,4348 4804,4348 4886,4348 4968,4346"/>
                <TextEquiv>
                    <Unicode>tenden und ungezweiffleten schrifften er</Unicode>
                </TextEquiv>
            </TextLine>
            <TextLine id="r2l24" custom="readingOrder {index:23;}">
                <Coords points="3300,4519 3404,4471 3573,4519 3669,4446 4242,4473 4423,4536 4699,4461 4924,4479 4960,4426 4684,4377 4514,4436 4428,4371 4280,4405 4195,4362 3870,4426 3581,4351 3301,4362"/>
                <Baseline points="3312,4452 3393,4452 3475,4452 3557,4452 3639,4452 3721,4454 3802,4456 3884,4456 3966,4458 4048,4460 4130,4460 4211,4462 4293,4463 4375,4464 4457,4464 4539,4464 4620,4464 4702,4463 4784,4462 4866,4460 4948,4456"/>
                <TextEquiv>
                    <Unicode>scheint sich heitter und klag daß gedachter</Unicode>
                </TextEquiv>
            </TextLine>
            <TextLine id="r2l25" custom="readingOrder {index:24;} person {offset:0; length:8;}">
                <Coords points="3262,4610 4943,4611 4943,4528 4773,4464 4592,4548 4268,4478 4173,4540 3986,4476 3818,4514 3670,4446 3564,4526 3496,4477 3434,4535 3262,4486"/>
                <Baseline points="3274,4580 3356,4580 3439,4578 3522,4578 3605,4578 3688,4578 3771,4578 3854,4580 3937,4580 4020,4580 4103,4580 4185,4580 4268,4580 4351,4580 4434,4580 4517,4580 4600,4579 4683,4578 4766,4576 4849,4574 4932,4570"/>
                <TextEquiv>
                    <Unicode>fronckin alle zeit und unauffhörlich mit dem</Unicode>
                </TextEquiv>
            </TextLine>
            <TextLine id="r2l26" custom="readingOrder {index:25;}">
                <Coords points="3259,4719 3345,4762 3452,4691 3623,4762 3730,4690 3888,4750 4107,4700 4260,4781 4340,4736 4421,4784 4530,4701 4903,4722 4904,4660 4810,4606 4707,4668 4069,4574 3964,4652 3901,4589 3754,4660 3261,4620"/>
                <Baseline points="3270,4682 3351,4682 3432,4682 3513,4684 3594,4684 3675,4686 3756,4686 3837,4688 3918,4690 3999,4691 4081,4692 4162,4694 4243,4696 4324,4696 4405,4698 4486,4698 4567,4700 4648,4700 4729,4700 4810,4699 4892,4698"/>
                <TextEquiv>
                    <Unicode>schandtlichen lasters deß haltschen muntz</Unicode>
                </TextEquiv>
            </TextLine>
            <TextLine id="r2l27" custom="readingOrder {index:26;}">
                <Coords points="3211,4822 3527,4857 3812,4802 3909,4881 4054,4817 4215,4879 4498,4802 4804,4868 4990,4824 4957,4744 4674,4777 4544,4709 4429,4784 3772,4709 3538,4756 3450,4690 3344,4762 3211,4738"/>
                <Baseline points="3222,4804 3309,4806 3397,4806 3485,4808 3573,4808 3661,4808 3748,4808 3836,4810 3924,4810 4012,4810 4100,4810 4187,4808 4275,4808 4363,4808 4451,4808 4539,4808 4626,4808 4714,4806 4802,4806 4890,4806 4978,4806"/>
                <TextEquiv>
                    <Unicode>wesens muß behafftet gsin sein darvon jeder</Unicode>
                </TextEquiv>
            </TextLine>
            <TextLine id="r2l28" custom="readingOrder {index:27;}">
                <Coords points="3230,4958 3563,4923 3660,4981 3836,4927 4004,4996 4099,4933 4811,4975 4955,4934 4889,4858 4812,4889 4565,4819 4472,4878 4218,4881 4102,4818 3757,4895 3656,4839 3526,4883 3230,4850"/>
                <Baseline points="3240,4912 3325,4913 3410,4914 3495,4916 3580,4918 3666,4918 3751,4920 3836,4922 3921,4922 4006,4922 4092,4924 4177,4924 4262,4924 4347,4924 4432,4924 4518,4924 4603,4924 4688,4924 4773,4924 4858,4922 4944,4922"/>
                <TextEquiv>
                    <Unicode>weilen wohl gewüßt, alß welcher sölches ge</Unicode>
                </TextEquiv>
            </TextLine>
            <TextLine id="r2l29" custom="readingOrder {index:28;} person {offset:24; length:6;}">
                <Coords points="3285,5130 3525,5049 3839,5123 4064,5042 4485,5109 4598,5049 4964,5059 4964,5002 4755,4942 4644,4988 4101,4933 4029,5000 3748,4966 3691,5023 3473,4950 3285,4974"/>
                <Baseline points="3296,5032 3378,5036 3461,5040 3544,5044 3627,5046 3710,5048 3792,5048 3875,5048 3958,5048 4041,5048 4124,5048 4206,5048 4289,5046 4372,5046 4455,5044 4538,5044 4620,5044 4703,5044 4786,5044 4869,5045 4952,5046"/>
                <TextEquiv>
                    <Unicode>holffen ausprichten die Materi darzu ver</Unicode>
                </TextEquiv>
            </TextLine>
            <TextLine id="r2l30" custom="readingOrder {index:29;}">
                <Coords points="3248,5181 3740,5171 3840,5239 4029,5158 4289,5203 4605,5157 4667,5214 4748,5158 4832,5231 4973,5159 4973,5093 4871,5047 4743,5114 4485,5109 4386,5061 4238,5128 3918,5084 3810,5129 3660,5048 3583,5115 3413,5056 3248,5121"/>
                <Baseline points="3258,5156 3343,5158 3428,5160 3513,5162 3598,5164 3684,5164 3769,5164 3854,5164 3939,5164 4024,5164 4110,5164 4195,5162 4280,5162 4365,5160 4450,5158 4536,5158 4621,5156 4706,5154 4791,5152 4876,5150 4962,5150"/>
                <TextEquiv>
                    <Unicode>arbeiten dargeben, wie nicht weniger sel</Unicode>
                </TextEquiv>
            </TextLine>
            <TextLine id="r2l31" custom="readingOrder {index:30;}">
                <Coords points="3298,5298 3398,5362 3537,5282 4060,5352 4137,5292 4609,5289 4675,5340 4893,5269 4743,5161 4679,5208 4589,5162 4465,5210 4346,5175 4265,5253 4159,5206 3982,5260 3702,5176 3592,5240 3395,5232 3298,5168"/>
                <Baseline points="3310,5268 3388,5272 3467,5276 3545,5278 3624,5281 3703,5284 3781,5284 3860,5286 3938,5288 4017,5288 4096,5288 4174,5288 4253,5286 4331,5286 4410,5284 4489,5282 4567,5280 4646,5276 4724,5274 4803,5269 4882,5266"/>
                <TextEquiv>
                    <Unicode>bige vertriben außgeben und durch sein</Unicode>
                </TextEquiv>
            </TextLine>
            <TextLine id="r2l32" custom="readingOrder {index:31;}">
                <Coords points="3309,5406 3765,5444 3982,5398 4121,5485 4213,5410 4955,5414 4955,5341 4560,5289 4145,5295 4075,5354 3819,5316 3651,5373 3488,5305 3399,5362 3309,5302"/>
                <Baseline points="3320,5390 3401,5392 3482,5394 3563,5397 3644,5398 3726,5400 3807,5402 3888,5402 3969,5402 4050,5402 4132,5402 4213,5402 4294,5402 4375,5402 4456,5402 4538,5400 4619,5400 4700,5398 4781,5398 4862,5396 4944,5396"/>
                <TextEquiv>
                    <Unicode>verordnung und verstendtnus debitieren</Unicode>
                </TextEquiv>
            </TextLine>
            <TextLine id="r2l33" custom="readingOrder {index:32;}">
                <Coords points="3304,5529 3465,5516 3589,5614 3816,5530 3980,5610 4162,5511 4337,5565 4652,5519 4785,5567 4925,5523 4925,5451 4799,5408 4329,5457 4205,5411 4104,5494 3987,5427 3718,5447 3649,5397 3303,5449"/>
                <Baseline points="3314,5514 3394,5518 3474,5520 3554,5522 3634,5522 3714,5524 3794,5524 3874,5524 3954,5524 4034,5522 4114,5522 4194,5520 4274,5520 4354,5518 4434,5516 4514,5514 4594,5512 4674,5509 4754,5508 4834,5504 4914,5502"/>
                <TextEquiv>
                    <Unicode>und außgeben laßen, so wohl vermitlest</Unicode>
                </TextEquiv>
            </TextLine>
            <TextLine id="r2l34" custom="readingOrder {index:33;}">
                <Coords points="3316,5688 3410,5648 3727,5701 3992,5646 4096,5709 4189,5665 4427,5716 4575,5630 4697,5684 4779,5618 4976,5622 4974,5558 4711,5527 4580,5573 4470,5522 4330,5566 4148,5513 3980,5611 3313,5593"/>
                <Baseline points="3326,5634 3407,5639 3489,5642 3571,5644 3653,5646 3735,5646 3817,5646 3899,5644 3981,5642 4063,5640 4145,5638 4226,5635 4308,5631 4390,5628 4472,5624 4554,5620 4636,5616 4718,5612 4800,5608 4882,5604 4964,5600"/>
                <TextEquiv>
                    <Unicode>seiner eigenen persohn alß seiner factoren</Unicode>
                </TextEquiv>
            </TextLine>
            <TextLine id="r2l35" custom="readingOrder {index:34;}">
                <Coords points="3265,5763 3534,5851 3766,5766 3863,5835 4132,5750 4250,5794 4731,5767 4729,5703 4653,5650 4346,5720 4175,5672 4098,5709 4027,5660 3794,5711 3601,5659 3551,5705 3264,5679"/>
                <Baseline points="3276,5754 3348,5759 3420,5762 3492,5765 3564,5766 3636,5768 3708,5768 3780,5766 3852,5766 3924,5764 3997,5762 4069,5760 4141,5757 4213,5754 4285,5751 4357,5748 4429,5746 4501,5743 4573,5740 4645,5738 4718,5736"/>
                <TextEquiv>
                    <Unicode>Correspondenten, vnd Gemeinderen.</Unicode>
                </TextEquiv>
            </TextLine>
            <TextLine id="r2l36" custom="readingOrder {index:35;}">
                <Coords points="3167,6068 3314,6098 3497,6038 3628,6122 3824,6039 4083,6105 4203,6015 4896,6009 4953,5994 4950,5908 4517,5908 4404,5850 4228,5923 4047,5861 3741,5943 3160,5874"/>
                <Baseline points="3178,6040 3266,6040 3354,6040 3442,6039 3530,6038 3619,6036 3707,6032 3795,6030 3883,6026 3971,6023 4060,6018 4148,6016 4236,6012 4324,6007 4412,6004 4501,6000 4589,5996 4677,5992 4765,5989 4853,5986 4942,5982"/>
                <TextEquiv>
                    <Unicode>Zum Achten wirt sein fronckins Conviction</Unicode>
                </TextEquiv>
            </TextLine>
            <TextLine id="r2l37" custom="readingOrder {index:36;}">
                <Coords points="3300,6190 3845,6144 3968,6215 4135,6203 4255,6113 4670,6150 4762,6095 4871,6112 4927,6043 4204,6014 4027,6104 3825,6039 3624,6122 3496,6039 3414,6083 3292,6029"/>
                <Baseline points="3310,6150 3390,6152 3470,6152 3551,6152 3631,6150 3712,6148 3792,6145 3872,6140 3953,6135 4033,6131 4114,6125 4194,6121 4274,6114 4355,6110 4435,6104 4516,6100 4596,6096 4676,6093 4757,6092 4837,6090 4918,6092"/>
                <TextEquiv>
                    <Unicode>und überweisung auch darub erzeigt und</Unicode>
                </TextEquiv>
            </TextLine>
            <TextLine id="r2l38" custom="readingOrder {index:37;}">
                <Coords points="3310,6293 4491,6209 4607,6257 4772,6178 4867,6250 4940,6208 4933,6093 4738,6163 4598,6116 4538,6171 4225,6121 4137,6204 3968,6215 3849,6145 3303,6187"/>
                <Baseline points="3318,6262 3398,6264 3479,6264 3559,6262 3640,6260 3720,6258 3801,6254 3881,6249 3962,6244 4042,6237 4123,6230 4203,6225 4284,6219 4364,6213 4445,6206 4525,6200 4606,6195 4686,6190 4767,6186 4847,6182 4928,6180"/>
                <TextEquiv>
                    <Unicode>erhalten in deme er dem Rechten nicht</Unicode>
                </TextEquiv>
            </TextLine>
            <TextLine id="r2l39" custom="readingOrder {index:38;} place {offset:28; length:5;}">
                <Coords points="3310,6445 3432,6377 3904,6399 4023,6329 4917,6297 4913,6245 4774,6179 4618,6262 4489,6210 4405,6256 3724,6256 3613,6317 3418,6267 3300,6297"/>
                <Baseline points="3316,6376 3395,6373 3474,6370 3554,6366 3633,6361 3713,6356 3792,6351 3871,6346 3951,6339 4030,6333 4110,6328 4189,6321 4268,6317 4348,6309 4427,6305 4507,6299 4586,6296 4665,6291 4745,6287 4824,6284 4904,6282"/>
                <TextEquiv>
                    <Unicode>gestechen dorff, sonder von Gauff, alß dem</Unicode>
                </TextEquiv>
            </TextLine>
            <TextLine id="r2l40" custom="readingOrder {index:39;}">
                <Coords points="3320,6593 3562,6499 3699,6534 4038,6447 4263,6534 4617,6441 4810,6488 4924,6405 4831,6307 4696,6301 4568,6376 4374,6316 4023,6329 3904,6399 3679,6376 3581,6452 3400,6391 3310,6443"/>
                <Baseline points="3324,6498 3403,6493 3482,6489 3562,6484 3641,6477 3721,6471 3800,6465 3879,6458 3959,6452 4038,6446 4118,6440 4197,6433 4276,6427 4356,6422 4435,6416 4515,6412 4594,6409 4673,6406 4753,6404 4832,6402 4912,6402"/>
                <TextEquiv>
                    <Unicode>orth seines vatterlandts flüchtigen furs</Unicode>
                </TextEquiv>
            </TextLine>
            <TextEquiv>
                <Unicode>19
gehört habe, sagen, alß derselbige von Fronckin
habe geredt die faltschen batzen betreffendt
daß man under den schrifften deß grichts
ein information finden wurde, welche
auffgenommen worden sey zu der zeit alß das
faltsche Muntzwesen auff die bahn kommen
In welcheren es sich erfinden werde, daß man
in sein fronckins haus und er einem beth
underschidenliche seck mit batzen gefunden,
habe, und daß ehr conscilier fuision selbs
zu imme gesagt, er habe von gemeltem ehrs
faure ein gleiches gehört sagen, wie in seiner
außag geschribenstande, daruff nun wohl
zu beobachten, daß der welcher zur selbigen
visitation bestelt gsin deß fronckins nechter
Verwandter einer gsin, welcher denselben
nit hat verrachten wollen, weilen, die sach
Ehr vnd leben angetroffen etc.
In Summa durch die außag aller gestelten verhören
ten und erdaurten kundtschafften zu Gauff
durch unauffhörliches geschrey auß allen umb
tenden und ungezweiffleten schrifften er
scheint sich heitter und klag daß gedachter
fronckin alle zeit und unauffhörlich mit dem
schandtlichen lasters deß haltschen muntz
wesens muß behafftet gsin sein darvon jeder
weilen wohl gewüßt, alß welcher sölches ge
holffen ausprichten die Materi darzu ver
arbeiten dargeben, wie nicht weniger sel
bige vertriben außgeben und durch sein
verordnung und verstendtnus debitieren
und außgeben laßen, so wohl vermitlest
seiner eigenen persohn alß seiner factoren
Correspondenten, vnd Gemeinderen.
Zum Achten wirt sein fronckins Conviction
und überweisung auch darub erzeigt und
erhalten in deme er dem Rechten nicht
gestechen dorff, sonder von Gauff, alß dem
orth seines vatterlandts flüchtigen furs</Unicode>
            </TextEquiv>
        </TextRegion>
    </Page>
</PcGts>
