5472 7296
1271 1518 2714 1774 finden, vnd antreffen mochte Butikon
1279 1640 2692 1947 fer denselben abgethädiget, vnd an Ver¬
1313 1764 2736 1990 nere ort nacher zulauffen weg gewisen.
1310 1861 2666 2160 ungeacht die sach ihmme wol bekant war.
1296 2023 2743 2248 Nach demselbigen, als er gerig mit imme
1319 2123 2744 2379 Bütikofer von Solothurn uß der statte
1314 2238 2733 2498 gegangen, fragend, ob man ihme gerig
1328 2353 2724 2573 das bloß bezalt habe, begeret, daß er imme
1313 2478 2726 2706 das gelt zeige, so er auch ußerhalb der
1303 2578 2665 2803 statt dort uffem schangenen gethan
1318 2692 2665 2919 Vnd Rüttikofer daßelbig gezelt, auch
1330 2799 2688 3061 vierthalben guldin daruon für sich.
1359 3013 1711 3218 behalten.
1306 3106 2740 3344 Inmaßen er Gerig, in der Substantz
1363 3247 2689 3458 deß vernebten und ergriffnen.
2640 3382 2710 3441 .
1356 3345 2639 3568 diebstahls bekantlich bäte Gott, vnd
1371 3463 2730 3667 ein hoche oberkeit umb verzychung
1384 3578 2747 3774 es trage aber der gemelte bütikohes
2659 3765 2705 3831 e
1379 3682 2656 3891 wegen seines auffstupfens vnd
2704 3855 2745 3925 .
1390 3808 2695 3998 anwysens grad so vil schuld daran
1408 3919 2740 4124 als er selbsten, welches er demsel¬
1394 4039 2707 4230 bein Vnder angen erhalten wolle
1348 4197 2595 4366 Den 30. aprilii 1658 ist er gerig
1401 4301 2750 4484 nachmahlen durch vor und woler
2595 4440 2662 4570 .
1392 4414 2596 4565 melten herren examinatorn
1389 4527 2753 4712 von Bonstetten, vnd vbrige Herren
1393 4650 2529 4832 In der gefangenschafft, als
1390 4769 2784 4979 auch im Stecke thurn gantz ernst,
1326 4867 2627 5081 lich und bey gezeigter marter
1352 5003 2759 5186 examinirt die warheit zu bekennen.
1355 5154 2627 5364 gegen ermeltem bütigkofer.
1367 5265 2712 5455 confrontando ermant worden.
1354 5395 2764 5625 demselben nicht unrecht zu thun.
1345 5527 2656 5754 und allein die pere warheit
1330 5636 2745 5863 zu bekennen, ist aber nochmahlen.
1329 5790 2683 5999 auff seiner verricht, sonderlich
1333 5920 2710 6141 auch den Butigkoser betreffend.
1344 6028 2785 6269 styff verharret und ungeacht
1324 6166 2789 6417 B�ttkohers stätigen widerredens
4589 1469 4705 1575 31
3215 1484 4499 1708 Vnd verlaugnens es demselben
3225 1622 4644 1814 mit umbstanden under angen für¬
3223 1725 4537 1894 gehalten, mit vermelden, daß er
3221 1830 4584 2000 daßelbige, wo von nohten auch mit
3240 1943 4484 2123 Vnd an der Marter erhalten
3229 2062 3587 2199 wolten.
3219 2283 4653 2478 sambstags den 1. maii 1658 als diß
3224 2407 4677 2579 Ulli Gerigs vergicht vor raht getragen
3228 2523 4657 2715 gen und abgelesen worden, habend
3262 2634 4526 2815 nin gnedig herren vnd ober
3237 2743 4640 2951 erkent, daß er mit nachgeschriben
3270 2869 4629 3062 nein seinem gespanen zu wol
3267 2983 4650 3173 verdienter gnedigen straff mit
3241 3133 4556 3285 Ketten vnd Ring ins Schallen,
3204 3231 4595 3434 werk geschmidet und daselbst
3230 3369 4541 3552 ohne gnad enthalten werden.
3266 3480 4451 3695 solle, biß auff künfftigen
3247 3615 4573 3822 . Michels tag. Actum ut
3812 3734 4220 3949 Supra.
