5472 7296
938 1358 1070 1513 4.
1308 1471 2887 1684 bekennen wolle, hat er, doch anders mit
1281 1620 2847 1791 angeben, noch bekent, als daß er einfaltig
1285 1718 2867 1897 dorten mit ruten durch den scharpffrich-
1286 1826 2467 2025 ter sey außgeschmet worden.
2366 1973 2579 2098 r
2431 2409 2695 2570 ere
2322 2677 2386 2806 5
2198 2823 2400 2926 415
1333 2998 2436 3279 Caria Belmüller.
1492 3221 2465 3394 Auß der Sungklowenen.
2493 3284 2575 3411 e
1213 3362 2777 3558 Nad dem dieselbige auß der vorgrichtlichen
1236 3491 2730 3656 In die obere gefangenschafft gefuert, ist
1263 3587 2834 3724 sy volgends durch meinen hocherenden herr
1205 3670 2751 3834 Wilhelm von dießbach deß kleinen Rahts
1220 3786 2746 3961 In beysein herren großer von Lanternow
1216 3867 2773 4050 wegen verdachts vilfaltiger Buren, und Ehe¬
1203 3995 2784 4170 bruchs, vber die von einem Ehrs Torgricht
1201 4097 2781 4275 eingelangte relation ires dort gethanen
1200 4203 2731 4395 bekantnuß ernstwortig examinirt
1180 4317 2717 4493 worden, sonderlich daß sy zu irem
1197 4429 2812 4609 Vnehelich gebornen kind, keinen rechten
1182 4531 2800 4724 Vatter angeben konnen, vnd auff selbige
1158 4657 2769 4851 frag nüt antworten wollen, sonder
1186 4760 2831 4961 ernfaltig und bestendigklich sich erleütert.
1187 4881 2775 5034 daß sy anders mit werde bekennen können,
1182 4995 2828 5164 als allein das, was sy vor corgricht albereit
1184 5100 2846 5260 bekent, und daß sy sich mit gar niemand anderen
1185 5197 2842 5358 als dem angegebnen huerich reuer, fleischlich ver¬
1188 5295 2818 5459 trebt habe, nit hocher bethünerung, so wahr als
1157 5380 2833 5514 gott im himmel lebe, man soll iren thun wie man
1177 5471 2826 5658 wolle, so werde, sy doch hierauff alzeit bestendig
1170 5577 1480 5697 bleiben.
1938 5595 2852 5749 ber, weliche bewantnuß
1171 5649 2826 5874 ist sy vor Ires sengenden kindts und großer
1123 5780 2812 5961 selte wegen widrumb hinab in die Cor
1165 5870 2812 6075 grichtliche gefangenschafft gesezt worden.
1105 5979 2764 6162 daselbst Ir Gndt: weiteren erkantnuß
1144 6078 2672 6270 zu erwarten. Actum 10. jan 1657.
1814 6196 2453 6411 karte sich gegen
2855 3179 3009 3298 omi 6.
2864 3818 3063 3926 enit. 18.
3089 2426 3135 2622 .
3309 1530 4370 1800 Peter stiender
3348 1735 4280 1898 Mannerknecht, alhier zu Bern
3585 1846 3894 1987 gebürtig.
3183 1976 4762 2166 Nach dem Gott der vor durch sein Göttliche
3227 2098 4838 2256 allwüßenheit angesehen und befunden, was vilen
3231 2198 4837 2305 bösen begerden das menschliche geschlecht auff erden
3230 2280 4809 2428 ergeben, vnd eben der mensch vnder anderen
3219 2364 4818 2518 keinen nacheren und ergeren findt hat, als sein
3229 2453 4846 2578 eigen Fleisch, das derselbige beides In Scherpffe
3240 2545 4834 2722 deß gesatzes und auch hernach durch sein wahres
3226 2633 4839 2814 Mangelium, dem menschen die mittel, gebot, vnd
3229 2756 4797 2866 Regul auß unerforschlichen gnaden an die handt
3230 2827 4838 2974 geben nach welchen ein Jeder wüßen, vnd lernen
3203 2914 4805 3098 kan den underscheid deß guten und bösen und
3208 3012 4818 3181 daß der mensch die sund nicht solle zerschen laßen,
3235 3116 4786 3287 In seinem sterblichen leib, derselbiger gehorsam
3236 3200 4837 3366 zu leisten in ihren gelusten noch dahrgeben solle.
3232 3299 4714 3457 seine glider zu waffen der ungerechtigkeit,
3226 3407 4893 3547 und wie nun gott der herr hierdurch verstehet, aller
3215 3489 4883 3661 gattung funden, also thut er auch fürnemlich und
3210 3590 4876 3746 außtrukenlich reden und predigen wider das
3210 3684 4793 3841 schandtliche lasten der unkeüschheit, hurey, vnd
3231 3780 4942 3935 bluttschanden mit anträwung der straffen, daß
3228 3888 4920 4053 ein solcher solle außgerottet werden auß seinem
3225 3972 3413 4110 volt.
3767 3982 4844 4132 ils alles hat zwar der zugegen
3246 4029 4836 4246 stehende arme Mensch, Peter pfruenden, ußert
3210 4180 4990 4339 zweyfel vilmahlen, durch die predigen göttlichen worts
3226 4267 4836 4431 anhören, und verstahn können, dieweil vnd aber
3220 4367 4897 4540 derselbige solches imme beßer nicht hat zu ferigen gahn
3231 4480 4865 4625 nach fruchten laßen, als daß er sich gleichwol in
3221 4569 4809 4728 das greüwliche laster der Zurey und blutschanden
3209 4693 4869 4832 müßentlich gestürtzt und also in die straff gottes
3215 4762 4125 4916 und hocher oberkeit gefallen.
3208 4874 4887 5071 Dat nach dem derselbige vor etwas verwichner.
3234 4997 4935 5172 sachen, mit und neben zweyen schwesteren antia
3206 5088 4935 5269 und Catarina dies von Templin, mit denen er
3226 5194 4860 5362 blutschandt getriben, von daselbsten allhar in die
4851 5281 4906 5344 .
3218 5277 4950 5457 undere gefangenschafft gefüehrt und anfängklich vor
3226 5389 4828 5566 corgricht gegen gemelten beiden schwesteren
4831 5468 4896 5586 5
3226 5484 4947 5691 confrontirt und zu red gestelt, als auch hernach auß
3216 5577 4918 5766 bewelch unserer gnedigen herren und oberen
3190 5682 4926 5849 durch die ehrenuesten fromen fürnemmen für
3217 5790 4996 5992 sichtigen und weysen herren hrn. Johan Rudolph
3197 5885 4981 6090 Kilchbergern, deß kleinen gen sammel wyber
3229 5992 4962 6191 bach alt kornherren und hrn. Heidrich von Lau
3198 6108 5001 6299 ternow Großweibel und deß großen rahts dere
3200 6202 4997 6421 12 und 13. tag diß monats in der oberen gefangenen
3205 6310 4988 6520 genschafft diser leidigen sachen halber mit ernst
4456 6454 4800 6618 schafften
4777 1460 4838 1552 8
