5472 7296
1118 5606 1163 5727 1
1216 1548 2676 1736 halber vmb etwas vbel gehabend, habe
1242 1690 2685 1886 disere Margreth Hennin, bey solcher
1239 1811 2656 2040 glegenheit vnd Veranlaßung eines
1202 1917 2664 2130 purgiertrankt, nachdem sy iren
1233 2045 2704 2221 etwas freüter und hönig, auch etwas
1377 2193 1423 2258 a
1218 2152 2610 2344 Antimoniums von Iren Barben
984 2274 2658 2556 herfürgeben und selbs nemmen laßen, her
1230 2395 2653 2614 nach als Schöni dis under ein an¬
1217 2508 2637 2685 deren oben seiner gekocht, iren
1233 2641 2679 2828 kinderrugts und unwüßent
1229 2757 2650 2971 noch ein mäßer sein Voller von
1235 2890 2647 3077 dem anderet und ergsten gifft.
1237 3042 2690 3239 darein geworffen der intention
1233 3124 2635 3348 und meinung, sy hierdurch zu
1225 3274 2677 3493 vergifften und iren volkomlich
1227 3436 1820 3671 abzukommen.
1227 3696 2686 3912 endtlich und zum Vierten obschon
1224 3834 2654 4040 die gemelte Schöni diß trank ein
1217 3955 2684 4144 genommen, vnd ober diser Rentmen.
1215 4070 2672 4284 Ir worderisch vorhaben abermals
1228 4202 2686 4408 nit gelungen, in demme die Schon s
1239 4323 2660 4510 selbiges rever widerumb von sich
1204 4447 2648 4648 geben können ire gesundheit.
1207 4568 2704 4768 nach gethaner Aderläßen widrumb
1219 4701 2696 4904 gelanget, vnd sich heim nach Wal¬
1171 4840 2612 5018 sters wyl begeben, hat disere den¬
1146 4962 2627 5164 zinen in disem bösen vorhaben
1149 5079 2622 5295 nicht gefehret, vnd in dem Ney¬
1176 5210 2684 5412 und garn deß leidigen Satans schon¬
1192 5340 2677 5544 alzu vil verwigkelt und verwirt
1158 5468 2643 5658 auff andere glegenheit, Er vorge¬
1196 5586 2579 5793 seztes beseinen volkomlich ins
1183 5688 2637 5930 werk zu setzen geschammet und
1178 5842 2648 6027 getrachtet, wie sy namlich konte
1115 5949 2709 6176 diser frawen, vnd solcher beschwerd
1128 6064 2689 6302 dero Jehrlichen Vnderhaltung abkom¬
1105 6193 2684 6431 men und zugleich laut anzognen
2839 2989 2913 3089 5
2736 5513 3146 5711 und mehrer
2732 5667 3148 5795 erleüterung.
4481 1488 4618 1624 58
3116 1572 4617 1756 bestaments er verlaßnes güetlin für
3121 1688 4565 1871 derlich an sich bringen, in maßen
3122 1784 4645 1948 als jüngst verschienen wintermonats
3087 1887 4582 2081 dieselbige Catri Schöni sel diser un
3106 2003 4654 2186 zinen durch einen man hat gelt abfor
3036 2104 4491 2265 deren laßen, habe sy derselbigen
3129 2208 4670 2391 neben zweyen halben köngschen daheren
3129 2302 4594 2467 und einer halb maß wonig, noch ein
3128 2400 4560 2567 Achterlin voller weyßes lochmahl.
3142 2508 4696 2692 darunder sy so vil als sy mit dreyen
3129 2626 4615 2803 frücheren habe laßen mögen von
3130 2710 4659 2906 dem orden besten gifft ge¬
3153 2856 4519 3079 than hinab geschikt darvon die
4621 3021 4673 3089 .
3156 2965 4623 3201 Schöni sel werden ein brey gekocht
3141 3092 4625 3292 darvon sy und in etlich der Hauß¬
3149 3193 4710 3428 genoßen, einmahl, sy die schon s
3165 3319 4613 3511 aber widrumb und zum andren
4536 3488 4603 3540 .
3161 3439 4537 3654 mal gegeßen, und umb etwas
3145 3551 4694 3758 Krank w, sy die Schon aber
3173 3684 4785 3909 ain gantzen leib geschwollen worden.
3171 3800 4718 3991 und endtlich daran gestorben, wie
3168 3893 4683 4162 dan disere denemen auch bekent,
3147 4057 4734 4273 daß sy diß gifft zuvor und andern
3153 4194 4640 4377 dißmahl allein und einzig auff
3169 4313 4564 4495 eben diß endthin under solches
3193 4414 4780 4637 mahl, wie auch in das trank gethan
3184 4565 4760 4757 sy darmit auß dem mittel zu thun.
3191 4687 4823 4862 und umb das leben zu bringen, solches
3165 4791 4676 5028 auch auß antrib Irer Vngerechten
3180 4918 4732 5149 begird und gutgegzes, gantz worde
3118 5039 4730 5245 stisch Ins werk gerichtet, vnd disere
3184 5150 4708 5326 weibsperson wüßenthafft umb das
3187 5217 4790 5459 heben gebracht habe, welches sy auch mit
3191 5382 4359 5607 auffgestand, marter bestätiget
3259 5510 4733 5705 lach eingeschribnem process, hat sy
3197 5620 4620 5827 zu vervollkommung vorgeschribner
3192 5729 4722 5951 Iter Vergicht die letstgemelte Ver¬
3185 5844 4707 6069 giffte und abgestorbne weibsperson
3185 5967 4746 6191 betreffend nochmahlen ohne marter
3199 6093 4518 6356 weiter bekent, und angeben.
