5472 7296
1283 4264 1346 4392 .
1254 1509 2842 1764 Wol sicht, was gestalten er ir gute für solche
1373 1658 2833 1864 richter halten wil, welche da sich nach den
1325 1779 2853 1956 Willen eines andren umbher zeüchen laßind,
1397 1871 2850 2058 unnd das er ir gnaden nit anderst halte, als
1409 1965 2863 2132 eine particulars persohn und auff sölche
1361 2070 2853 2246 form mit inen umbzugehen begerdt ir
1381 2175 2859 2375 für sein gegen parthey annimbt unnd zu halt
1388 2283 2848 2465 vermeint, da er doch schon allbereit in den
1392 2386 2836 2569 höchstenn grad für ein riminal unnd male
1399 2490 2843 2681 Fitischer erklärt, ist unnd auch ir gudt hochen
1382 2594 2817 2798 standt von niemanden dependiert, alß allein
1385 2709 1962 2861 von Gotten.
1598 3048 2828 3250 Nachdem gegenwürtiges
1375 3168 2857 3364 Criminal process den 3 Septembr
1363 3296 2851 3489 Aber vor meinen gnedigen Vere
1371 3419 2762 3641 und oberen beschribner maßen
1399 3570 2757 3761 abgelesen worden, Ist darüber
1378 3691 2839 3872 wegen nicht erscheinens gemelten.
1367 3805 2712 4000 Eronckins die Nachgeschribne
1521 3924 2414 4140 Vrtheill erfolget.
1376 4172 2844 4445 Dir Schuldtheis rächt unnd Burger genant
1420 4320 2845 4528 die zwey hundert der statt Bern hievor gant
1386 4434 2861 4642 thund kundt hiemit, nach dem wir die hiene
1403 4541 2836 4775 und obanzognen memorial und Acta erdanten,
1403 4657 2843 4916 und übersehen, dardurch es offenbahr und an
1415 4807 2843 5044 tag, daß offt gedachter daques fronckin gantz
1373 4942 2842 5197 weitleüfig und uferflüßig, alß ein faltschen
1406 5074 2848 5309 muntzer und einschleister derselbigen we
1390 5199 2836 5457 auch das er unsere gutte muntz außgeschlaut
1410 5304 2849 5595 und zur gleichmäßigen verfeltsch und vers
1409 5482 2838 5696 gingerung verschmeltzt belegt und überzen
1401 5582 2836 5847 get worden uß krafft deßen und wegen seine
1403 5697 2831 5958 verüberens und nicht erscheinens er unß
1401 5793 2836 6092 urtheill und recht an leib und gut zube
1414 5915 2842 6224 kendt worden, in apffer betrachtung mit
1408 6035 2827 6336 dich einen und anderen auch in verwalten
1389 6135 2185 6393 Griste und Rechtend
2259 6269 2848 6507 Daß wir ers
2238 6500 2524 6688 khendt
3076 3127 3164 3220 e
3045 3231 3194 3337 2
4677 1389 4757 1598 d
3192 1443 4837 1692 und gesprochen, daß gemelte desfaults contumacis
3235 1580 4782 1777 und recht zug wider gedeüten frontin Recht
3250 1666 4845 1851 mäßig erhalten, deßwegen auch denselben condemnirt
3230 1766 4851 1932 und verfelt, daß er auff betretten wohl verdienter
3244 1849 4850 2042 weiß zum offentlichen exempel aller dergleichen
3254 1968 4822 2125 Malefitzischen boßhafften leüthen und betrüeber
3233 2048 4852 2221 deß gemeinen ruhr- und wohlstandts durch unser
3249 2136 4834 2270 von nachrichter mit dem strangen vom leben
3215 2238 4848 2420 zum thodt hingericht werden solle und zugleichen
3245 2343 4851 2515 die pern und straffen, so imme hiener auferlegt
3238 2421 4846 2595 und darauf er rechtlich verfelt worden zu
3224 2538 3782 2718 bekhennende.
4057 2538 4866 2721 unnd zu erwartung
3237 2630 4868 2841 daß er personlich ergriffen werde habend wir
3220 2751 4860 2957 befunden und erkhend, daß solich unser urtheil
3267 2864 4883 3069 so wohl in diser unser statt als auch in der
3957 3003 3999 3070 e
3244 2982 4846 3218 landtvogtey zu Newen und anderen unseren
3247 3095 4848 3308 landen und gepieten durch die scharpffrichter
3265 3221 4913 3417 anstatt deß leibs an seiner bildtnus exequirt
3243 3342 4893 3514 und erstattet werden solle. Uff diß endthin
3252 3461 4917 3637 allen und jeden unseren amptleüten weiblen
3254 3574 4837 3763 vahallen und underthanen, so deß ermelten
3243 3701 4840 3884 Fonckins in unseren landen und gepieten.
3256 3804 4865 4004 ansichtig oder denselben betretten und ern
3266 3931 4897 4136 greiffen köntend ernstlich befelchende stryff
3250 4054 4911 4266 daruff achtung zu geben, daß derselb in hafft
3240 4195 4898 4386 und land gebracht werden möge, die straff
3272 4315 4955 4496 an imme selbsten zu erstatten, welche er wohl
3249 4439 4952 4639 verdient hat, wie nicht weniger auff all sein
3258 4562 4872 4729 haab und gutt zu greiffen, was nothur unnd
3240 4675 4941 4873 wesens solches imerteye, wie ein jeder nach
3267 4781 4840 4996 der undertheinigen pflicht und treüw so er
3291 4915 4919 5105 seiner oberkeit und dem vatterland schuldig
3272 5020 4954 5229 Ist ze thun wüßen soll. Geschehen und also er
3257 5148 4918 5359 kandt in unser großen rahts versamlung in
3244 5278 4911 5475 Burn. Den 3. septembr 1657.
3407 5436 3733 5596 e
3504 5560 3861 5747 wobe
3950 5575 4030 5736 e
