4032 3024
595 518 739 578 Rede
810 517 858 577 ein
882 517 1073 577 Meckl.
1084 521 1156 581 die
1156 526 1359 586 Raht,
1371 533 1514 593 Sie
1550 539 1657 599 deß

602 593 858 653 Mittels
888 597 1094 657 ansehend
1144 601 1213 661 den
1252 607 1508 667 Haubtman
1557 619 1764 679 hergart

610 664 920 724 berahten,
930 667 1040 727 vnd
1080 668 1160 728 sie
1180 671 1320 731 sunde
1370 677 1660 737 ansinnen,
1690 683 1750 743 von

605 736 696 796 ihnen
738 736 838 796 auß
896 736 979 796 mit
1029 737 1187 797 aller
1237 742 1578 802 beforderung,
1619 747 1719 807 das
1719 748 1852 808 jenige

609 814 733 874 gegen
764 813 878 873 deßen
941 812 1023 872 H.
1023 814 1334 874 Maniorum
1417 818 1511 878 aus
1552 823 1863 883 befindende

608 895 714 955 weis
742 893 1049 953 anzusuchen,
1049 893 1184 953 was
1203 893 1270 953 zu
1299 894 1443 954 disem
1481 895 1606 955 endtt

585 971 641 1031 die
688 970 876 1030 Mhhl.
895 964 1082 1024 nöthig
1120 960 1420 1020 erachten.

596 1105 751 1165 fedel
810 1105 857 1165 an
917 1105 988 1165 H.
1011 1105 1296 1165 Großleibe.
1403 1105 1533 1165 Thue
1569 1105 1699 1165 deß

596 1181 730 1241 deßen
757 1178 935 1238 Artikel
1033 1178 1123 1238 und
1158 1178 1212 1238 so
1248 1179 1337 1239 viele
1497 1180 1711 1240 Anschet

588 1250 672 1310 die
697 1250 1090 1310 proclamation
1208 1255 1316 1315 der
1367 1256 1492 1316 Sechß
1543 1255 1777 1315 Evadieren

596 1324 859 1384 Berüchten,
916 1324 991 1384 mit
1047 1325 1226 1385 befelch
1254 1325 1311 1385 zu
1339 1324 1687 1384 Veranstalten

593 1397 695 1457 daß
746 1397 910 1457 selbige
961 1397 1043 1457 auf
1063 1399 1309 1459 konftigen
1360 1395 1596 1455 dienstag
1626 1387 1729 1447 den

594 1476 661 1536 Als
712 1473 771 1533 die
829 1471 1099 1531 gewohnter
1157 1469 1225 1529 vor
1326 1467 1443 1527 nach
1494 1462 1637 1522 durch
1662 1454 1755 1514 einen

590 1548 758 1608 tribue
803 1542 1157 1602 proclamirt,
1165 1541 1272 1601 und
1316 1539 1395 1599 auf
1440 1535 1528 1595 die
1564 1525 1829 1585 angeschle¬

598 1618 829 1678 terminen
874 1615 1007 1675 unter
1069 1615 1167 1675 dem
1220 1612 1593 1672 außgesetzten
1620 1595 1824 1655 comma¬

580 1696 730 1756 torio
767 1694 833 1754 zu
871 1693 1096 1753 erscheinen
1124 1691 1311 1751 citiert
1368 1682 1593 1742 werden,
1621 1669 1696 1729 und

582 1769 692 1829 daß
725 1771 912 1831 solches
934 1769 1122 1829 beschehen
1210 1759 1486 1819 Munguhl.
1497 1749 1585 1809 undt
1607 1739 1783 1799 Schultze

573 1850 671 1910 den
708 1847 855 1907 bericht
916 1843 1284 1903 abzustellenn,
1321 1832 1444 1892 wie
1456 1826 1529 1886 zu
1566 1814 1664 1874 thun
1677 1803 1726 1863 so¬

1229 1981 1329 2041 In
1351 1978 1452 2038 der
1463 1969 1775 2029 Angeläußheit

561 1989 714 2049 sedie
735 1985 775 2045 ad
816 1985 970 2045 eundem

569 2064 623 2124 ob
645 2060 840 2120 Jemand
894 2060 959 2120 von
1024 2062 1143 2122 denen
1197 2061 1457 2121 Pradierten
1522 2042 1728 2102 Personen

565 2145 733 2205 Etliche
764 2141 859 2201 auf
880 2140 1121 2200 könfftigen
1163 2135 1373 2195 dienstag
1414 2125 1540 2185 alhier
1593 2113 1677 2173 auf

559 2224 680 2284 dem
736 2219 990 2279 Rahthauß
1034 2217 1233 2277 werden
1266 2207 1609 2267 proclamirt,
1665 2180 1764 2240 und

562 2305 765 2365 zugleich
797 2303 893 2363 par
925 2302 1096 2362 afficio
1149 2296 1331 2356 citiert
1384 2284 1640 2344 werden,
1651 2270 1736 2330 sich

556 2393 662 2453 zue
690 2389 1102 2449 Verantwortung
1141 2383 1361 2443 einstellen
1419 2376 1582 2436 werde
1591 2369 1697 2429 oder

571 2473 738 2533 nicht,
750 2473 940 2533 haben
996 2471 1186 2531 Meckl.
1219 2468 1298 2528 und
1331 2464 1454 2524 Oberen
1499 2458 1544 2518 H.
1577 2451 1633 2511 und
1644 2445 1711 2505 G.

3297 450 3371 510 39.

2219 550 2307 610 ihme
2346 548 2423 608 H.
2423 550 2724 610 Großweibel
2763 554 2899 614 hiemit
2948 556 3132 616 befehlen
3162 557 3298 617 wollen,

2221 632 2480 692 zuzuschen
2515 634 2562 694 zu
2597 635 2879 695 verschoßen,
2891 635 2997 695 daß
3044 634 3103 694 von
3150 631 3267 691 allen
3279 628 3408 688 dießen

2225 711 2340 771 Sechst
2372 707 2696 767 außgeliehenen
2738 708 2822 768 eine
2864 709 3062 769 genaue
3094 702 3345 762 beschreibung

2214 783 2382 843 bahren
2433 779 2550 839 diser
2584 778 2660 838 Zeit
2719 778 2803 838 zue
2845 777 2954 837 hand
2979 772 3223 832 gebracht,
3257 759 3341 819 und

2227 860 2399 920 Muhl.
2418 853 2657 913 vorgelegt
2695 850 2838 910 werden
2886 847 3038 907 könne,
3067 841 3153 901 wan
3201 832 3372 892 Megk¬

2224 935 2324 995 die
2334 927 2582 987 Behrenden
2632 922 2751 982 Räht
2781 920 2880 980 nach
2920 911 3228 971 verstrichenem

2221 1007 2414 1067 terium
2472 997 2715 1057 ihrenthalb
2732 992 2816 1052 ihr
2841 986 3100 1046 gutachten
3151 971 3327 1031 Mhhl.

2224 1080 2477 1140 Vortragen
2523 1072 2722 1132 werden,
2749 1067 2994 1127 Maßen,
3012 1055 3239 1115 demnach
3266 1042 3320 1102 zu¬

2216 1157 2531 1217 Veranstalten,
2531 1147 2585 1207 so

2426 1340 2765 1400 Haare
2797 1329 2885 1389 und
2917 1323 3179 1383 affiche

2226 1418 2530 1478 anzuschlagen
2539 1411 2593 1471 an
2620 1408 2709 1468 der
2745 1402 2959 1462 entlichen
3031 1390 3227 1450 heisigen
3263 1377 3317 1437 an¬

2228 1487 2311 1547 die
2336 1480 2495 1540 weiler
2537 1472 2712 1532 hiesiger
2762 1463 3021 1523 Haubtstatt
3062 1454 3154 1514 wie
3179 1445 3271 1505 auch
3288 1436 3346 1496 an¬

2249 1553 2356 1613 die
2383 1542 2623 1602 Statthor
2685 1534 2757 1594 auf
2783 1527 2943 1587 gleichen
2988 1517 3103 1577 tag,
3148 1505 3246 1565 und

2296 1617 2479 1677 stund,
2486 1610 2585 1670 wan
2623 1604 2714 1664 die
2752 1593 3140 1653 proclamation

2338 1685 2429 1745 auf
2467 1680 2536 1740 dem
2574 1674 2817 1734 Rahthauß
2863 1663 3022 1723 alhier

2374 1754 2559 1814 beschehen
2595 1741 2745 1801 wird,
2745 1730 2965 1790 nemlich

2410 1824 2591 1884 Außag
2624 1811 2839 1871 Morgens
2862 1802 2952 1862 denn,
2975 1797 3043 1857 Als
3088 1789 3178 1849 diß

2208 2007 2492 2067 Demnach
2504 1994 2694 2054 Mehl.
2705 1986 2765 2046 und
2788 1979 2930 2039 Obegen
2954 1971 3072 2031 Raht
3108 1966 3167 2026 und
3191 1963 3380 2023 Burger¬

2227 2087 2356 2147 Auß
2391 2078 2477 2138 der
2511 2071 2580 2131 mit
2623 2063 2735 2123 denen
2778 2052 2924 2112 dreyen
2958 2038 3294 2098 hingerichteten

2218 2163 2379 2223 Haubt
2407 2151 2596 2211 Radels
2596 2141 2785 2201 führeren
2804 2131 2908 2191 der
2927 2121 3088 2181 bidder
3125 2108 3267 2168 dero¬

2234 2239 2494 2299 Spietung
2523 2219 2821 2279 angestelten
2889 2196 3177 2256 anspiration
3245 2182 3370 2242 Vor¬

2253 2317 2420 2377 Jahrten
2449 2305 2664 2365 procedur
2693 2294 2781 2354 und
2811 2282 3016 2342 Vergeht
3045 2270 3182 2330 leider
3231 2261 3339 2321 auch

2245 2391 2480 2451 Nahmen
2514 2376 2732 2436 mueßen,
2749 2367 2808 2427 in
2825 2360 2917 2420 die
2943 2353 3035 2413 beit
3085 2344 3186 2404 der

2252 2463 2425 2523 Burger
2503 2449 2693 2509 Gabriel
2744 2433 2900 2493 später
2926 2424 3012 2484 der
3029 2412 3340 2472 handelsman

2246 2540 2340 2600 der
2368 2533 2482 2593 Raht
2482 2522 2670 2582 gewer
2698 2511 2859 2571 Kuhn,
2896 2502 2991 2562 der
3028 2490 3330 2550 Chirurgue¬

3426 621 3469 681 sei¬
