4032 3024
516 535 583 595 94

696 569 939 629 ehmüchtiges
939 563 1169 623 nachgeben,
1182 559 1245 619 und
1271 558 1360 618 theuer
1399 557 1475 617 auch
1488 557 1705 617 Schrifftliche
1731 566 1948 626 Versprechung

680 651 847 711 konftige
872 646 1013 706 Kuhiger
1013 642 1270 702 außfuhrung,
1295 639 1347 699 und
1372 638 1552 698 anderung
1577 640 1680 700 seines
1718 651 1923 711 verwehrten

696 740 795 800 sinet
817 736 872 796 sich
883 734 1004 794 belegen
1036 730 1168 790 laßen,
1179 729 1245 789 daß
1256 728 1431 788 selbiger
1442 730 1486 790 von
1508 733 1661 793 Erburg
1672 735 1705 795 in
1727 744 1914 804 allhiesigen

694 820 835 880 Großen
874 816 1014 876 Stathall
1053 811 1258 871 Transciret,
1296 811 1347 871 und
1373 811 1475 871 allda
1488 812 1552 872 mit
1578 818 1795 878 anständigem
1834 829 1923 889 gehal¬

695 904 739 964 vnd
773 904 806 964 in
829 901 1008 961 Zimblicher
1041 898 1388 958 dreyheitenthalten
1421 898 1567 958 bede,
1578 901 1645 961 hat
1690 903 1712 963 Er
1746 905 1835 965 diese
1835 910 1958 970 Gra¬

691 988 763 1048 mit
787 988 847 1048 dem
883 986 1099 1046 Schlegesten
1148 986 1304 1046 undanck,
1340 986 1412 1046 und
1412 988 1689 1048 treulosigkeit
1713 993 1761 1053 zu
1761 998 1965 1058 mißbrauch¬

702 1078 764 1138 sich
776 1077 913 1137 ersuchen
963 1074 1124 1134 dießen,
1137 1073 1261 1133 Andere
1348 1074 1422 1134 aus
1422 1076 1670 1136 abgelesener
1695 1085 1882 1145 Proceden¬

702 1175 820 1235 geholet
859 1171 938 1231 und
951 1171 1004 1231 Er
1004 1169 1228 1229 bekantlich
1241 1168 1346 1228 berden
1398 1168 1609 1228 mueßen,
1622 1169 1767 1229 daß
1780 1174 1832 1234 Er

692 1272 834 1332 Michel
856 1268 932 1328 von
965 1267 1030 1327 der
1052 1265 1291 1325 Conspiration
1313 1265 1520 1325 etbelicher
1520 1267 1749 1327 Freüblosen
1771 1274 1912 1334 Burgern

697 1357 793 1417 gute
793 1355 1068 1415 bußenschafft
1068 1355 1224 1415 gehabt,
1260 1355 1451 1415 dieselben
1499 1357 1619 1417 durch
1642 1359 1906 1419 beybringung

707 1448 815 1508 seine
827 1448 1055 1508 gefährlichen
1079 1446 1283 1506 Politischen
1307 1445 1379 1505 Lehe
1415 1445 1511 1505 sagen
1535 1448 1775 1508 angefrischet,
1787 1451 1835 1511 und
1871 1453 1919 1513 mit

697 1541 804 1601 seinen
840 1535 1018 1595 conalio
1018 1534 1327 1594 understurzet,
1339 1535 1434 1595 Also
1446 1537 1517 1597 daß
1553 1539 1624 1599 auch
1636 1541 1731 1601 Etso
1743 1543 1802 1603 viel
1826 1546 1957 1606 auszu¬

707 1626 821 1686 Unsere
860 1621 1037 1681 Gnädige
1050 1618 1253 1678 Regirung
1253 1616 1532 1676 anzugreißen,
1532 1618 1608 1678 und
1634 1623 1862 1683 abzuenderen
1888 1630 1951 1690 sich

705 1711 1001 1771 sunderbunden,
1012 1708 1160 1768 Mithin
1181 1707 1255 1767 alle
1255 1706 1446 1766 teurigen
1488 1706 1552 1766 und
1573 1708 1742 1768 unseligen
1774 1712 1922 1772 folgen,

707 1799 830 1859 beliche
830 1798 917 1858 aus
917 1798 1028 1858 gebalt
1090 1798 1251 1858 hätiger
1251 1798 1387 1858 Ihme
1387 1800 1584 1860 bewuster
1609 1804 1819 1864 ausführung
1844 1807 1943 1867 dieses

703 1889 911 1949 Gottlosen
923 1889 1108 1949 anschlags
1143 1890 1259 1950 hätten
1282 1891 1432 1951 entstehen
1478 1894 1640 1954 mueßen,
1675 1897 1849 1957 besonderen
1872 1900 1964 1960 sollen

701 2057 919 2117 Wiewohlen
970 2056 1034 2116 nun
1073 2056 1201 2116 solche
1201 2056 1405 2116 absehlige
1418 2057 1687 2117 abschändliche
1687 2059 1956 2119 laßethat,

711 2145 797 2205 und
829 2146 1063 2206 beleidigung
1074 2147 1362 2207 Oberkeitlichen
1383 2147 1565 2207 ansehens
1565 2147 1650 2207 und
1671 2147 1810 2207 höchsten
1831 2147 1970 2207 Gebalts

714 2234 786 2294 die
798 2234 966 2294 gerechte
990 2234 1062 2294 als
1074 2233 1218 2293 hatteste,
1254 2233 1362 2293 wodes
1386 2234 1482 2294 sten
1530 2234 1626 2294 Recht
1638 2234 1854 2294 verdienet,
1866 2234 1962 2294 haben

703 2329 794 2389 Ihr
794 2329 924 2389 Sel.
937 2327 1067 2387 dennoch
1067 2327 1197 2387 Ihme
1197 2325 1391 2385 Michel,
1404 2324 1508 2384 der
1521 2322 1664 2382 gnade
1677 2321 1755 2381 und
1781 2320 1950 2380 gelindig¬

717 2422 795 2482 reit,
829 2421 884 2481 mit
929 2419 1063 2479 welcher
1097 2419 1175 2479 hoch
1186 2417 1321 2477 dieselbe
1343 2417 1444 2477 dero
1444 2418 1768 2478 Unglückhafftige
1768 2420 1947 2480 Burger¬

720 2513 818 2573 kegen
854 2511 989 2571 dieses
1013 2509 1258 2569 Verbrechens
1270 2509 1319 2569 zu
1344 2509 1552 2569 bestraffen
1576 2513 1833 2573 gemüßiget
1833 2521 1992 2581 worden,

724 2603 807 2663 auch
819 2603 843 2663 so
854 2603 913 2663 beit
949 2602 1126 2662 genießen
1162 2601 1303 2661 laßen,
1315 2600 1386 2660 daß
1398 2601 1528 2661 Ihme
1552 2602 1623 2662 das
1623 2603 1753 2663 Erben
1776 2608 1989 2668 geschencket,

2054 2782 2089 2842 X
2164 2776 2205 2836 von

3393 468 3449 528 93

2164 582 2388 642 Dennoch
2404 571 2436 631 Er
2468 567 2532 627 aus
2532 565 2660 625 seiner
2708 563 2916 623 bißherigen
2948 566 3172 626 verbahrung
3188 568 3284 628 bitte
3300 566 3348 626 in
3364 566 3428 626 seint

2218 671 2439 731 Ehemahlige
2452 664 2569 724 hafft
2582 661 2673 721 auff
2686 661 2751 721 der
2751 661 2920 721 Vestung
2933 664 3102 724 Barburg
3102 665 3154 725 zu
3180 665 3284 725 sichern
3310 664 3427 724 handen

2207 774 2427 834 geliheret,
2439 769 2513 829 und
2513 766 2610 826 für
2623 765 2684 825 all
2708 763 2831 823 übrige
2831 763 2928 823 Zeith
2965 763 3075 823 seines
3075 763 3222 823 lebens
3222 763 3344 823 allda
3344 761 3552 821 eingesaget,

2219 871 2318 931 auch
2329 869 2396 929 von
2418 868 2517 928 allem
2550 866 2738 926 comperio
2738 865 2816 925 und
2838 862 3026 922 umbgang
3037 860 3125 920 der
3125 859 3336 919 Menschen
3380 857 3468 917 also

2229 965 2470 1025 quotiert
2490 965 2606 1025 werden
2647 963 2742 1023 solle,
2773 961 2836 1021 daß
2867 960 2961 1020 solche
2993 958 3097 1018 seiner
3118 958 3275 1018 Quasion,
3306 958 3369 1018 als
3380 959 3505 1019 gefahrl.

2220 1060 2419 1120 Practiren
2444 1057 2531 1117 halb
2556 1057 2718 1117 ferners
2743 1055 2817 1115 und
2817 1055 3079 1115 immermehr
3079 1054 3228 1114 etwas
3228 1052 3290 1112 zu
3290 1051 3477 1111 besorgen,

2643 1151 2738 1211 So
2761 1149 2844 1209 dan
2867 1147 2974 1207 fahls
2974 1146 3009 1206 se
3044 1145 3139 1205 das
3150 1144 3233 1204 Eine
3280 1143 3363 1203 oder
3386 1142 3493 1202 andere

2227 1155 2316 1215 seyn
2328 1151 2473 1211 möge.

2234 1247 2517 1307 übertretten,
2528 1246 2615 1306 auch
2626 1244 2702 1304 nur
2723 1243 2897 1303 tentiren
2919 1241 3071 1301 dörffe,
3093 1240 3136 1300 Er
3136 1239 3256 1299 ohne
3256 1238 3375 1298 Gnade,
3430 1234 3473 1294 mit

2235 1344 2328 1404 dem
2363 1341 2515 1401 Schwert
2538 1337 2608 1397 vom
2643 1336 2760 1396 Leben
2783 1334 2853 1394 zum
2865 1333 2923 1393 Tod
2969 1332 3039 1392 und
3063 1331 3261 1391 Endtlicher
3284 1331 3401 1391 Ruhe
3412 1332 3541 1392 gebracht

2229 1436 2347 1496 werden
2392 1433 2519 1493 solle.

2199 1593 2533 1653 Vbrigens
2580 1581 2644 1641 vnd
2676 1578 2755 1638 Euch
2771 1577 2882 1637 Mehl
2882 1577 3136 1637 überlaßen,
3152 1578 3311 1638 ansehend
3327 1579 3390 1639 die
3406 1579 3517 1639 recht¬

2248 1682 2361 1742 gung
2384 1679 2452 1739 deß
2463 1677 2622 1737 Michell
2645 1675 2736 1735 das
2747 1673 2872 1733 nöthig
2872 1673 3054 1733 findende
3076 1672 3144 1732 dem
3178 1672 3212 1732 H.
3246 1670 3507 1730 Comandanten

2246 1779 2289 1839 zu
2299 1776 2501 1836 Barburg
2512 1771 2830 1831 anzubefehlen,
2841 1769 2915 1829 und
2947 1768 3000 1828 zu
3022 1767 3266 1827 verordnen,
3276 1766 3361 1826 Wie
3383 1766 3457 1826 sie
3468 1768 3542 1828 dan

2256 1873 2349 1933 auch
2360 1874 2418 1934 die
2418 1874 2684 1934 Verhaltung
2707 1871 2834 1931 seiner
2857 1867 3019 1927 Expecten
3053 1864 3134 1924 und
3134 1861 3400 1921 bezeuchenden
3400 1859 3573 1919 Interesi¬

2251 1974 2414 2034 gelteren
2451 1971 2501 2031 in
2527 1969 2689 2029 sicheren
2714 1966 2790 2026 und
2815 1964 3053 2024 vertraute
3053 1961 3178 2021 hand
3203 1959 3416 2019 übergeben
3466 1958 3528 2018 zu¬

2256 2074 2373 2134 laßen
2419 2074 2629 2134 angesonen
2640 2071 2838 2131 werden.

2241 2215 2395 2275 der
2407 2212 2656 2272 bedienung
2668 2209 2775 2269 halb,
2810 2209 2870 2269 deß
2893 2206 3012 2266 Michell
3024 2205 3142 2265 sets
3154 2203 3261 2263 auch
3273 2201 3332 2261 den
3332 2200 3510 2260 Verstand,
3522 2199 3569 2259 daß

2264 2293 2321 2353 sem
2356 2294 2494 2354 diener
2494 2293 2608 2353 Ihme
2620 2291 2803 2351 gestatet,
2815 2287 2953 2347 sondern
2964 2285 3010 2345 H.
3045 2282 3286 2342 Cumandant,
3297 2281 3343 2341 die
3366 2281 3538 2341 vnumb¬

2268 2378 2419 2438 ganglich
2429 2376 2558 2436 nöttige
2569 2374 2698 2434 abfahrt
2698 2370 2934 2430 anbefehlen,
2945 2365 3052 2425 anbey
3074 2364 3149 2424 Ihme
3170 2363 3321 2423 keinen
3342 2363 3428 2423 Crede
3460 2366 3546 2426 zeug¬

2266 2464 2316 2524 vnd
2355 2462 2474 2522 Papir
2494 2460 2563 2520 zum
2583 2457 2771 2517 Schreiben,
2780 2454 2840 2514 wohl
2860 2451 2948 2511 aber
2958 2447 3126 2507 beliebige
3146 2443 3294 2503 Bücher
3314 2441 3354 2501 zu
3354 2440 3463 2500 seiner

2277 2548 2482 2608 glaubung,
2505 2545 2574 2605 und
2597 2542 2734 2602 hinnicher
2768 2536 2962 2596 Erquitung
2985 2533 3156 2593 zukommen
3179 2530 3282 2590 laßen
3304 2530 3407 2590 solle,

2267 2624 2425 2684 deßen
2436 2626 2499 2686 Ihr
2520 2626 2668 2686 Meg.
2668 2626 2721 2686 den
2752 2626 2795 2686 H.
2805 2624 3027 2684 Commendanten
3048 2621 3291 2681 verständigen
3322 2619 3459 2679 beedet:
3470 2617 3533 2677 Act.

2274 2698 2379 2758 coram
2408 2700 2494 2760 200.
2523 2701 2561 2761 den
2571 2701 2600 2761 18.
2648 2701 2782 2761 Augusti
2810 2701 2897 2761 169

2284 2770 2340 2830 deser
2374 2776 2442 2836 Erb.
2442 2778 2476 2838 3.
2487 2781 2690 2841 genach
2701 2784 2747 2844 etc.
2758 2785 2769 2845 5.
2792 2785 2826 2845 n.
2871 2785 2882 2845 15.
2905 2782 3379 2842 Drichtschreiberey
3390 2775 3559 2835 dern¬
