4032 3024
512 514 608 574 46.

732 1787 797 1847 A¬

813 649 948 709 tage
993 641 1072 701 oder
1106 637 1151 697 im
1184 634 1263 694 fahl
1308 632 1421 692 eines
1455 631 1736 691 Ausbruchs,
1748 634 1860 694 auf

787 732 982 792 gegebene
1055 721 1189 781 Zeichen
1249 714 1335 774 und
1359 710 1578 770 Kostungs
1639 713 1822 773 Schutzen

793 823 889 883 sich
909 817 1005 877 ins
1034 805 1380 865 gewehrstellen
1428 800 1650 860 wollen,
1659 800 1755 860 daß
1784 803 1871 863 Sie

796 906 913 966 Uns
952 901 1039 961 dan
1078 898 1185 958 Wir
1215 896 1312 956 auf
1322 895 1409 955 der
1448 895 1594 955 Rahtt
1614 895 1750 955 Stuben
1818 896 1915 956 ver¬

802 984 986 1044 Namet,
1018 980 1126 1040 oder
1159 980 1245 1040 bey
1299 980 1429 1040 Nacht
1483 980 1548 1040 Zeit
1602 982 1656 1042 in
1678 983 1894 1043 Unsere

807 1059 1013 1119 Mutteren
1081 1052 1177 1112 zu
1191 1051 1520 1111 überfallenn,
1534 1054 1630 1114 deß
1671 1061 1945 1121 Rahthauses

806 1146 898 1206 der
933 1140 1059 1200 Statt
1071 1136 1255 1196 Porten
1290 1136 1359 1196 und
1394 1138 1497 1198 deß
1555 1141 1670 1201 Zeug
1670 1146 1900 1206 haußes

802 1236 928 1296 sich
962 1231 1020 1291 zu
1065 1226 1340 1286 bemächtigen
1421 1222 1638 1282 gesinnet,
1650 1223 1799 1283 Uns
1810 1227 1925 1287 daß

795 1312 898 1372 Sie
929 1312 1031 1372 dan
1062 1312 1114 1372 in
1145 1313 1299 1373 dieser
1350 1312 1680 1372 Verfaßung
1721 1306 1783 1366 die
1803 1301 1927 1361 aus¬

795 1395 938 1455 Ihrer
950 1393 1093 1453 Muht
1129 1393 1212 1453 und
1260 1396 1546 1456 verwahrten
1605 1400 1855 1460 Einbildung

808 1478 1157 1538 hergefloßene
1213 1482 1483 1542 vorschlage
1551 1486 1663 1546 Uns
1709 1489 1776 1549 an
1787 1488 1934 1548 und

809 1573 859 1633 auf
889 1568 1068 1628 dringen
1137 1561 1386 1621 wollen.

1701 1746 1904 1806 Folgen

838 1759 1040 1819 Solche
1074 1749 1332 1809 Vorschlage
1377 1745 1467 1805 und
1512 1743 1658 1803 deren

820 1841 1129 1901 haubtsachlich
1141 1832 1260 1892 darin
1320 1829 1486 1889 bestehen
1522 1829 1736 1889 solten:
1747 1829 1866 1889 daß

818 1919 899 1979 die
919 1916 1194 1976 Regierung
1235 1911 1367 1971 Uns
1397 1907 1672 1967 entrißen,
1682 1903 1824 1963 Eine
1855 1897 1967 1957 newe

816 1996 1098 2056 Regiments
1110 1991 1245 2051 form
1294 1991 1588 2051 eingeführt,
1600 1990 1673 2050 und
1710 1987 1918 2047 daßelbe

822 2077 891 2137 mit
941 2070 1059 2130 nenen
1108 2068 1345 2128 gliederen
1424 2073 1661 2133 besetzet,
1670 2074 1956 2134 verschiedene

804 2158 1007 2218 Unserer
1046 2153 1162 2213 Ehren
1171 2152 1345 2212 Mittlen
1393 2150 1509 2210 aber
1548 2150 1683 2210 Ihrer
1712 2152 1915 2212 Güeteren

800 2237 1075 2297 digniteten
1153 2236 1232 2296 und
1271 2234 1339 2294 deß
1388 2233 1555 2293 Lebens
1594 2233 1780 2293 selbsten
1820 2235 1927 2295 be¬

815 2318 944 2378 raubet
973 2315 1112 2375 werden

817 2416 951 2476 Und
993 2408 1055 2468 da
1086 2404 1230 2464 solcher
1272 2401 1406 2461 Aber
1417 2401 1530 2461 Muht
1561 2400 1654 2460 und
1685 2399 1861 2459 Gretel

815 2493 935 2553 wan
972 2486 1037 2546 Er
1074 2482 1249 2542 einmahl
1305 2480 1351 2540 so
1379 2480 1480 2540 weit
1527 2480 1804 2540 geliehen,
1813 2476 1924 2536 alle

806 2569 1059 2629 Schrancken
1134 2558 1261 2618 auch
1286 2559 1374 2619 der
1374 2564 1715 2624 Menschlichkeit
1753 2574 1980 2634 selbsten

3395 463 3412 523 14

2353 618 2459 678 zu
2471 610 2776 670 überschreiten
2812 617 3011 677 pfleget,
3047 625 3094 685 so
3117 628 3176 688 von
3199 630 3282 690 vnd
3317 631 3411 691 diese

2324 710 2671 770 unglückseelige
2722 707 2804 767 sich
2834 707 2926 767 gar
2967 707 3038 767 zu
3079 707 3161 767 Sie
3202 705 3396 765 nemen,
3416 698 3498 758 und

2327 805 2630 865 vmbschließen
2670 796 2801 856 alles,
2842 793 2953 853 was
2993 790 3134 850 Ihrem
3165 788 3316 848 bösen
3357 788 3508 848 Vor¬

2317 902 2429 962 haben
2494 893 2578 953 sich
2597 886 2849 946 widersetzen
2877 879 3054 939 dorffe,
3120 875 3185 935 zu
3194 872 3484 932 masserieren

2317 1003 2451 1063 vnd
2489 992 2613 1052 fahls
2632 986 2709 1046 Sie
2737 979 2890 1039 solten
2929 969 3196 1029 unterligen,
3215 962 3301 1022 die
3339 957 3483 1017 Statt

2333 1094 2399 1154 mit
2446 1082 2568 1142 heur
2615 1069 2999 1129 anzustecken;
3009 1060 3131 1120 auch
3140 1057 3337 1117 endtlich
3375 1053 3488 1113 Ihre

2321 1181 2597 1241 Gefangene
2628 1168 2863 1228 guetigste
2904 1161 3180 1221 Obrigkeit,
3211 1150 3364 1210 welche
3395 1142 3457 1202 Sie

2341 1276 2440 1336 auch
2462 1271 2606 1331 diesen
2628 1264 2738 1324 fahl
2771 1258 2871 1318 hin
2926 1253 2992 1313 an
3025 1249 3158 1309 einem
3213 1242 3467 1302 besonderen

2343 1370 2436 1430 ohrt
2477 1357 2724 1417 Verwahren
2765 1347 2941 1407 wolten
3002 1338 3332 1398 grausamlich
3353 1332 3466 1392 un¬

2326 1463 2389 1523 zu
2404 1455 2545 1515 bringen

2198 1694 2495 1754 Wir
2495 1671 2709 1731 erstaret
2775 1659 2874 1719 nicht
2907 1653 3006 1713 über
3039 1650 3171 1710 diesen
3204 1648 3534 1708 Vorstellungen

2343 1765 2415 1825 vnd
2446 1762 2682 1822 trawigen
2734 1749 3135 1809 Vorstellungen,
3155 1740 3227 1800 wie
3248 1737 3351 1797 weit
3382 1732 3484 1792 das

2342 1846 2601 1906 Menschliche
2638 1846 2724 1906 her
2785 1842 2884 1902 sich
2909 1835 3143 1895 Vergehende,
3192 1825 3266 1885 und
3290 1821 3364 1881 wie
3364 1818 3512 1878 leichten

2347 1922 2494 1982 digen
2528 1924 2550 1984 in
2595 1924 2686 1984 den
2720 1922 2934 1982 Abgrund
2945 1921 3036 1981 der
3070 1919 3250 1979 boßheit
3273 1919 3329 1979 es
3352 1921 3431 1981 sich
3454 1923 3544 1983 ver¬

2352 1998 2467 2058 keiten
2514 1997 2658 2057 laßen
2725 1997 2782 2057 konnen

2383 2204 2502 2264 dan
2515 2197 2726 2257 hingegen
2740 2195 2859 2255 Wir
2885 2193 3031 2253 Unser
3070 2185 3335 2245 Vattertert,
3388 2169 3467 2229 und

2207 2223 2276 2283 E.

2355 2286 2534 2346 Milde
2545 2280 2787 2340 Regierung
2819 2274 2903 2334 auch
2924 2269 3093 2329 darmit
3114 2263 3219 2323 ohnen
3272 2255 3472 2315 stoßlich

2364 2360 2502 2420 vnnd
2513 2359 2704 2419 machen,
2736 2359 2810 2419 daß
2842 2357 2970 2417 solche
2991 2355 3204 2415 Grauel,
3235 2350 3490 2410 wordtliche

2346 2431 2580 2491 Anschläge
2617 2429 2692 2489 und
2721 2429 2917 2489 Selonie
2964 2428 3067 2488 wir
3105 2427 3179 2487 mit
3226 2422 3442 2482 gelinder

2355 2515 2577 2575 Krausen
2612 2510 2694 2570 und
2706 2508 2916 2568 wenigem
2963 2503 3056 2563 blut
3103 2500 3255 2560 gerochen
3290 2497 3395 2557 und
3407 2494 3547 2554 gediget
