4032 3024
485 528 534 588 72.

737 652 853 712 für
879 656 982 716 drey
1008 658 1085 718 Jahr
1111 656 1188 716 lang
1227 655 1342 715 (von
1381 653 1587 713 heutigen
1638 654 1716 714 tag
1716 656 1780 716 an
1819 663 1883 723 zu

738 760 878 820 rechnen
948 754 1174 814 furauel
1227 748 1314 808 Ichs
1358 746 1445 806 der
1471 746 1724 806 Marchand,
1750 753 1855 813 und

731 858 899 918 Pister
923 853 1092 913 Küster
1104 850 1188 910 für
1200 850 1321 910 zwey
1357 850 1477 910 Jahr,
1489 850 1670 910 Abraham
1706 854 1886 914 Meyer¬

756 949 828 1009 der
847 948 1074 1008 Schloßer,
1101 944 1265 1004 Samuel
1311 943 1475 1003 Christen
1520 943 1593 1003 der
1602 947 1911 1007 Marchano

739 1037 868 1097 vnd
891 1033 1101 1093 Haubtman
1160 1034 1452 1094 Hieronimus
1487 1042 1709 1102 Kürter,
1744 1052 1814 1112 für
1838 1056 1908 1116 ein

730 1139 833 1199 Jahr
875 1137 916 1197 in
937 1135 1030 1195 Ihre
1082 1133 1371 1193 Wohnhauser
1392 1133 1454 1193 in
1465 1136 1734 1196 allhiesiger
1754 1145 1920 1205 Stadt¬

724 1234 873 1294 Rudolff
902 1230 1071 1290 Kitzer
1100 1229 1189 1289 aber
1219 1229 1308 1289 auff
1318 1231 1437 1291 seine
1476 1234 1654 1294 Judiene
1684 1237 1872 1297 subrique

719 1325 780 1385 zu
817 1327 1051 1387 Vorlauffen
1113 1330 1186 1390 fur
1211 1332 1322 1392 zwey
1359 1334 1457 1394 Jahr,
1457 1336 1568 1396 der
1568 1339 1728 1399 Frantz
1752 1340 1888 1400 Herman

735 1427 857 1487 aber
868 1429 949 1489 auf
990 1430 1031 1490 ein
1103 1432 1215 1492 Jahr,
1236 1432 1256 1492 in
1287 1432 1399 1492 seine
1450 1433 1644 1493 Seiden,
1665 1437 1879 1497 dabrique

739 1526 791 1586 im
822 1528 1062 1588 Altenberg
1093 1531 1280 1591 relegiert
1332 1534 1405 1594 und
1426 1535 1613 1595 verleßen
1645 1538 1738 1598 seyn
1770 1540 1915 1600 sollen,

725 1711 905 1771 Wahl
931 1712 1046 1772 aber
1085 1712 1162 1772 das
1174 1712 1264 1772 sint,
1303 1712 1393 1772 oder
1418 1712 1624 1772 Anderen
1636 1714 1893 1774 Andechtige

721 1795 903 1855 begehren
939 1801 1012 1861 an
1048 1802 1133 1862 die
1169 1804 1327 1864 Mhhl.
1364 1802 1473 1862 dahin
1509 1800 1703 1860 gelangen
1728 1797 1861 1857 solte,

733 1891 826 1951 daß
857 1891 919 1951 zu
940 1889 1053 1949 Zeitt
1084 1890 1167 1950 der
1208 1891 1353 1951 Heil.
1353 1891 1622 1951 Pommunion
1684 1883 1849 1943 Ihnen

720 1982 835 2042 der
845 1981 1022 2041 Zutricht
1085 1979 1283 2039 vergönnet
1314 1979 1460 2039 werden
1523 1979 1742 2039 möchte,
1752 1978 1898 2038 Werden

715 2079 806 2139 die
818 2081 966 2141 Mahl
1034 2081 1137 2141 nach
1171 2080 1296 2140 Ihrem
1342 2075 1604 2135 hochweisen
1650 2069 1889 2129 ermessen

715 2174 853 2234 diese
872 2174 1121 2234 Erlaubnuß
1185 2173 1269 2233 mit
1296 2171 1379 2231 der
1388 2168 1601 2228 nöhtigen
1647 2163 1896 2223 Restuction

705 2267 768 2327 zu
779 2267 968 2327 ertheilen
1021 2266 1200 2326 beliebt
1221 2263 1348 2323 seyn,
1358 2260 1453 2320 Acta
1463 2258 1579 2318 pram
1621 2254 1716 2314 200.
1727 2252 1758 2312 den
1758 2251 1790 2311 8.
1832 2248 1916 2308 Aug.

1837 2294 1942 2354 9.

701 2454 915 2514 Wedel
961 2458 1037 2518 an
1068 2458 1252 2518 Melches
1252 2456 1343 2516 die
1374 2452 1619 2512 Geheimbden
1695 2444 1864 2504 Raht,

731 2552 826 2612 Als
826 2552 1005 2612 gestern
1047 2551 1142 2611 mit
1174 2549 1490 2609 Beurtheilung
1500 2545 1595 2605 der,
1627 2543 1669 2603 in
1690 2541 1774 2601 der
1774 2536 1922 2596 Oberen¬

717 2641 1089 2701 Gefangenschafft
1140 2639 1429 2699 Inhafftierten
1471 2637 1760 2697 Conspiranten

3415 430 3474 490 3.

2322 660 2425 720 fort
2463 667 2656 727 gefahren,
2668 670 2758 730 und
2784 668 2963 728 heutigen
3027 667 3220 727 Morgennd
3220 667 3297 727 vor
3322 668 3502 728 Muhl.

2308 754 2365 814 B.
2399 758 2489 818 und
2501 760 2569 820 G.
2603 763 2796 823 geendiget
2818 766 3022 826 worden,
3034 763 3181 823 durch
3181 761 3295 821 dero
3306 757 3476 817 höchster

2302 856 2493 916 befinden
2561 859 2651 919 und
2685 860 2888 920 Gnädigen
2944 860 3170 920 Außspruch
3192 858 3282 918 dan
3294 854 3485 914 etwelche

2319 953 2470 1013 dieser
2500 952 2853 1012 Delinquenten
2893 952 2944 1012 in
2974 952 3196 1012 limitirte
3236 950 3438 1010 Hauß-
3448 947 3508 1007 und

2300 1047 2427 1107 Sadt
2475 1049 2669 1109 Arresten
2699 1048 2922 1108 verwießen
2961 1046 3175 1106 worden;
3184 1045 3350 1105 Welche
3379 1043 3476 1103 bey

2302 1148 2589 1208 Entlaßung
2613 1147 2685 1207 der
2709 1143 3044 1203 gegenwertiger
3091 1135 3486 1195 Gefangenschafft

2314 1252 2453 1312 Ihnen
2488 1253 2720 1313 Mahl.
2720 1251 2976 1311 zugeführt,
2987 1247 3045 1307 von
3115 1242 3219 1302 noch
3231 1235 3475 1295 denenselben

2322 1346 2418 1406 die
2430 1348 2563 1408 höchst
2600 1346 2866 1406 verbeißliche
2902 1342 3144 1402 Vorhaltung
3180 1338 3289 1398 Ihres
3289 1336 3458 1396 unter¬

2302 1445 2629 1505 Anttwortlichen
2696 1441 2944 1501 Vergehens,
2956 1438 3238 1498 Vorstellung
3260 1435 3328 1495 der
3350 1433 3531 1493 Oberkeit¬

2308 1535 2445 1595 lichen
2483 1538 2720 1598 Mildigkeit
2782 1538 2857 1598 und
2894 1537 3007 1597 Quod
3019 1534 3293 1594 empfahen,
3318 1532 3468 1592 Anbey

2324 1633 2404 1693 mit
2450 1631 2575 1691 einem
2621 1630 2838 1690 Capresse,
2873 1628 2953 1688 auf
2987 1627 3090 1687 diese
3124 1625 3284 1685 leidige
3307 1622 3536 1682 conjuration

2312 1729 2588 1789 Gerichteten
2619 1726 2704 1786 Eydt,
2736 1724 2778 1784 in
2789 1723 2969 1783 mehrer
3022 1720 3181 1780 ferner
3223 1716 3414 1776 könstige

2326 1828 2500 1888 Freule
2525 1824 2636 1884 und
2661 1822 2847 1882 Pflicht,
2860 1818 2922 1878 zu
2934 1816 3282 1876 gegenwertiger
3307 1811 3530 1871 Regierung

2328 1927 2438 1987 und
2460 1924 2547 1984 von
2591 1921 2689 1981 Gott
2722 1919 2908 1979 gesezter
2941 1916 3149 1976 Obrigkeit
3182 1912 3510 1972 auffgenommen

2317 2026 2473 2086 werden
2529 2023 2719 2083 sollen;
2731 2019 2932 2079 Welches
2943 2016 2999 2076 dan
3055 2014 3111 2074 zu
3133 2013 3279 2073 seiner,
3312 2012 3402 2072 und
3413 2012 3502 2072 von

2331 2119 2475 2179 Ihnen
2510 2115 2677 2175 Mulsch.
2701 2111 2820 2171 selbst
2856 2103 3178 2163 anbefehlenden
3202 2099 3297 2159 Zeit
3345 2100 3381 2160 zu
3393 2102 3512 2162 voll¬

2331 2212 2512 2272 führen,
2535 2209 2591 2269 Sie
2614 2204 2761 2264 Mehl.
2795 2199 2863 2259 Frl.
2874 2194 3078 2254 angesonen
3135 2188 3316 2248 verdete,
3327 2188 3429 2248 Act.
3429 2189 3463 2249 de

2334 2288 2364 2348 p.
2395 2284 2568 2344 Augusti
2568 2282 2629 2342 Ao.

2309 2435 2412 2495 H.
2464 2430 2593 2490 Die
2606 2420 2927 2480 Deprocation
2966 2410 3108 2470 obiger
3108 2406 3352 2466 diestanten
3404 2406 3494 2466 ist,

2327 2523 2543 2583 hiernach
2543 2522 2674 2582 pag.
2674 2519 2734 2579 14
2746 2516 2818 2576 zu
2829 2508 3021 2568 stehen.
