4032 3024
531 539 531 599 1

833 511 1136 571 Mittwochen
1176 496 1216 556 den
1227 495 1257 555 3.
1287 492 1358 552 tem
1439 483 1570 543 1719.

994 565 1130 625 foram
1167 556 1273 616 200

705 691 955 751 Nachdehme
1012 675 1159 735 heutigen
1182 667 1364 727 morgens
1375 661 1534 721 Mehl.
1568 659 1613 719 die
1625 659 1772 719 gehende
1818 663 1909 723 Raht

709 765 756 825 in
775 759 860 819 folg
869 747 1152 807 hochvberbeit,
1180 734 1340 794 besolchs
1359 730 1425 790 vom
1453 728 1538 788 25.
1547 728 1698 788 passat
1754 734 1848 794 dero

714 829 952 889 Buttachten
981 817 1076 877 über
1085 812 1171 872 das
1171 807 1247 867 von
1276 802 1371 862 Ihro
1380 800 1656 860 Hochmögenden
1675 805 1761 865 der
1790 815 1885 875 Hh.

719 889 888 949 Standten
908 880 1127 940 generalen
1136 874 1216 934 der
1236 868 1484 928 vereinigten
1484 870 1772 930 Midderlanden
1792 884 1951 944 einge¬

709 966 851 1026 langte
871 955 1095 1015 Schreiben,
1115 946 1329 1006 betreffend
1329 943 1379 1003 den
1420 941 1461 1001 im
1501 941 1745 1001 Regiment
1755 950 1928 1010 vorstehen

704 1035 906 1095 stehenden,
940 1026 963 1086 in
996 1020 1075 1080 leß
1087 1013 1300 1073 entderer
1323 1010 1469 1070 leidigen
1514 1011 1796 1071 Conspiration
1807 1022 1953 1082 impli¬

696 1108 859 1168 garten
870 1093 1068 1153 haubtman
1103 1084 1335 1144 herrorth,
1347 1082 1486 1142 Magt
1568 1085 1649 1145 und
1672 1087 1707 1147 E.
1742 1089 1788 1149 E.
1812 1092 1881 1152 vnd
1881 1093 1939 1153 G.

706 1179 986 1239 vorgetragen,
1013 1169 1095 1229 und
1122 1162 1294 1222 darüber
1303 1160 1574 1220 beitläuffig
1602 1162 1873 1222 rationiniert

719 1255 909 1315 worden,
926 1246 967 1306 ob
992 1242 1067 1302 und
1083 1239 1149 1299 wie
1166 1237 1340 1297 daßelbe
1373 1237 1423 1297 zu
1431 1240 1729 1300 beantworten
1745 1244 1861 1304 seyn,
1886 1247 1961 1307 und

716 1331 895 1391 endlich,
926 1324 979 1384 das
1010 1318 1158 1378 leiters
1179 1315 1305 1375 seiner
1326 1313 1399 1373 deß
1431 1312 1652 1372 hergarths
1652 1312 1851 1372 opersohn

702 1405 859 1465 halber
876 1396 1102 1456 vorgenemen
1137 1390 1224 1450 seyn
1241 1390 1406 1450 wolle,
1432 1388 1563 1448 haben
1606 1393 1841 1453 hochgedacht
1884 1399 1945 1459 Ihr

690 1484 792 1544 g.
792 1473 962 1533 sothanen
985 1462 1200 1522 Schreibens
1212 1460 1518 1520 beantwortung
1529 1468 1801 1528 eingerichten
1801 1477 1915 1537 erben

698 1550 775 1610 sie
794 1540 920 1600 folget:

869 1661 960 1721 an
971 1654 1073 1714 Ihro
1096 1649 1356 1709 hochmagenden
1390 1649 1447 1709 die
1470 1649 1526 1709 Hh.
1549 1650 1730 1710 Staaten,

872 1725 1085 1785 generalen
1103 1718 1353 1778 vereinigter
1381 1720 1686 1780 Niderhanden.

668 1861 950 1921 Hochmögende
975 1858 1036 1918 etc.

686 1971 760 2031 Fr.
792 1967 1047 2027 Hochmögenden
1068 1966 1089 2026 an
1132 1966 1217 2026 Unß
1249 1966 1450 2026 abgebenes
1472 1970 1641 2030 geEhrtes
1652 1978 1843 2038 Antwort,
1875 1985 1992 2045 Schrei¬

714 2054 783 2114 ben
806 2050 874 2110 vom
909 2047 977 2107 2.
1000 2044 1115 2104 Aug.
1138 2043 1287 2103 letsthin,
1321 2044 1539 2104 betreffend
1562 2048 1733 2108 Unseren
1733 2053 1917 2113 Burger¬

709 2129 786 2189 den
795 2128 843 2188 im
882 2125 1073 2185 beginnent
1102 2122 1322 2182 Constrohin
1361 2122 1562 2182 stehenden
1591 2127 1801 2187 haubtman
1830 2134 1936 2194 her¬

717 2206 830 2266 forth
841 2203 872 2263 ist
892 2202 995 2262 Unß
1006 2200 1057 2260 zu
1068 2199 1171 2259 recht
1212 2197 1470 2257 eingelangt,
1480 2198 1573 2258 und
1594 2200 1697 2260 haben
1738 2203 1831 2263 wir
1851 2208 1986 2268 darauf

716 2286 804 2346 mit
848 2281 1069 2341 besonderem
1102 2281 1356 2341 Vergnuegen
1411 2284 1643 2344 vernommen,
1676 2288 1720 2348 mit
1743 2290 1853 2350 und
1875 2291 1952 2351 wie¬

718 2365 871 2425 geneigt
894 2362 1046 2422 Eurer
1058 2363 1327 2423 hochmögenden
1363 2365 1433 2425 sich
1456 2368 1538 2428 gegen
1562 2371 1761 2431 Unseren
1784 2374 1925 2434 Stand

710 2450 971 2510 überhaubt
989 2449 1187 2509 vernemen
1223 2449 1268 2509 zu
1286 2450 1403 2510 laßen
1430 2452 1601 2512 belieben
1619 2458 1763 2518 wollen,
1790 2464 1943 2524 sonder¬

711 2527 822 2587 auch
832 2526 893 2586 die
914 2522 1228 2582 freundmühtig
1238 2522 1330 2582 hoch
1340 2523 1502 2583 dieselben
1502 2529 1797 2589 absonderlich
1817 2538 1929 2598 theil

722 2600 778 2660 zu
796 2598 945 2658 nehmen
982 2595 1186 2655 geruhen,
1205 2594 1279 2654 daß
1307 2594 1372 2654 die
1372 2594 1465 2654 vor
1484 2596 1614 2656 etwas
1632 2599 1697 2659 Zeitt
1744 2606 1837 2666 alhier

723 2666 856 2726 wider
865 2661 1026 2721 Unsere
1045 2657 1291 2717 Regierung
1320 2657 1556 2717 angeschonen
1613 2668 1954 2728 Conspiration,

3373 444 3443 504 13.

2171 524 2371 584 Woran
2389 514 2449 574 Er
2458 506 2658 566 hergarth
2667 501 2719 561 nit
2736 500 2823 560 bein
2901 497 3197 557 participiret,
3214 496 3345 556 anoch
3362 493 3406 553 in

2199 593 2346 653 Zeiten
2365 583 2550 643 entdelt,
2550 576 2648 636 und
2668 573 2775 633 durch
2794 572 2941 632 Gottes
2960 572 3097 632 guette
3097 574 3272 634 verstöret
3311 579 3448 639 worden

2197 675 2303 735 Wir
2322 664 2427 724 haben
2456 654 2600 714 dahero
2610 650 2648 710 in
2667 647 2782 707 keinen
2811 646 2993 706 ferneren
3012 646 3175 706 anstand
3195 649 3262 709 sehen
3310 651 3463 711 wollen,

2217 743 2338 803 Eüber
2374 731 2532 791 hochl.
2544 725 2617 785 für
2617 723 2726 783 solch
2726 721 2932 781 geneigte
2932 722 3125 782 gesinung
3174 725 3247 785 und
3271 731 3513 791 beygefug¬

2214 825 2271 885 ste
2291 810 2549 870 selicitation
2578 800 2702 860 hiemit
2740 797 2807 857 dem
2826 797 3171 857 Verbindlichsten
3199 802 3305 862 daub
3314 803 3362 863 zu
3381 806 3458 866 er¬

2205 890 2429 950 stadten,

2235 962 2340 1022 Und
2348 956 2445 1016 weil
2469 949 2655 1009 übrigens
2671 945 2744 1005 dem
2768 943 3011 1003 Vernehmen
3035 941 3148 1001 nach,
3173 941 3278 1001 dieser
3286 941 3431 1001 Herror

2230 1030 2359 1090 sich
2371 1024 2406 1084 mit
2441 1021 2535 1081 mehr
2559 1017 2594 1077 in
2617 1015 2688 1075 Er.
2699 1011 2910 1071 Hochgl.
2946 1010 3239 1070 bottmäßigkeit
3274 1011 3426 1071 befinden

2247 1099 2368 1159 soll,
2385 1094 2450 1154 alß
2458 1091 2547 1151 sind
2563 1088 2636 1148 wir
2645 1085 2880 1145 veranlaßet
2913 1084 3083 1144 worden,
3099 1085 3205 1145 gegen
3229 1085 3473 1145 denselben,

2232 1174 2353 1234 gleich
2373 1168 2454 1228 gegen
2494 1162 2656 1222 anderen
2706 1159 2807 1219 diser
2827 1157 2949 1217 Sachen
2989 1159 3120 1219 halber
3141 1162 3383 1222 eradierten
3413 1167 3504 1227 auch

2243 1250 2461 1310 beschehen,
2469 1240 2587 1300 durch
2603 1234 2813 1294 offentliche
2830 1234 3173 1294 proclamation
3215 1239 3299 1299 und
3316 1244 3517 1304 Citation

2257 1320 2320 1380 auf
2338 1316 2401 1376 15.
2428 1312 2554 1372 Nov.
2572 1306 2878 1366 nechstrünfftig,
2905 1305 3112 1365 gerichtlich
3130 1307 3193 1367 sich
3202 1310 3337 1370 alhier
3364 1317 3508 1377 einzu¬

2222 1396 2404 1456 stellen,
2436 1389 2479 1449 zu
2500 1384 2735 1444 verfahren,
2735 1381 2842 1441 und
2863 1381 3034 1441 demmal
3077 1383 3173 1443 deßen
3216 1386 3430 1446 procedure
3473 1391 3515 1451 zu¬

2244 1456 2508 1516 vollführen.

2239 1540 2387 1600 Rüber
2387 1532 2574 1592 hochmöge
2623 1528 2809 1588 versicheren
2859 1528 2937 1588 Wir
2937 1528 3075 1588 vnser
3095 1530 3330 1590 fortschenden
3360 1535 3507 1595 bahren

2243 1604 2529 1664 hochachtung,
2553 1594 2612 1654 und
2636 1592 2731 1652 thun
2743 1592 3005 1652 schließlichen
3016 1596 3195 1656 dieselben
3219 1599 3278 1659 zu
3302 1603 3516 1663 gemeßung

2272 1682 2382 1742 alles
2404 1672 2679 1732 außfehlenden
2701 1667 2911 1727 Wohlseins
2944 1669 3175 1729 Zimlischem
3208 1677 3483 1737 Machtschutz

2273 1745 2532 1805 empfehlen.
2543 1742 2645 1802 Dat.
2645 1742 2724 1802 den
2735 1742 2792 1802 3.
2814 1744 2927 1804 Sept.
2938 1747 3096 1807 1679.

2862 1834 3096 1894 Schultzes
3106 1829 3202 1889 vnd
3212 1832 3329 1892 Raht
3372 1842 3425 1902 etc.

2077 1977 2267 2037 E.
2314 1966 2575 2026 Welchemnach
2587 1961 2670 2021 Much
2741 1961 2789 2021 und
2824 1961 2848 2021 E.
2884 1961 2895 2021 E.
2931 1961 2990 2021 vnd
3014 1963 3038 2023 G.
3073 1966 3263 2026 befunden,
3275 1971 3334 2031 vnd
3334 1976 3500 2036 Erben,

2237 2044 2319 2104 daß
2339 2042 2380 2102 Er
2380 2038 2584 2098 Haubtman
2625 2033 2779 2093 herrorth
2809 2032 2901 2092 nach
2901 2030 2973 2090 dem
2983 2031 3147 2091 jenigen
3157 2034 3382 2094 formator
3412 2042 3535 2102 pla¬

2231 2114 2370 2174 cardt
2399 2110 2478 2170 und
2478 2108 2666 2168 effice,
2696 2107 2725 2167 so
2725 2107 2893 2167 anderen
2943 2107 3002 2167 29
3042 2107 3140 2167 Julÿ
3150 2108 3308 2168 letsthin
3328 2111 3417 2171 gegen
3457 2114 3516 2174 die¬

2239 2180 2401 2240 übrige
2418 2180 2597 2240 tradirte
2623 2177 2794 2237 gebraucht
2811 2177 2973 2237 worden,
2998 2177 3058 2237 auf
3092 2177 3118 2237 den
3143 2179 3186 2239 15.
3212 2180 3323 2240 Nov.
3340 2185 3493 2245 nechst

2246 2250 2446 2310 künfftig
2463 2248 2550 2308 alhie
2584 2246 2619 2306 zu
2636 2245 2818 2305 erscheinen
2836 2243 2957 2303 citirt
2992 2245 3122 2305 werden
3130 2246 3252 2306 solle,
3252 2250 3286 2310 so
3304 2252 3364 2312 daß
3373 2255 3425 2315 auf
3460 2260 3538 2320 blei¬

2252 2323 2427 2383 benden
2455 2320 2547 2380 fahls
2575 2317 2695 2377 wider
2704 2315 2796 2375 Ihne
2805 2314 2870 2374 auch
2898 2314 2962 2374 den
2990 2314 3129 2374 darauf
3147 2317 3341 2377 folgenden
3341 2326 3525 2386 Morter

2293 2390 2319 2450 den
2344 2387 2412 2447 11ten
2412 2385 2582 2445 May,
2591 2382 2650 2442 und
2667 2380 2701 2440 S.
2718 2380 2760 2440 R.
2760 2380 2845 2440 und
2862 2380 2905 2440 G.
2930 2381 3117 2441 seinthalb
3143 2383 3193 2443 die
3202 2387 3338 2447 Urthel
3355 2395 3559 2455 auffellen,

2270 2443 2346 2503 und
2365 2443 2508 2503 erbenen
2546 2443 2708 2503 beeden,
2737 2441 2822 2501 das
2841 2441 2918 2501 das
2918 2442 3032 2502 Recht
3070 2447 3270 2507 vermögen
3289 2458 3432 2518 wird.

2239 2534 2397 2594 Edel
2416 2535 2463 2595 an
2481 2536 2621 2596 Michh.
2649 2536 2742 2596 Cons.
2752 2536 2826 2596 Ihne
2854 2534 2947 2594 deßen
2957 2534 3134 2594 berichten,
3153 2536 3199 2596 mit
3236 2536 3292 2596 fell
3339 2543 3516 2603 gesinnen,

2274 2594 2393 2654 fahls
2408 2593 2446 2653 Er
2453 2591 2618 2651 hervorth
2640 2590 2707 2650 auch
2707 2590 2931 2650 obgemelten
2946 2591 3006 2651 tag
3021 2591 3066 2651 mit
3096 2593 3252 2653 erscheine
3267 2596 3409 2656 Burde,
3424 2599 3499 2659 den¬

2265 2647 2350 2707 rina
2389 2647 2566 2707 Montagk
2581 2647 2705 2707 hernach
2720 2647 2751 2707 den
2751 2647 2797 2707 17.
2820 2647 2921 2707 Nov.
2921 2647 3075 2707 Mehl.
3098 2648 3160 2708 vnd
3167 2650 3221 2710 E.
3237 2650 3260 2710 K.
3275 2651 3352 2711 und
3368 2653 3430 2713 G.
3430 2655 3514 2715 seine

2272 2707 2371 2767 halb
2381 2704 2459 2764 bey
2459 2702 2577 2762 Eyden
2587 2702 2646 2762 zu
2666 2702 2922 2762 versanden.
