4032 3024
516 481 573 541 62.

766 602 877 662 da
877 605 952 665 sie
977 606 1038 666 dan
1076 607 1187 667 alle
1212 606 1311 666 drey
1348 605 1423 665 die,
1460 606 1509 666 von
1546 608 1695 668 denen
1745 622 1943 682 verdam¬

746 700 889 760 lichen
930 701 1124 761 Absichten
1155 703 1247 763 der
1268 704 1534 764 conjurierten
1585 715 1769 775 gehabte
1779 733 1933 793 Müßen

739 800 881 860 schafft
913 802 1076 862 geheime
1130 802 1228 862 und
1261 802 1326 862 bey
1348 804 1445 864 sich
1467 808 1695 868 gehalten,
1728 819 1826 879 und
1869 832 1945 892 die¬

742 901 863 961 selbe
884 904 1137 964 beforderen
1188 907 1492 967 geholffen.

730 1006 844 1066 der
867 1004 1038 1064 Rudolff
1095 1004 1231 1064 Weiß
1277 1006 1345 1066 in
1391 1012 1653 1072 besondere
1699 1026 1927 1086 nächtliche

735 1102 881 1162 höchst
938 1099 1208 1159 verbotene
1253 1106 1569 1166 Verstandung
1603 1116 1817 1176 besuchet,
1851 1122 1918 1182 den

736 1198 1057 1258 conjurations
1091 1199 1148 1259 Eyd
1194 1205 1549 1265 beschwohren,
1572 1212 1675 1272 auch
1687 1215 1755 1275 ein
1813 1216 1893 1276 zu¬

732 1289 1005 1349 blinderung
1045 1296 1410 1356 gegenwertiger
1436 1308 1723 1368 Reginent,
1749 1327 1957 1387 Verfaß¬

732 1389 851 1449 ung
875 1397 1183 1457 abzlebendes
1206 1403 1467 1463 Menoral
1502 1412 1775 1472 verfaßet.

719 1501 820 1561 der
842 1501 1033 1561 famuel
1067 1504 1258 1564 Bundel
1303 1510 1449 1570 denen
1494 1520 1877 1580 gefährlichsten

707 1591 830 1651 vnd
864 1592 1089 1652 Violenten
1134 1602 1471 1662 beredungen
1527 1615 1797 1675 beygewohnt
1831 1620 1932 1680 und

720 1696 1063 1756 eingestimmet,

699 1790 805 1850 der
836 1790 995 1850 Gabriel
1058 1793 1270 1853 Scheurer
1312 1798 1396 1858 dan
1439 1802 1513 1862 die
1534 1805 1692 1865 Pflicht
1713 1809 1819 1869 und
1830 1811 1946 1871 Eyd¬

712 1883 883 1943 wormit
926 1885 979 1945 Er
1011 1888 1129 1948 Uns
1150 1890 1225 1950 als
1247 1893 1407 1953 seiner
1439 1898 1685 1958 gnädigen
1717 1898 1920 1958 Obrigkeit

693 1982 958 2042 specialiter
991 1984 1267 2044 zugethan,
1278 1987 1378 2047 und
1422 1988 1687 2048 verbunden
1721 1985 1831 2045 were

711 2080 976 2140 gottloser
988 2083 1109 2143 lein
1143 2086 1497 2146 übertretten,
1508 2087 1675 2147 hiemit
1719 2086 1819 2146 auch
1819 2085 1918 2145 fur¬

714 2174 824 2234 die
846 2177 1175 2237 beträchtlichen
1230 2185 1516 2245 Beneficien,
1516 2188 1560 2248 so
1592 2188 1636 2248 Er
1647 2188 1735 2248 von
1768 2185 1966 2245 Unserer

697 2279 873 2339 Güte
884 2284 1181 2344 genoßen,
1192 2286 1280 2346 den
1302 2287 1786 2347 allerschwärtesten
1830 2282 1907 2342 un¬

697 2381 1113 2441 verantwortlichen
1180 2389 1383 2449 Undan
1439 2392 1720 2452 bezeuget.

704 2480 852 2540 Alle
889 2484 1000 2544 drey
1037 2486 1172 2546 hiemit
1209 2488 1283 2548 in
1320 2489 1468 2549 einem
1530 2490 1677 2550 behen
1714 2487 1850 2547 Grod
1875 2484 1949 2544 sich

707 2576 779 2636 an
803 2580 958 2640 Ihrer
970 2584 1389 2644 Rechtmäßigen
1425 2584 1628 2644 höchsten
1676 2580 1903 2640 Obrigkeit

1645 2671 1899 2731 vergriffen,

3398 481 3446 541 63

2293 622 2447 682 Also
2447 625 2541 685 daß
2576 628 2635 688 sie
2659 632 2741 692 sich
2765 635 2871 695 aller
2895 641 3201 701 begnädigung
3213 643 3308 703 und
3343 643 3508 703 Milde¬

2308 713 2390 773 mit
2448 720 2599 780 welcher
2611 726 2715 786 Wir
2750 734 2948 794 Unseren
2983 740 3181 800 getreuben
3239 742 3471 802 Burgeren

2310 804 2391 864 ehr
2401 815 2635 875 ausgesetzt
2655 825 2879 885 zugethan
2920 830 3123 890 verbleiben
3194 832 3428 892 unwürdig

2312 911 2531 971 gemachet,

2693 926 2786 986 So
2807 928 2921 988 haben
2963 927 3056 987 Wir
3066 926 3232 986 denoch
3253 928 3450 988 gerechter

2296 1012 2505 1072 Strenge
2538 1013 2637 1073 nach
2670 1015 2791 1075 gegen
2846 1018 2956 1078 diese
2978 1020 3374 1080 unglüchafftigen
3407 1023 3517 1083 Deli¬

2312 1109 2538 1169 quenten
2577 1112 2665 1172 nicht
2695 1114 2891 1174 verfahren
2950 1118 3116 1178 wollen,
3146 1120 3273 1180 mithin
3293 1120 3322 1180 in
3361 1120 3518 1180 quaden

2658 1212 2780 1272 Erben

2283 1354 2544 1414 Vestellen
2592 1352 2837 1412 obgenante
2837 1352 3065 1412 Rudolff
3098 1352 3260 1412 Mart.
3309 1352 3456 1412 Gabriel

2310 1453 2529 1513 Scheurer
2555 1451 2645 1511 und
2671 1451 2852 1511 Samuel
2903 1453 3096 1513 Bundet,
3161 1454 3277 1514 Ihrer
3290 1456 3470 1516 Burger¬

2316 1547 2444 1607 licher
2476 1550 2646 1610 Rechten
2700 1552 2795 1612 und
2827 1553 3115 1613 Beneficien
3147 1552 3370 1612 priviert,
3402 1549 3498 1609 die

2302 1646 2419 1706 zwey
2432 1645 2562 1705 Ersten
2601 1645 2692 1705 vor
2705 1645 2951 1705 zwantzich
2990 1647 3107 1707 Jahr
3146 1648 3236 1708 der
3236 1650 3444 1710 Bundell

2321 1743 2449 1803 dan
2472 1744 2612 1804 Zehen
2658 1743 2763 1803 Jahr
2786 1742 2879 1802 lang
2914 1741 3007 1801 von
3030 1739 3262 1799 Vnserem
3297 1739 3471 1799 Städt¬

2315 1843 2458 1903 vnd
2511 1840 2746 1900 Landen,
2772 1837 2876 1897 Löbl.
2876 1836 2915 1896 Er
2942 1832 3229 1892 Großischer
3255 1831 3373 1891 und
3399 1833 3542 1893 zuge¬

2315 1937 2532 1997 wandter
2574 1934 2771 1994 Ohrten,
2791 1931 2895 1991 auch
2905 1930 3019 1990 dero
3040 1928 3174 1988 Bundt
3226 1928 3433 1988 genoßen

2314 2039 2411 2099 Als
2435 2036 2678 2096 Mißthuen
2726 2030 2884 2090 Basel
2932 2025 3260 2085 Nebenburg,
3272 2024 3551 2084 Müllhausen

2295 2141 2513 2201 Geuff
2536 2131 2719 2191 Wolles
2765 2128 2857 2188 und
2903 2126 3167 2186 Puncten,
3167 2125 3430 2185 verwiesen
3465 2121 3534 2181 und

2315 2236 2518 2296 verbanet
2554 2230 2697 2290 seyn,
2697 2227 2829 2287 Dahl
2852 2224 2936 2284 sie
2972 2222 3067 2282 aber
3103 2219 3175 2279 vor
3187 2218 3425 2278 ablauff

2313 2333 2559 2393 gedachter
2594 2327 2664 2387 Zeit
2711 2323 2863 2383 werth
2887 2318 3004 2378 denen
3074 2314 3296 2374 gesezten
3332 2314 3519 2374 Grantzen

2310 2433 2530 2493 betretten
2593 2422 2813 2482 wurden,
2813 2417 2875 2477 an
2917 2414 3043 2474 Leib
3074 2412 3169 2472 vnd
3211 2410 3347 2470 Leben
3410 2405 3577 2465 gestraffe

2323 2524 2576 2584 werden.
2587 2514 2807 2574 Nach
2840 2502 3159 2562 Verfließung
3192 2495 3291 2555 aber
3324 2495 3511 2555 dieses

2313 2615 2664 2675 Pamation,
2695 2599 2918 2659 Termins,
2950 2585 3088 2645 mögen
3141 2577 3216 2637 Sie
3248 2573 3354 2633 auff
3375 2572 3513 2632 Vor¬

3297 2644 3468 2704 leistung
