4032 3024
523 463 573 523 16

721 502 1011 562 Antwortung
1058 499 1161 559 und
1208 499 1470 559 verdienter
1517 500 1723 560 straaff
1752 502 1939 562 gezogen

731 570 994 630 werden,
1003 568 1204 628 Also
1230 568 1466 628 zweifflen
1536 568 1685 628 wir
1738 566 1878 626 umb

728 637 781 697 so
803 635 893 695 das
908 631 1096 691 minder
1148 629 1238 689 an
1276 628 1591 688 daheriger
1651 625 1928 685 Geneigten

711 697 1041 757 willfahr,
1049 695 1186 755 als
1226 695 1347 755 wir
1388 694 1678 754 annebens
1742 688 1815 748 ein

732 772 889 832 solches
928 768 986 828 in
1035 760 1426 820 verfallenheiten
1494 755 1553 815 zu
1592 754 1944 814 Teuprociren

1693 823 1774 883 die
1790 823 1913 883 wir

744 836 849 896 Uns
906 829 1109 889 erbietig
1166 824 1328 884 machen

729 909 785 969 E.
823 908 945 968 Hochm
1030 906 1086 966 zu
1133 902 1462 962 Gemeung,
1519 899 1669 959 alles
1688 899 1960 959 wohlsteins

729 975 940 1035 Vall.
973 978 1007 1038 d.
1051 980 1185 1040 Act.
1185 982 1363 1042 Salv.
1396 983 1563 1043 Ao.

1154 1109 1300 1169 Sehl.
1353 1108 1420 1168 und
1460 1105 1632 1165 Raht
1672 1099 1779 1159 der
1805 1092 1911 1152 Stadt

1220 1177 1324 1237 und
1356 1175 1669 1235 Republie
1711 1172 1826 1232 Hern

924 1321 1297 1381 Neuwenburg,
1334 1315 1421 1375 Furstl.
1433 1314 1496 1374 Raht

726 1416 866 1476 Unser
912 1413 936 1473 ..
982 1411 1040 1471 Euch
1075 1408 1226 1468 Vnserer
1238 1407 1308 1467 G.
1331 1405 1366 1465 E.
1378 1404 1424 1464 H.
1459 1402 1529 1462 vnd
1552 1399 1587 1459 H.
1599 1398 1645 1458 G.
1645 1395 1762 1455 sollen
1785 1387 1890 1447 Wir

721 1475 961 1535 anzufuegen,
986 1475 1035 1535 nit
1060 1475 1333 1535 ermangen,
1350 1474 1574 1534 wasmaen
1615 1471 1723 1531 fret
1739 1469 1797 1529 dub.
1805 1468 1814 1528 2.
1814 1467 1930 1527 lu

725 1536 762 1596 an
769 1535 865 1595 vn
895 1535 990 1595 nebst
998 1535 1072 1595 dem
1116 1535 1271 1595 verbald
1285 1535 1359 1595 da
1389 1534 1529 1594 Secretur
1536 1532 1691 1592 verand
1698 1526 1912 1586 zuerlaen,

728 1602 897 1662 beliebten
906 1603 959 1663 zu
959 1603 1038 1663 recht
1056 1600 1304 1660 eingelangen,
1313 1597 1481 1657 worau,
1499 1594 1579 1654 Wie
1596 1592 1658 1652 dan
1658 1591 1703 1651 so
1712 1589 1756 1649 viel
1800 1586 1933 1646 ersehen.

730 1668 810 1728 da
828 1663 934 1723 dieser
951 1660 1066 1720 Mann
1093 1659 1164 1719 mit
1199 1658 1261 1718 dem
1296 1657 1482 1717 eaquirten
1517 1655 1632 1715 kant,
1659 1654 1747 1714 umb
1747 1649 1942 1709 beuer

732 1727 846 1787 Sachen
854 1725 952 1785 willen
993 1724 1115 1784 weder
1131 1724 1327 1784 doconsen
1360 1726 1515 1786 gehalten
1564 1724 1637 1784 noch
1653 1722 1686 1782 in
1694 1720 1866 1780 einicher

734 1792 896 1852 relation
923 1791 1113 1851 befunden,
1140 1790 1203 1850 da
1221 1790 1302 1850 nach
1365 1789 1446 1849 Mir
1473 1787 1555 1847 auch
1573 1785 1636 1845 eine
1663 1782 1789 1842 ferner

715 1862 982 1922 perquisition
999 1859 1248 1919 berflig
1274 1856 1487 1916 befinden,
1505 1854 1576 1914 und
1594 1850 1762 1910 dahinge
1762 1845 1904 1905 hulder

716 1928 836 1988 frundt
866 1925 1075 1985 Nachbahrliche
1095 1924 1434 1984 bereitwilligkeitt
1444 1922 1514 1982 gegen
1554 1921 1614 1981 Euch
1643 1919 1753 1979 unseren
1843 1918 1903 1978 ge

713 1999 841 2059 hinnd
862 2000 1074 2060 Wedenten,
1106 1999 1180 2059 mit
1202 1995 1425 2055 wiederholten
1456 1990 1679 2050 versicherung
1701 1986 1722 2046 in
1743 1984 1924 2044 dergleichen

723 2065 842 2125 fahlen,
872 2066 931 2126 das
931 2065 1169 2125 reciprocum
1199 2062 1486 2122 Quobewaren,
1496 2058 1575 2118 die
1575 2056 1654 2116 Wir
1654 2053 1822 2113 brigend
1832 2052 1892 2112 Euch,

706 2140 809 2200 Dat
809 2137 867 2197 den
878 2136 970 2196 18ten
970 2140 1073 2200 July
1096 2143 1222 2203 1719.

1347 2249 1499 2309 Ehr
1499 2240 1582 2300 und
1610 2236 1665 2296 Raht
1707 2232 1734 2292 der

1437 2307 1547 2367 Statt
1572 2308 1699 2368 Gern

736 2399 889 2459 Zul
915 2402 965 2462 an
991 2406 1182 2466 Mhhl.
1195 2412 1297 2472 Cons.
1309 2416 1424 2476 Seiger
1488 2423 1640 2483 Nachdem
1691 2425 1831 2485 Meg.
1870 2422 1997 2482 heutigen

733 2471 833 2531 Sagt
856 2474 912 2534 alle
934 2476 1001 2536 die
1012 2482 1225 2542 verschiedene
1236 2489 1437 2549 Camina,
1448 2493 1482 2553 so
1493 2495 1549 2555 mit
1594 2498 1683 2558 denen
1706 2500 1840 2560 droben
1885 2503 1941 2563 de

735 2548 888 2608 leidigen
915 2555 1202 2615 Konoperatione
1220 2563 1382 2623 geschafft
1400 2566 1508 2626 halber
1526 2571 1777 2631 inhafftirten
1804 2573 1876 2633 und
1903 2573 1948 2633 im

739 2621 816 2681 haus
849 2624 948 2684 arrest
970 2630 1178 2690 enthaltenen
1200 2638 1386 2698 Persohnen
1408 2644 1561 2704 verfhrt
1594 2648 1715 2708 worden
1737 2650 1835 2710 ablesen
1857 2647 1978 2707 angehor

3458 444 3506 504 47.

2268 503 2427 563 habend
2427 503 2507 563 Ihr
2529 504 2643 564 Sel.
2655 511 2814 571 dieselben
2836 517 2905 577 vor
2905 522 3053 582 Meghl.
3064 529 3121 589 und
3143 532 3223 592 Obere
3246 535 3314 595 M.
3314 535 3371 595 und
3405 534 3439 594 G.

2264 590 2436 650 gewiesen,
2446 592 2527 652 mb
2547 592 2597 652 von
2618 595 2709 655 Hoch
2719 598 2901 658 denenselben
2931 601 2951 661 zu
2982 605 3144 665 vernemmen,
3174 611 3356 671 Einerseits,
3366 616 3406 676 ob
3427 618 3548 678 dieselben

2279 688 2396 748 daran
2406 686 2484 746 sich
2494 688 2679 748 ersettigen
2698 690 2854 750 wollen,
2854 694 3020 754 anderseits
3049 697 3118 757 aber,
3147 700 3196 760 Sie
3205 701 3244 761 mit
3274 703 3527 763 beuetheillung

2270 778 2362 838 diese
2383 778 2558 838 Persohnen
2599 779 2682 839 solle
2692 781 2847 841 procedirt
2898 784 3042 844 werden.
3053 787 3176 847 langet
3217 791 3341 851 dahero
3341 794 3392 854 Ihr
3434 796 3526 856 An

2262 873 2410 933 frundtl.
2444 869 2547 929 gesinnen
2570 868 2627 928 an
2627 868 2741 928 Ihne
2775 871 2935 931 Muhgl.
2946 873 3037 933 Cons,
3049 875 3163 935 solches
3174 877 3242 937 au
3254 879 3470 939 mordrigen

2282 965 2351 1025 tag
2371 965 2449 1025 vor
2459 964 2577 1024 Magt
2616 964 2685 1024 und
2704 962 2803 1022 Obere
2822 962 2979 1022 gelangen
2999 962 3205 1022 zulaen,
3235 964 3343 1024 actum
3362 967 3421 1027 den
3431 968 3431 1028 30
3460 969 3490 1029 f.

2268 1058 2306 1118 Juli
2343 1063 2469 1123 1695

2448 1327 2857 1387 Sontags
2857 1322 2939 1382 den
2939 1321 3035 1381 30.
3089 1317 3239 1377 July
3253 1311 3376 1371 1669

2482 1498 2654 1558 Coram
2715 1487 2899 1547 200.

2193 1711 2457 1771 Radel
2526 1697 2583 1757 an
2641 1688 2893 1748 Merten
2939 1684 3008 1744 die
3031 1684 3456 1744 Examinatoren

2206 1793 2414 1853 mit
2451 1784 2611 1844 zuthun
2648 1781 2721 1841 H.
2758 1778 2893 1838 Gro
2905 1777 3077 1837 Weibel
3139 1775 3224 1835 und
3224 1775 3323 1835 H.
3335 1774 3494 1834 Geicht

2259 1884 2524 1944 Schreibers,
2535 1880 2790 1940 Demnach
2801 1879 3000 1939 Mehl:
3034 1879 3167 1939 und
3200 1879 3366 1939 Oberen
3399 1880 3488 1940 H.
3488 1881 3554 1941 vnd

2267 1973 2343 2033 G.
2362 1972 2571 2032 heutigen
2619 1970 2742 2030 tags
2771 1969 2875 2029 alle
2885 1969 2961 2029 die
2999 1968 3284 2028 verschiedene
3312 1969 3531 2029 Examina

2271 2068 2317 2128 so
2344 2065 2427 2125 mit
2473 2060 2602 2120 denen
2666 2058 2877 2118 droben,
2886 2057 2978 2117 de
3006 2058 3227 2118 leidigen
3236 2060 3585 2120 Conspiratione

2267 2164 2508 2224 Geschafft
2550 2154 2696 2214 halber
2738 2151 2853 2211 auch
2864 2150 3199 2210 inhafftirten
3230 2152 3345 2212 und
3387 2154 3502 2214 auch

2274 2261 2340 2321 im
2362 2255 2536 2315 Hau
2591 2251 2787 2311 Arreos
2809 2251 3114 2311 enthaltenen
3168 2257 3375 2317 Personen
3430 2263 3539 2323 ver

2276 2347 2435 2407 fhrt
2457 2341 2669 2401 worden,
2680 2338 2818 2398 Aller
2839 2338 3243 2398 weitleufigkeit
3306 2345 3434 2405 nach
3466 2350 3551 2410 ab

2293 2434 2443 2494 wesens
2505 2428 2742 2488 angehrt,
2742 2424 2904 2484 haben
2941 2420 3228 2480 hochgedacht
3266 2423 3341 2483 Ihr
3378 2431 3528 2491 gel

2294 2531 2422 2591 solche
2435 2523 2563 2583 alle
2601 2516 2678 2576 als
2704 2513 2844 2573 sempel
2934 2510 3267 2570 angesehenn,
3279 2519 3446 2579 Jedoch
