4032 3024
355 362 420 422 34.

581 558 715 618 Nach
715 565 960 625 gewalteten
1009 574 1266 634 Verschidenen
1290 585 1547 645 restrictionen
1584 592 1755 652 befunden

581 630 671 690 und
691 635 760 695 ein
780 642 1117 702 seines
1147 650 1276 710 Rat,
1306 653 1405 713 auch
1415 656 1514 716 die
1534 661 1792 721 lückliche

581 706 764 766 anstalt
785 712 946 772 ergehen
989 717 1215 777 laßen,
1247 722 1387 782 daß
1430 725 1526 785 die
1559 727 1709 787 Sechß

577 787 694 847 erster
789 788 842 848 als
905 791 1106 851 halte
1180 795 1371 855 Peter,
1403 797 1646 857 Goldschun
1689 797 1816 857 uten

578 868 839 928 Bohtener
887 868 1022 928 Huhn
1100 872 1341 932 heuren
1476 877 1669 937 Werner

1206 907 1282 967 der

578 938 827 998 Goldund
848 938 967 998 fug
989 940 1075 1000 vnd
1118 946 1604 1006 Schnung
1658 942 1734 1002 auf

560 1015 766 1075 konftigen
820 1014 982 1074 außage
1025 1018 1101 1078 sein
1144 1021 1187 1081 vnd
1263 1024 1339 1084 den

572 1088 689 1148 durch
700 1090 991 1150 offentlichen
1003 1099 1364 1159 Aruschett
1457 1103 1631 1163 Namen
1678 1096 1759 1156 aus

560 1162 644 1222 dem
681 1163 867 1223 Herren
904 1168 1109 1228 hiesigen
1193 1176 1501 1236 Rahthauses
1519 1175 1808 1235 praecauiert

564 1242 635 1302 und
655 1240 797 1300 denen
868 1242 989 1302 Funf
1020 1246 1182 1306 erster
1192 1249 1263 1309 der
1415 1252 1598 1312 termin
1668 1248 1750 1308 von

546 1319 744 1379 selbigen
807 1319 897 1379 tag
942 1321 996 1381 an
1059 1322 1104 1382 in
1149 1324 1292 1384 dietz
1301 1325 1436 1385 bachte
1490 1323 1670 1383 dem

539 1401 743 1461 habere
814 1399 1028 1459 Schwiger
1049 1400 1182 1460 aber
1212 1400 1273 1460 in
1324 1399 1447 1459 Sechs
1477 1396 1620 1456 wochen
1661 1391 1753 1451 Zeit

550 1472 597 1532 zu
635 1472 843 1532 erscheinen
890 1472 1212 1532 perectorische
1231 1471 1335 1531 und
1363 1469 1505 1529 also
1542 1462 1760 1522 angesetzet

542 1551 714 1611 werde,
744 1546 845 1606 sich
876 1546 916 1606 in
947 1544 1210 1604 diser
1240 1544 1341 1604 Zeit
1392 1542 1524 1602 alhier
1615 1535 1706 1595 vor

529 1627 632 1687 dem
657 1625 965 1685 Gebührenden
1017 1625 1188 1685 Richter
1239 1624 1290 1684 zu
1307 1622 1538 1682 stellen,
1564 1614 1658 1674 vmb
1692 1607 1761 1667 sich

528 1702 775 1762 derwillig
801 1703 879 1763 zu
918 1703 1166 1763 hafftenden
1179 1696 1543 1756 schuldigungen
1582 1682 1686 1742 zu¬

531 1778 966 1838 Verantworten,
993 1776 1247 1836 widrigen
1283 1771 1392 1831 und
1410 1760 1772 1820 Außbleibende

535 1853 657 1913 fahls,
695 1851 771 1911 auf
818 1849 903 1909 den
940 1847 1110 1907 ersten
1176 1842 1412 1902 Witlichen
1459 1833 1572 1893 nach
1600 1826 1742 1886 Ver¬

523 1929 737 1989 fliessung
764 1925 876 1985 deß
922 1921 1052 1981 einem
1127 1918 1275 1978 Jeden
1350 1908 1703 1968 vnbeganten

524 2005 759 2065 termind
789 2005 902 2065 vor
932 2003 1096 2063 Muggen
1136 2000 1208 2060 und
1239 1996 1422 2056 Oberen
1453 1989 1545 2049 M.
1565 1985 1637 2045 und
1657 1981 1708 2041 G.

529 2080 826 2140 ihrenthals
870 2078 958 2138 die
991 2075 1167 2135 Urtheil
1221 2070 1397 2130 werde
1452 2056 1727 2116 außgefelt

529 2161 610 2221 und
638 2160 810 2220 erkent
837 2158 1092 2218 werden,
1101 2153 1219 2213 was
1246 2150 1355 2210 das
1391 2144 1491 2204 recht
1528 2131 1764 2191 mitbringen

1376 2215 1678 2275 standen
1724 2199 1834 2259 aber¬

534 2230 677 2290 prod.

529 2300 642 2360 den
662 2297 930 2357 studiorum
992 2293 1259 2353 Steler,
1290 2287 1434 2347 weilen
1506 2280 1588 2340 dem
1629 2268 1825 2328 Verlauf¬

542 2377 643 2437 nach
653 2372 875 2432 derselbe
916 2369 1148 2429 erbietig
1178 2366 1279 2426 aus
1279 2364 1441 2424 ersten
1481 2355 1684 2415 begehren

524 2453 632 2513 sich
653 2448 932 2508 zustellen,
954 2446 1040 2506 als
1083 2444 1222 2504 haben
1276 2441 1437 2501 Mehl.
1469 2437 1555 2497 und
1566 2432 1759 2492 Obigen

521 2536 588 2596 A.
607 2532 721 2592 vnd
740 2530 788 2590 B.
817 2527 921 2587 ihne
969 2527 1007 2587 in
1045 2525 1150 2585 der
1179 2521 1532 2581 proclamation
1627 2510 1722 2570 nicht

3281 459 3358 519 33.

2137 577 2498 637 begreifen,
2519 582 2710 642 sondern
2731 589 2795 649 sie
2816 597 2986 657 Mehl.
3007 604 3124 664 hiemit
3166 604 3325 664 fandl.

2222 653 2413 713 ansinnen
2452 655 2633 715 wollen,
2652 662 2863 722 denselben
2911 668 2997 728 vor
3025 671 3092 731 sich
3111 671 3379 731 zubescheidenn,

2219 732 2278 792 und
2327 730 2395 790 auf
2425 728 2523 788 die
2552 731 2855 791 zufindende
2914 734 2992 794 ben
3041 734 3168 794 diser
3207 729 3305 789 sachen

2207 806 2310 866 halb
2348 803 2404 863 zu
2432 802 2498 862 er
2564 803 2836 863 zustoßen,
2864 803 3033 863 Maßen
3089 796 3183 856 dan
3221 789 3268 849 zu

2206 880 2328 940 thun
2358 880 2419 940 sie
2450 878 2623 938 Mhghl.
2653 876 2734 936 schon
2775 872 2918 932 bußen
2968 863 3202 923 werden,
3212 849 3355 909 da¬

2218 952 2377 1012 übrigen
2448 952 2563 1012 ihnen
2616 948 2775 1008 Mahlsch
2828 942 2970 1002 noch
2996 935 3085 995 zum
3129 921 3297 981 Bericht

2224 1021 2405 1081 dient,
2424 1021 2538 1081 daß
2576 1016 2700 1076 über
2738 1012 2881 1072 dieses
2919 1005 3042 1065 aller
3080 999 3185 1059 auß
3214 991 3375 1051 Mehl.

2217 1091 2295 1151 und
2312 1090 2467 1150 Obigen
2528 1086 2588 1146 R.
2588 1085 2666 1145 und
2683 1082 2752 1142 3.
2769 1078 2907 1138 auch
2950 1064 3278 1124 zubefunden

2223 1170 2309 1230 und
2326 1164 2531 1224 erkent,
2548 1156 2650 1216 daß
2685 1149 2932 1209 obbemelte
2975 1139 3103 1199 Sechß
3155 1126 3351 1186 eradieret

2218 1236 2481 1296 Complices
2504 1231 2574 1291 an
2613 1228 2690 1288 diser
2775 1219 3116 1279 conspiration
3216 1200 3317 1260 par¬

2222 1309 2422 1369 afficher
2466 1306 2518 1366 an
2553 1303 2631 1363 ihre
2692 1299 2753 1359 ehe
2753 1291 3084 1351 und
3127 1271 3380 1331 Gebohrter

2227 1381 2367 1441 orten
2414 1378 2470 1438 an
2489 1377 2564 1437 den
2610 1372 2788 1432 Peltzen
2844 1365 3031 1425 hiesiger
3069 1350 3302 1410 Haubtstatt

2212 1451 2302 1511 Wie
2311 1450 2419 1510 auch
2446 1447 2500 1507 an
2536 1445 2608 1505 den
2644 1441 2788 1501 Statt
2806 1435 2978 1495 Jharen,
3032 1428 3131 1488 aus
3140 1418 3401 1478 obberurte

2218 1524 2319 1584 beiß
2356 1520 2458 1580 und
2485 1516 2559 1576 Zeit
2596 1512 2780 1572 litiert
2808 1502 3039 1562 werden,
3057 1488 3306 1548 gestalten

2219 1592 2318 1652 auch
2334 1585 2540 1645 deshalb
2565 1580 2705 1640 seiner
2722 1575 2837 1635 orte
2870 1570 2961 1630 die
2994 1558 3365 1618 Nothwendigkeit

2211 1664 2272 1724 zu
2297 1658 2375 1718 dem
2418 1653 2461 1713 en
2504 1645 2780 1705 vorgelehrt
2832 1634 2987 1694 werden

2202 1744 2325 1804 Was
2353 1737 2438 1797 dan
2476 1729 2693 1789 anlangen
2741 1723 2835 1783 will
2854 1718 2949 1778 den
2977 1714 3043 1774 im
3072 1704 3336 1764 Regiment

2218 1812 2477 1872 Kußohn
2522 1799 2718 1859 stehenden
2763 1788 3013 1848 Haubtman
3084 1771 3325 1831 Herzogt

2214 1891 2317 1951 als
2336 1883 2506 1943 welcher
2553 1873 2656 1933 nach
2694 1863 2910 1923 außang
2948 1852 3042 1912 der
3070 1842 3249 1902 wegen

2220 1954 2543 2014 hingetahten
2574 1944 2761 2004 Stedels
2782 1932 2949 1992 Jahreren
3001 1923 3032 1983 in
3074 1915 3219 1975 höchst
3219 1904 3355 1964 straf¬

2223 2037 2407 2097 Gnedigt
2452 2030 2554 2090 vort
2600 2014 2958 2074 außgebrochen
3022 1994 3114 2054 und
3133 1985 3224 2045 sich
3252 1976 3326 2036 an¬

2217 2109 2306 2169 der
2342 2098 2652 2158 Compuration
2723 2080 2972 2140 theilhafftig
3034 2060 3247 2120 gemacht
3300 2041 3353 2101 so

2222 2186 2346 2246 haben
2397 2175 2593 2235 Mehl.
2614 2165 2686 2225 und
2697 2158 2862 2218 Oberen
2893 2148 2965 2208 H.
2996 2142 3068 2202 vnd
3089 2135 3161 2195 H.
3171 2128 3264 2188 An¬

2218 2260 2604 2320 Augemeßesten
2624 2240 2864 2300 erachtet,
2864 2227 3031 2287 Mich
3114 2217 3166 2277 den
3187 2210 3364 2270 Rähten

2223 2347 2295 2407 zu
2322 2337 2637 2397 uberlaßen,
2646 2323 2736 2383 von
2772 2312 2871 2372 ihnen
2898 2304 3015 2364 vnß
3069 2294 3132 2354 von
3177 2290 3213 2350 den

2212 2427 2282 2487 sit
2352 2409 2653 2469 residirenden
2693 2384 2984 2444 Hollandischen
2994 2365 3285 2425 Miniserum

2225 2498 2335 2558 das
2335 2482 2606 2542 gehende
2646 2463 2867 2523 Ansuchen
2928 2451 2998 2511 zu
3018 2445 3169 2505 thun,
3189 2437 3329 2497 damit

3420 617 3467 677 kei¬
