4032 3024
495 484 556 544 84

785 578 914 638 Aber
944 575 1212 635 wiederumb
1252 571 1431 631 hirauff
1480 568 1530 628 in
1560 568 1629 628 die
1649 569 1937 629 Gefangen¬

799 646 933 706 schafft
992 642 1101 702 solle
1134 636 1302 696 geführt
1361 627 1604 687 werden,
1612 625 1729 685 umb
1771 625 1872 685 von

786 709 906 769 dort
940 705 1026 765 aus
1051 701 1137 761 die
1163 695 1445 755 Execution
1505 688 1582 748 der
1607 688 1924 748 Hochberböt¬

1469 755 1672 815 deßen
1734 751 1921 811 alleßen

796 770 940 830 Urtel
971 760 1289 820 anzutreten,

806 830 888 890 nun
922 827 996 887 sie
1046 824 1145 884 H.
1145 818 1443 878 Großweibel
1509 811 1600 871 und
1641 811 1740 871 H.
1748 814 1922 874 Geicht¬

796 899 1018 959 schreiber
1078 891 1129 951 zu
1164 882 1514 942 Gebührender
1565 872 1924 932 Executions¬

795 961 1161 1021 veranstaltung
1221 950 1370 1010 hiemit
1430 941 1632 1001 berichtet
1699 934 1886 994 werden

802 1013 844 1073 mit
871 1015 1022 1075 befelch,
1036 1011 1173 1071 zugleich
1194 1007 1255 1067 zu
1283 999 1502 1059 verschaffenn,
1509 992 1592 1052 daß
1626 987 1722 1047 seine
1736 982 1914 1042 draußen

800 1048 821 1108 im
864 1051 1078 1111 Solgenbuch
1114 1051 1178 1111 sich
1206 1047 1385 1107 befindliche
1428 1040 1549 1100 Zwehr
1578 1036 1656 1096 und
1678 1031 1792 1091 wasser
1835 1028 1963 1088 alßbald

792 1093 837 1153 an
837 1092 896 1152 sein
934 1090 1031 1150 sicher
1046 1090 1113 1150 ort
1150 1086 1269 1146 Alhir
1299 1084 1322 1144 in
1344 1083 1411 1143 die
1434 1081 1538 1141 Statt
1568 1077 1740 1137 gebracht
1762 1075 1844 1135 werden

751 1181 1064 1241 Alsdann
1099 1175 1316 1235 heutigen
1359 1169 1646 1229 morgendes,
1689 1159 1785 1219 von

790 1252 1010 1312 Michhl.
1040 1245 1379 1305 Stadthalter
1449 1237 1479 1297 in
1528 1232 1628 1292 folge
1658 1225 1838 1285 befelchs

798 1322 908 1382 vom
937 1321 967 1381 d.
1066 1318 1146 1378 diß
1195 1312 1413 1372 Mahl
1453 1305 1552 1365 vnd
1582 1300 1652 1360 D.
1652 1295 1751 1355 N.
1781 1286 1880 1346 und

803 1387 843 1447 3
890 1384 1244 1444 vorgetragen
1307 1372 1535 1432 worden,
1543 1365 1637 1425 die
1661 1357 1857 1417 vorge¬

810 1447 989 1507 fallene
1060 1444 1239 1504 frage,
1248 1440 1382 1500 wer
1435 1435 1489 1495 in
1534 1422 1864 1482 beurtheillung

799 1516 889 1576 der
916 1512 1094 1572 Hans
1121 1504 1443 1564 Arrestanten
1497 1495 1604 1555 vor
1622 1486 1926 1546 hochdenselben

790 1586 872 1646 die
900 1585 1001 1645 Erste
1028 1582 1203 1642 Urtel
1258 1574 1469 1634 eröffnen
1524 1568 1616 1628 solle
1680 1558 1837 1618 und

786 1652 1112 1712 daraufhin
1162 1648 1221 1708 in
1271 1644 1605 1704 gehaltener
1630 1633 1889 1693 umbfrag

789 1724 886 1784 die
909 1717 1186 1777 Gedanken
1260 1712 1552 1772 gefallen,
1560 1707 1680 1767 daß
1724 1699 1867 1759 deren

802 1784 1142 1844 beurtheillung
1192 1784 1472 1844 Muthl.
1502 1780 1592 1840 den
1632 1771 1832 1831 Rahten

793 1854 1070 1914 uberlaßen
1157 1850 1361 1910 werden
1434 1846 1616 1906 könte,
1638 1840 1696 1900 ist
1747 1830 1849 1890 vor¬

787 1932 1068 1992 Hochgedacht
1116 1924 1368 1984 Meghl.
1378 1917 1484 1977 und
1513 1913 1562 1973 G.
1591 1904 1881 1964 vorläuffig

794 2010 909 2070 zur
919 2006 1053 2066 frage
1111 1999 1283 2059 komen,
1312 1995 1418 2055 und
1456 1990 1523 2050 ins
1581 1985 1705 2045 mehr
1744 1977 1868 2037 gesetzt

790 2078 1031 2138 worden,
1039 2076 1136 2136 Ob
1168 2071 1313 2131 dieser
1378 2062 1507 2122 Haus
1515 2053 1829 2113 Arrestanten

774 2155 873 2215 vor
893 2156 1129 2216 Mag.
1149 2152 1237 2212 den
1267 2145 1493 2205 Rahten,
1553 2129 1700 2189 Oder
1730 2112 1907 2172 Aller

781 2223 841 2283 in
860 2218 1009 2278 dieser
1038 2214 1177 2274 Hohen
1226 2204 1552 2264 versamlung
1592 2189 1710 2249 sollen
1779 2176 1858 2236 be¬

796 2285 1012 2345 urteillet
1061 2278 1327 2338 werden,
1335 2272 1476 2332 Da
1518 2265 1617 2325 nun
1659 2257 1759 2317 für
1792 2246 1883 2306 das

786 2361 959 2421 Erstere
1014 2356 1114 2416 nur
1141 2351 1214 2411 27.
1223 2347 1351 2407 fur
1406 2338 1506 2398 das
1542 2327 1743 2387 letstere
1779 2312 1880 2372 aber

795 2422 1071 2482 Obstinen
1130 2414 1562 2474 außgefallen,
1592 2399 1759 2459 Als
1769 2386 1848 2446 ist

791 2489 1125 2549 solchemnach
1177 2481 1511 2541 widermahlen
1562 2468 1631 2528 die
1648 2455 1939 2515 vorquaestion

788 2563 899 2623 auß
944 2560 1033 2620 die
1066 2558 1200 2618 bahn
1267 2551 1501 2611 komen,
1512 2545 1590 2605 Ob
1624 2537 1724 2597 diese
1758 2526 1925 2586 sambtliche

788 2637 953 2697 Haus
979 2629 1284 2689 arrestanten
1327 2618 1405 2678 en
1431 2612 1562 2672 bloc
1623 2603 1710 2663 den
1744 2594 1892 2654 drey¬

793 2695 1016 2755 klahren
1069 2698 1256 2758 nach,
1282 2695 1433 2755 oder
1460 2690 1584 2750 aber
1638 2681 1735 2741 nur
1780 2669 1904 2729 einer

3379 446 3421 506 83.

2279 535 2376 595 nach
2408 533 2498 593 dem
2554 535 2765 595 anderen
2838 538 2895 598 zu
2936 541 3203 601 beurteillen
3236 538 3341 598 seyn
3366 532 3487 592 wollen,

2271 602 2401 662 für
2439 598 2614 658 welches
2652 598 2804 658 erster
2880 599 2956 659 dann
3025 599 3093 659 75.
3139 599 3245 659 und
3268 598 3329 658 fur
3360 595 3451 655 das

2277 666 2467 726 destere
2528 659 2649 719 nur
2680 659 2763 719 39.
2816 660 2984 720 stimmen
3044 661 3287 721 gezehlet,
3287 656 3371 716 mit
3394 653 3462 713 hin¬

2279 732 2464 792 Erkent
2501 722 2779 782 worden,
2798 722 2909 782 daß
2937 724 3113 784 selbige
3141 721 3372 781 Publoc

2268 806 2355 866 den
2372 798 2432 858 3.
2450 788 2726 848 gemachten
2795 781 2994 841 Klahren
3037 779 3167 839 nach
3210 777 3461 837 beurtheillet

2706 849 3090 909 Worauff
3099 843 3152 903 hin
3206 839 3322 899 über
3357 835 3429 895 die

2283 862 2453 922 werden
2507 850 2635 910 sollen

2287 919 2563 979 Haubtfrage
2625 912 2723 972 wer
2777 911 2848 971 von
2883 910 3079 970 Maghl.
3106 908 3177 968 die
3203 904 3328 964 Erste
3346 896 3488 956 Urtell,

2279 1000 2415 1060 erosten
2560 983 2706 1043 solle,
2733 981 2888 1041 zwey
2933 980 3015 1040 von
3051 976 3233 1036 Magk
3297 966 3397 1026 den

2290 1068 2557 1128 Rahten,
2566 1052 2806 1112 nemlich
2843 1046 3111 1106 Mhhl.
3120 1040 3166 1100 H.
3194 1031 3396 1091 Hinter¬

2285 1155 2384 1215 als
2425 1135 2632 1195 gewesene
2673 1118 3062 1178 Examinator,
3086 1106 3177 1166 und
3194 1098 3425 1158 Mahll.

2289 1222 2356 1282 §.
2382 1209 2593 1269 Siener,
2626 1198 2702 1258 als
2753 1185 2972 1245 Jungster
3015 1173 3183 1233 keiner
3251 1164 3285 1224 in
3335 1158 3445 1218 vor¬

2286 1283 2455 1343 schlag
2502 1269 2746 1329 komen,
2765 1259 2849 1319 da
2896 1253 2990 1313 fur
3018 1245 3122 1305 den
3131 1235 3338 1295 Ersteren

2285 1366 2398 1426 14.
2424 1359 2494 1419 fur
2546 1350 2624 1410 den
2659 1340 2824 1400 Zeiten
2885 1325 3007 1385 aber
3059 1311 3259 1371 nemlich
3285 1300 3468 1360 Mhhl.

2296 1440 2364 1500 S.
2364 1433 2575 1493 Sinner
2614 1423 2701 1483 64.
2729 1413 2903 1473 stinen
2961 1399 3211 1459 gezehlet,
3240 1388 3346 1448 und
3365 1382 3471 1442 zu¬

2298 1502 2444 1562 gleich
2517 1490 2606 1550 mit
2663 1482 2745 1542 83.
2761 1476 2956 1536 sinnen
3005 1466 3135 1526 noch
3183 1457 3330 1517 heute
3354 1447 3476 1507 damit

2312 1559 2690 1619 fortzufahren,
2716 1539 2901 1599 Erkent
2936 1528 3147 1588 worden,
3173 1516 3419 1576 Gegen¬

2312 1637 2422 1697 33.
2430 1631 2493 1691 so
2516 1627 2626 1687 diese
2673 1612 3017 1672 beurtheillung
3080 1597 3205 1657 auß
3276 1586 3425 1646 einen

2298 1705 2495 1765 anderen
2513 1697 2616 1757 stag
2676 1686 2933 1746 verschieben
3019 1665 3199 1725 wollen,

2293 1780 2611 1840 Inmaßen
2659 1761 2785 1821 disem
2804 1752 2929 1812 nach
2977 1744 3074 1804 vor
3112 1732 3372 1792 Maghl.
3382 1722 3459 1782 und

2299 1859 2374 1919 8.
2391 1849 2475 1909 N.
2500 1839 2601 1899 und
2617 1831 2701 1891 G.
2718 1821 2961 1881 sentliche
3011 1809 3162 1869 dieser
3204 1800 3347 1860 Haus
3364 1791 3473 1851 Ar¬

2263 1918 2534 1978 Testanten
2587 1897 2851 1957 Examina
2904 1877 3258 1937 abgelesen,
3273 1862 3409 1922 und

2297 1988 2535 2048 darüber
2563 1971 2737 2031 Erkent
2792 1952 2984 2012 worden

2319 2189 2476 2249 Zedel
2489 2184 2541 2244 an
2581 2173 2803 2233 Mich,
2843 2156 2908 2216 die
2908 2141 3144 2201 Gehende
3157 2124 3301 2184 Raht

2315 2256 2365 2316 Es
2415 2247 2525 2307 haben
2565 2232 2766 2292 hertigen
2806 2211 3027 2271 morgers
3057 2193 3248 2253 Mehl.
3248 2183 3348 2243 und
3368 2175 3418 2235 S.
3428 2172 3468 2232 R.
3498 2168 3538 2228 und

2314 2316 2380 2376 6.
2398 2306 2605 2366 ablesend
2652 2282 2877 2342 angehort,
2896 2268 2980 2328 die
3008 2251 3243 2311 Examina
3290 2232 3487 2292 übriger

2314 2366 2625 2426 Bürgeren,
2633 2346 2788 2406 welche
2805 2332 2944 2392 theils
2977 2322 3018 2382 in
3083 2310 3222 2370 Haus
3247 2296 3460 2356 arrest,

2303 2430 2463 2490 theils
2498 2411 2675 2471 sonsten
2719 2397 2772 2457 in
2808 2384 2958 2444 Glübd
3002 2368 3108 2428 nicht
3153 2353 3445 2413 zuweichen

2326 2488 2486 2548 annoch
2524 2473 2590 2533 in
2619 2460 2751 2520 mehr
2788 2445 2892 2505 oder
2911 2427 3156 2487 minderen
3223 2414 3279 2474 in
3307 2410 3402 2470 dem

2323 2544 2525 2604 leidigen
2555 2514 2919 2574 Conspirations
2939 2488 3141 2548 Geschafft
3171 2472 3434 2532 implicirt,

2324 2608 2404 2668 sich
2427 2589 2700 2649 befinden,
2723 2569 2826 2629 und
2871 2555 2997 2615 zwar
3042 2545 3076 2605 in
3122 2537 3202 2597 der
3202 2526 3418 2586 Ordnung

2305 2674 2409 2734 wie
2435 2666 2500 2726 sie
2539 2658 2591 2718 in
2617 2646 2798 2706 dreyen
2824 2626 3006 2686 Klahen
3058 2609 3148 2669 von
3187 2598 3304 2658 Mall
3408 2585 3512 2645 den

3567 2281 3577 2341 1
