4032 3024
529 530 546 590 66

590 1903 673 1963 Zwey¬

737 684 1048 744 Wedell
1048 679 1122 739 an
1151 676 1255 736 Mech
1359 674 1432 734 die
1447 674 1654 734 Raht,
1669 680 1921 740 Nachdeme

752 777 1012 837 heutigen
1069 769 1318 829 Morgens
1340 769 1499 829 Mehl.
1533 769 1623 829 Raht
1669 774 1759 834 und
1759 779 1952 839 Burger¬

740 868 818 928 die
837 865 1041 925 Examina
1070 863 1167 923 der
1215 864 1322 924 wegen
1390 865 1468 925 des
1487 868 1788 928 Conspiration

723 961 956 1021 geschafft
993 958 1288 1018 inhafftierten
1337 961 1436 1021 Johan
1509 966 1743 1026 Friederich
1768 971 1940 1031 Käfers

732 1051 821 1111 des
821 1049 1000 1109 indiene
1039 1049 1296 1109 fabricanten
1346 1052 1484 1112 allhier
1524 1054 1574 1114 im
1603 1058 1910 1118 Bulgenbach¬

724 1144 931 1204 Rudolff
943 1141 1185 1201 Rheinhardt,
1231 1141 1415 1201 Studioso
1438 1143 1692 1203 Theologia,
1692 1150 1934 1210 Friederich

724 1240 877 1300 antz
898 1239 986 1299 des
986 1238 1247 1298 gelaßenen
1279 1237 1540 1297 dientenant
1595 1238 1638 1298 in
1660 1244 1943 1304 modenckischen

716 1334 976 1394 diensten,
1000 1333 1118 1393 Reat
1153 1331 1318 1391 Ludwig
1354 1330 1519 1390 Herbers,
1555 1330 1720 1390 Daniel
1767 1334 1897 1394 Knecht

731 1426 827 1486 des
827 1427 1112 1487 Rohlgerbers
1148 1429 1386 1489 Friederich
1421 1430 1576 1490 Christen
1612 1430 1671 1490 des
1695 1432 1957 1492 Goldschmiede¬

730 1525 884 1585 Rudolff
935 1525 1115 1585 Wys,
1115 1523 1281 1583 Gabriel
1333 1523 1525 1583 Schawer
1525 1525 1589 1585 des
1627 1526 1820 1586 Eherbeibett,
1820 1529 1935 1589 und

730 1616 906 1676 manne
953 1615 1141 1675 Bundel
1176 1616 1258 1676 des
1282 1618 1493 1678 Stadtbets
1505 1621 1751 1681 angehort,
1763 1627 1845 1687 und
1857 1630 1927 1690 zu¬

727 1711 1063 1771 Burtheilung
1106 1709 1312 1769 derselben
1377 1712 1723 1772 geschritten,
1734 1714 1907 1774 Habend

718 1808 949 1868 Hochged.
949 1805 1134 1865 Mehl.
1169 1805 1215 1865 H.
1249 1805 1353 1865 und
1365 1807 1446 1867 G.
1480 1807 1515 1867 so
1550 1807 1631 1867 viel
1654 1807 1746 1867 die
1769 1805 1919 1865 Recht¬

736 1898 930 1958 erstere
973 1897 1124 1957 dieser
1146 1897 1501 1957 Delinquenten
1534 1895 1739 1955 betrifft,
1771 1893 1879 1953 Ihre

739 1990 984 2050 angebohrne
1039 1994 1318 2054 Mildigkeit
1351 1992 1440 2052 und
1462 1989 1607 2049 Gnad
1640 1987 1752 2047 dahin
1796 1983 1919 2043 ange¬

721 2089 863 2149 deyen
896 2089 1103 2149 laßen,
1114 2088 1201 2148 daß
1233 2087 1386 2147 Ihnen
1418 2086 1506 2146 die
1527 2083 1843 2143 Vohlverdiente

719 2182 870 2242 gebens,
904 2182 1055 2242 Straff
1066 2182 1321 2242 geschenket
1356 2182 1460 2242 und
1483 2178 1773 2238 nachgelaßen
1807 2169 1958 2229 worden,

1409 2227 1446 2287 so
1446 2228 1514 2288 wohl
1529 2227 1604 2287 als
1626 2225 1709 2285 Vier
1731 2220 1844 2280 übrige

724 2276 958 2336 Demnach
979 2276 1085 2336 aber
1107 2276 1245 2336 sollen
1277 2278 1468 2338 selbige
1500 2278 1585 2338 als
1595 2275 1797 2335 muntze
1829 2267 1935 2327 und

714 2372 973 2432 gefährliche
1022 2372 1232 2432 wieder
1256 2374 1355 2434 der
1367 2375 1737 2435 Gesellschafft,
1750 2370 1898 2430 Ihres

722 2465 938 2525 Burger
938 2465 1107 2525 Rechten
1179 2468 1408 2528 priviert,
1420 2471 1516 2531 und
1552 2470 1661 2530 nach
1673 2465 1853 2525 Inhalt

736 2557 841 2617 der
864 2555 1212 2615 constitutionen
1270 2557 1537 2617 aufflag,
1572 2556 1653 2616 der
1688 2549 1885 2609 Rudolff

731 2654 858 2714 Wiß
921 2650 1010 2710 und
1048 2650 1226 2710 Gabriel
1289 2651 1517 2711 Scheuner
1542 2648 1644 2708 aber
1669 2646 1758 2706 auf
1783 2638 1973 2698 Pansig

1765 2719 1864 2779 Jahr

3405 493 3466 553 67.

2311 673 2454 733 und
2480 673 2558 733 der
2558 674 2767 734 Broder
2793 676 2962 736 Quamuel
3014 679 3197 739 Bundel,
3236 677 3301 737 auf
3353 673 3470 733 zehen

2296 760 2422 820 Jahr
2445 758 2525 818 lang
2571 758 2617 818 von
2674 758 2754 818 Ihr
2765 758 2891 818 Jul.
2903 758 3006 818 Stadt
3040 758 3143 818 und
3155 758 3384 818 Landen,
3418 757 3498 817 wie

2286 848 2417 908 auch
2417 847 2503 907 von
2536 846 2720 906 Städten
2775 845 2872 905 und
2905 845 3078 905 Landen
3133 845 3230 905 Löbl.
3252 847 3534 907 Eygnos¬

2294 942 2495 1002 Schafft
2538 938 2633 998 und
2675 937 2781 997 dero
2802 934 3141 994 zugewandten,
3173 934 3279 994 auch
3300 934 3395 994 dero
3416 936 3512 996 Ver¬

2290 1033 2568 1093 bündeten,
2588 1033 2647 1093 als
2667 1033 2866 1093 isthoff
2895 1030 3074 1090 Baßell,
3084 1028 3461 1088 Neulenburg,

2286 1122 2629 1182 Müllhausen,
2651 1121 2839 1181 Genße,
2861 1118 3016 1178 Wolles
3072 1115 3160 1175 und
3182 1115 3415 1175 Puncten

2309 1222 2504 1282 eydtlich
2525 1219 2762 1279 verwiesen
2803 1217 2896 1277 und
2916 1216 3112 1276 verbauet
3153 1214 3287 1274 seyn,
3318 1216 3493 1276 über¬

2740 1255 2782 1315 die
2796 1255 2857 1315 ewig
2876 1256 3039 1316 bandierte

2295 1319 2554 1379 tredenden
2601 1319 2719 1379 fahls
2719 1318 2837 1378 aber
2860 1316 2931 1376 mit
2990 1315 3072 1375 dem
3143 1313 3355 1373 Schwerdt
3402 1313 3461 1373 von

2293 1415 2428 1475 Leben
2461 1417 2540 1477 zum
2585 1417 2653 1477 todt
2698 1416 2855 1476 gerichtet
2889 1415 3024 1475 werden
3069 1412 3282 1472 sollen;

2278 1561 2537 1621 Wan
2580 1558 2652 1618 nun
2724 1557 2839 1617 Löbl.
2868 1556 3040 1616 Eydthel.
3055 1556 3155 1616 Ohrt,
3198 1558 3500 1618 zugewandte

2306 1654 2432 1714 und
2442 1654 2641 1714 gedachte
2704 1652 2977 1712 Verbündete
3019 1649 3081 1709 zu
3113 1648 3364 1708 ersuchen,
3385 1646 3490 1706 daß

2308 1738 2630 1798 obbemelten
2694 1738 2887 1798 Kätzer,
2920 1739 3134 1799 Scheiner
3188 1739 3241 1799 etc.
3241 1739 3273 1799 5.
3306 1739 3338 1799 in
3381 1738 3531 1798 Ihren

2294 1836 2461 1896 Landen
2534 1838 2618 1898 und
2680 1838 3004 1898 Herrschafften
3046 1836 3182 1896 denen
3255 1835 3495 1895 Vertragen

2308 1931 2499 1991 gemäß
2552 1933 2658 1993 beim
2700 1933 3008 1993 Auffenthalt
3061 1931 3315 1991 gestecket,
3347 1932 3506 1992 sondern

2300 2028 2475 2088 selbige
2525 2026 2824 2086 betreckenden
2887 2024 3024 2084 fahls,
3036 2023 3111 2083 als
3124 2023 3373 2083 übersehen
3398 2024 3548 2084 Ihres

2299 2119 2669 2179 Bannigation,
2691 2116 2781 2176 Eydt
2837 2114 3151 2174 angehalten,
3163 2114 3264 2174 und
3286 2114 3387 2174 Ihr
3409 2116 3522 2176 gut¬

2314 2209 2514 2269 deßen
2560 2207 2760 2267 berichtet
2807 2205 3018 2265 werden;
3029 2204 3111 2264 Als
3147 2204 3322 2264 gelanget
3358 2208 3533 2268 Molt¬

2300 2303 2399 2363 und
2436 2300 2560 2360 Oberen
2598 2298 2684 2358 frl.
2722 2297 2970 2357 Gesinnen,
2970 2297 3044 2357 an
3081 2298 3168 2358 Sie
3181 2301 3379 2361 Mehl,
3416 2309 3540 2369 die¬

2296 2399 2391 2459 sere
2451 2392 2879 2452 Prequisitorialien
2903 2389 2974 2449 an
2998 2389 3212 2449 behörige
3271 2391 3402 2451 Ohrt
3425 2396 3544 2456 ergehen

2300 2492 2383 2552 zu
2383 2490 2603 2550 laßen;
2616 2486 2740 2546 Alt,
2781 2483 2891 2543 Coram
2960 2480 3070 2540 1.
3097 2478 3125 2538 et.
3138 2477 3207 2537 6.
3262 2476 3345 2536 und
3358 2476 3413 2536 G.

2306 2579 2460 2639 August
2511 2578 2613 2638 119

2949 2701 3375 2761 Rechtscheidung
3436 2701 3538 2761 Bar¬
