4032 3024
335 366 383 426 16

494 487 665 547 den
704 497 915 557 Michel
994 505 1324 565 betreten,
1324 510 1416 570 als
1442 515 1534 575 der
1561 521 1627 581 am
1679 537 1903 597 wenigsten

1295 571 1347 631 zu

1386 576 1457 636 en¬

532 581 637 641 mit
680 588 759 648 der
803 595 1003 655 Sprache
1038 601 1221 661 heraus
1239 608 1448 668 kommen
1483 615 1605 675 will,
1631 624 1831 684 Beliebe

501 688 694 748 Ihnen
746 692 965 752 Michsehl.
1003 696 1068 756 auf
1119 700 1312 760 gleichem
1364 707 1479 767 fueß
1518 715 1647 775 auch
1647 724 1814 784 gegen¬

526 793 811 853 demselben
852 796 923 856 zu
974 800 1290 860 verfahren,
1300 805 1402 865 und
1423 811 1586 871 jenige
1616 818 1790 878 Inter¬

532 881 716 941 rogata
781 886 836 946 an
882 889 984 949 Ihne
1048 891 1113 951 zu
1159 894 1408 954 trucken,
1436 898 1592 958 welche
1648 900 1721 960 die

525 973 733 1033 allfählig
788 977 985 1037 weitere
1040 981 1423 1041 Depositionen
1467 985 1543 1045 der
1565 990 1850 1050 obgedachten

523 1076 562 1136 3.
581 1075 852 1135 Inquisiten
910 1073 1036 1133 Ihnen
1094 1073 1161 1133 an
1200 1073 1268 1133 die
1277 1073 1432 1133 Hand
1461 1073 1625 1133 gebenn,
1693 1075 1799 1135 oder

511 1174 690 1234 sonsten
749 1172 878 1232 Ihre
907 1171 1155 1231 pruden,
1204 1170 1461 1230 sundieren
1521 1173 1679 1233 wird,
1689 1177 1768 1237 es

498 1274 656 1334 wege
675 1274 793 1334 ohne
833 1275 931 1335 oder
961 1276 1059 1336 mit
1108 1278 1423 1338 Anwendung
1462 1283 1531 1343 der
1560 1290 1816 1350 Marter,

503 1375 612 1435 Wie
649 1375 746 1435 dan
783 1373 880 1433 der
904 1374 1050 1434 Ihnen
1087 1375 1318 1435 Michsehl.
1318 1376 1403 1436 von
1464 1378 1550 1438 Ihr
1574 1379 1671 1439 Gn.
1708 1382 1842 1442 bereits

500 1463 736 1523 ertheilte,
769 1465 859 1525 vor
893 1466 1129 1526 Michhl.
1140 1468 1242 1528 R.
1253 1469 1376 1529 und
1388 1471 1489 1531 G.
1511 1474 1781 1534 bestätigte

491 1564 697 1624 Gewalt
736 1564 843 1624 und
872 1564 1136 1624 Competentz
1175 1564 1244 1624 es
1273 1562 1518 1622 vermag,
1537 1560 1625 1620 und
1645 1559 1733 1619 die

489 1655 701 1715 Mahlehl.
724 1661 830 1721 zu
877 1663 1006 1723 thun
1042 1660 1265 1720 bestennd
1289 1655 1524 1715 wißen,
1535 1653 1618 1713 die
1641 1651 1853 1711 Examina

499 1739 615 1799 aber
664 1745 897 1805 denselben
945 1746 1304 1806 hinterbringen
1342 1742 1575 1802 werden,
1585 1740 1652 1800 und
1711 1739 1788 1799 die¬

491 1833 681 1893 weitere
706 1837 1010 1897 Verfügung
1035 1837 1339 1897 anzuordnen

760 2125 997 2185 Grest
1122 2113 1178 2173 den
1192 2110 1247 2170 15.
1317 2101 1442 2161 Julÿ
1456 2093 1623 2153 169.

427 2321 918 2381 Bangen.
934 2306 1061 2366 Und
1092 2301 1235 2361 Seinem
1282 2297 1456 2357 Schreiben
1520 2288 1662 2348 ersehen
1710 2277 1852 2337 Wahl¬

478 2416 576 2476 daß
630 2409 705 2469 die
738 2401 1029 2461 Gemeinden
1073 2392 1299 2452 Wangen
1321 2386 1429 2446 und
1462 2381 1678 2441 Herzogen
1699 2372 1840 2432 buchse

480 2507 575 2567 aus
596 2500 765 2560 Anlas
786 2494 881 2554 der
934 2491 986 2551 in
1029 2485 1240 2545 hiesigen
1261 2479 1419 2539 Haubt
1461 2473 1588 2533 Statt
1619 2465 1809 2525 ausge¬

1618 2554 1817 2614 brochenen

3338 452 3405 512 17.

2132 518 2532 578 Conspiration
2584 530 2777 590 Mehl.
2816 543 2945 603 Ihrer
2958 551 3087 611 Inen
3112 559 3332 619 versicheren

2135 614 2358 674 Waßen;
2369 610 2580 670 Gleichwie
2636 619 2725 679 nun
2748 631 2915 691 solches
2937 647 3138 707 Muthl.
3149 655 3216 715 zu
3238 660 3405 720 sonderen

2139 710 2384 770 Vermuegen
2417 708 2629 768 gereichet,
2662 717 2740 777 als
2762 728 2929 788 befehlen
2963 740 3030 800 Sie
3052 749 3208 809 Ihme,
3230 755 3364 815 diesen

2133 806 2290 866 beyden
2324 796 2548 856 Gemeinden
2582 800 2672 860 das
2683 811 2941 871 Oberkeitl.
2975 837 3334 897 wohlgefallenn,
3345 848 3402 908 ob¬

2139 890 2314 950 dieser
2327 885 2552 945 getreuen
2578 899 2903 959 Außfuhrung
2941 918 3003 978 zu
3041 933 3317 993 bezeugen,
3329 940 3417 1000 und

2121 983 2184 1043 die
2235 979 2310 1039 zu
2348 981 2638 1041 versicheren,
2663 991 2739 1051 daß
2764 997 2865 1057 Well
2953 1011 3180 1071 niemahlen
3268 1018 3369 1078 an¬

2109 1076 2265 1136 Ihrer
2289 1072 2408 1132 drey
2444 1076 2743 1136 gezweiffet,
2755 1085 2826 1145 und
2838 1090 2934 1150 Sie
2958 1097 3041 1157 bey
3065 1103 3208 1163 allen
3232 1108 3364 1168 ge¬

2123 1158 2397 1218 kegenheiten
2431 1158 2499 1218 die
2522 1160 2761 1220 Oberkeitl.
2796 1167 2921 1227 Gnad
2932 1177 3195 1237 empfinden
3252 1193 3457 1253 laßen.

2138 1245 2298 1305 werden.

2403 1478 2725 1538 Darubtag
2756 1471 2817 1531 den
2848 1468 2940 1528 6ten
2955 1466 3032 1526 July
3108 1460 3216 1520 1669

2112 1755 2315 1815 Redel
2350 1748 2422 1808 an
2445 1744 2659 1804 Mhhl.
2659 1741 2743 1801 die
2778 1739 2981 1799 Geistliche
3040 1738 3135 1798 Es
3159 1738 3314 1798 finden

2130 1849 2309 1909 Mhhl.
2360 1846 2551 1906 nöhtig,
2564 1843 2641 1903 daß
2666 1841 2768 1901 von
2794 1838 2883 1898 nun
2909 1837 2973 1897 an,
3011 1837 3087 1897 und
3113 1837 3215 1897 ohne
3253 1838 3381 1898 Zeitt¬

2120 1941 2336 2001 Verkunst
2368 1936 2465 1996 die,
2497 1932 2723 1992 bekanter
2745 1930 3014 1990 trawiger
3046 1933 3251 1993 Ursachen
3304 1940 3434 2000 wegen

2125 2023 2291 2083 Woben
2341 2020 2383 2080 in
2408 2018 2499 2078 der
2541 2014 2882 2074 Gefangenschafft
2924 2014 3182 2074 enthaltene
3248 2021 3423 2081 Stadt¬

2110 2118 2455 2178 Lieutenant
2520 2107 2744 2167 Fueter,
2753 2101 3033 2161 Haubtman
3061 2099 3210 2159 gantz
3257 2103 3341 2163 und

2125 2209 2430 2269 Marchand
2466 2202 2660 2262 Werner
2707 2197 2744 2257 in
2781 2193 2928 2253 Sachen
2974 2189 3122 2249 Ihres
3141 2191 3242 2251 Zeitt
3270 2195 3409 2255 unter

2122 2299 2347 2359 richtet,
2359 2297 2460 2357 und
2505 2293 2584 2353 zum
2640 2287 2731 2347 des
2764 2280 2979 2340 bereitet
3001 2278 3227 2338 verdins,
3238 2285 3317 2345 zu

2131 2386 2341 2446 Welchem
2391 2383 2453 2443 und
2514 2379 2576 2439 die
2589 2374 2824 2434 Mehl.
2836 2369 3096 2429 Angesichts
3108 2371 3195 2431 diß
3220 2381 3418 2441 zusammen

2125 2488 2363 2548 stretten,
2375 2477 2625 2537 tuchtige
2663 2463 2888 2523 subjecta
2913 2456 3188 2516 erwehlen,
3201 2461 3326 2521 vor¬

3242 2549 3343 2609 deren
