4032 3024
495 540 559 600 92

661 578 826 638 Mehr
859 570 1173 630 nohtwendig,
1198 558 1297 618 Ja
1355 544 1784 604 ohnvermeidenlich
1817 549 1908 609 an¬

677 646 829 706 gestehen
896 636 972 696 und
1010 631 1210 691 Erkent¬

691 841 815 901 Jud.
846 833 888 893 an
950 826 1157 886 Mehghl.
1188 820 1261 880 die
1292 814 1602 874 Krieraht,
1613 802 1851 862 Alsdann

696 905 903 965 Megk,
911 897 989 957 und
1023 893 1083 953 E.
1109 891 1186 951 H.
1212 889 1290 949 vnd
1307 887 1384 947 G.
1393 883 1599 943 heutigen
1634 877 1720 937 tag
1771 870 1883 930 auff

700 961 933 1021 angehörtes
965 952 1207 1012 gutachten
1263 948 1481 1008 Mhghl.
1505 943 1585 1003 der
1601 935 1835 995 gehenden

709 1030 878 1090 Rahten
924 1014 1161 1074 betreffend,
1192 1007 1268 1067 die
1299 1004 1490 1064 mehrer
1567 995 1888 1055 sicherstellung

704 1086 904 1146 hiesiger
947 1075 1190 1135 Haubtstadt
1269 1070 1590 1130 durchgehends
1633 1065 1876 1125 nohtwendig

697 1150 925 1210 erachtet,
933 1145 1058 1205 daß
1090 1142 1153 1202 zu
1184 1138 1325 1198 diesem
1404 1134 1490 1194 vnd
1506 1132 1569 1192 hin
1624 1127 1851 1187 mehrere

693 1226 967 1286 millatisse
1007 1216 1326 1276 praecautionem
1395 1206 1629 1266 genomen
1691 1200 1914 1260 werden.

686 1292 803 1352 Als
837 1288 987 1348 habend
1038 1282 1230 1342 Meghl.
1247 1277 1322 1337 und
1348 1274 1415 1334 E.
1423 1272 1507 1332 G.
1523 1268 1616 1328 und
1641 1265 1724 1325 G.
1733 1262 1842 1322 Sie

693 1362 905 1422 Mhghl.
930 1352 1053 1412 deßen
1102 1345 1233 1405 hiemit
1282 1336 1568 1396 berichten,
1650 1324 1740 1384 und
1781 1318 1846 1378 sie

712 1431 891 1491 frundl.
898 1420 1139 1480 ansinnen
1201 1407 1387 1467 wollen,
1402 1397 1658 1457 nummero
1681 1391 1735 1451 in
1774 1387 1890 1447 für¬

694 1494 877 1554 derliche
914 1481 1259 1541 Deliberation
1310 1474 1376 1534 zu
1405 1468 1640 1528 nemen,
1647 1457 1823 1517 worin

696 1557 849 1617 dieser
903 1550 1120 1610 mehrer
1192 1543 1417 1603 sicherheit
1489 1532 1679 1592 bestehen
1742 1514 1877 1574 solle.

707 1621 780 1681 ob
812 1619 966 1679 mittest
1007 1613 1315 1673 Vermehrung
1364 1606 1461 1666 und
1502 1595 1851 1655 verbeßerung

707 1694 816 1754 der
857 1690 1225 1750 Stadtbacht,
1250 1680 1401 1740 Oder
1434 1674 1493 1734 in
1509 1668 1677 1728 etwas
1710 1659 1894 1719 anders

705 1769 814 1829 nach
859 1767 969 1827 denen
1023 1761 1333 1821 gefallenen
1406 1751 1488 1811 und
1524 1743 1633 1803 selbs
1670 1730 1934 1790 angehorten

712 1839 1006 1899 Gedanken,
1015 1828 1193 1888 Als
1211 1823 1425 1883 worüber
1469 1817 1594 1877 Sie
1612 1809 1870 1869 Mehghl.

718 1915 813 1975 Ihre
842 1906 937 1966 weise
984 1896 1269 1956 cesteriones
1317 1891 1526 1951 wolten
1564 1886 1630 1946 zu
1678 1878 1849 1938 laßen

718 1979 975 2039 propecten,
1021 1969 1134 2029 wie
1172 1965 1301 2025 alles
1346 1957 1717 2017 einzurichten,
1740 1945 1922 2005 abzu¬

711 2045 908 2105 rahten,
935 2038 1051 2098 und
1078 2035 1284 2095 Mughl.
1293 2030 1400 2090 und
1436 2027 1517 2087 G.
1535 2022 1633 2082 G.
1651 2014 1758 2074 und
1776 2004 1893 2064 So¬

714 2111 796 2171 zu
827 2107 1022 2167 witwer
1063 2101 1423 2161 verordnung,
1444 2093 1506 2153 so
1526 2084 1794 2144 furderlich

713 2174 943 2234 möglich,
968 2171 1181 2231 zusambt
1215 2165 1360 2225 Ihrem
1428 2152 1725 2212 Gutachten
1785 2136 1887 2196 ei¬

718 2238 925 2298 zugeben
1021 2230 1228 2290 belieben
1292 2223 1459 2283 und
1483 2216 1746 2276 demnach
1761 2204 1929 2264 zuthun

729 2304 843 2364 besten
950 2293 1129 2353 laßen
1195 2284 1408 2344 werden

729 2464 829 2524 zu
879 2462 929 2522 an
980 2463 1205 2523 Mhghl.
1243 2467 1556 2527 Stadthalter
1593 2462 1643 2522 Ott
1769 2448 1894 2508 da¬

733 2528 919 2588 heutigen
954 2522 1095 2582 tags,
1113 2522 1245 2582 aus
1280 2524 1492 2584 gehabtem
1536 2521 1704 2581 anlas
1748 2513 1871 2573 vor¬

727 2602 933 2662 Muhl.
959 2595 1040 2655 und
1049 2594 1120 2654 D.
1138 2594 1227 2654 R.
1245 2596 1316 2656 und
1325 2596 1379 2656 G.
1414 2598 1602 2658 geandet
1655 2594 1905 2654 worden,

3409 460 3442 520 D

2203 556 2266 616 Ob
2298 549 2527 609 dißmalen
2566 544 2708 604 wegen
2747 541 2976 601 numero
3016 532 3370 592 abgeänderten

2201 614 2553 674 umbstanden,
2577 604 2667 664 die
2700 601 2733 661 in
2782 598 2954 658 hiesige
2994 593 3109 653 Stadt
3207 581 3428 641 beruffene

2176 689 2345 749 Milit
2409 678 2508 738 und
2529 668 2862 728 subsistirende
2918 657 3081 717 Wacht,
3131 649 3230 709 nicht
3265 636 3484 696 wiedrum¬

2185 757 2234 817 in
2262 747 2425 807 etwas
2475 736 2581 796 solte
2623 727 2920 787 vermunderet
2970 715 3182 775 werden,
3189 707 3295 767 und
3331 698 3458 758 aber

2183 820 2264 880 die
2297 811 2362 871 Zeit
2410 799 2695 859 verfloßen,
2720 790 2858 850 diesen
2882 785 3021 845 anzug
3086 777 3118 837 zu
3167 765 3420 825 behandlen

2194 882 2326 942 Als
2373 870 2504 930 haben
2580 859 2777 919 Meghl.
2796 851 2994 911 selbigen
3041 841 3182 901 auff
3210 834 3276 894 die
3304 822 3483 882 nachste

2189 951 2481 1011 Versamlung
2532 928 2815 988 verschoben,
2841 917 2953 977 und
2979 911 3107 971 deßen
3142 906 3227 966 Ihn
3262 896 3468 956 Mhghl.

2205 1018 2512 1078 Stadthalter
2557 994 2764 1054 berichten
2833 979 3025 1039 wollen,
3048 972 3140 1032 mit
3170 966 3277 1026 frl.
3277 957 3484 1017 Gestinen¬

2201 1089 2386 1149 sothanen
2442 1069 2627 1129 Anzug
2683 1057 2748 1117 mit
2794 1046 3007 1106 nachstem
3072 1035 3184 1095 vor
3202 1026 3425 1086 Megkl.
3453 1014 3517 1074 und

2214 1152 2272 1212 de
2322 1144 2414 1204 R.
2423 1138 2506 1198 und
2531 1132 2581 1192 B.
2606 1128 2665 1188 in
2681 1123 2765 1183 die
2790 1113 2990 1173 Geworte
3041 1099 3274 1159 umbfrage
3333 1084 3450 1144 komen

2207 1211 2498 1271 zulaßen.
2507 1198 2692 1258 Wie
2718 1186 2859 1246 zuthun
2894 1181 2912 1241 e

2441 1346 2671 1406 Montag
2695 1341 2744 1401 den
2780 1337 2853 1397 15ten
2853 1334 3010 1394 August
3047 1328 3144 1388 1669.
3144 1324 3228 1384 etc.

2649 1430 2772 1490 Coram
2803 1425 2872 1485 200.
2895 1421 2957 1481 aus

2210 1554 2351 1614 Redel
2394 1550 2416 1610 an
2437 1547 2567 1607 Negst
2599 1544 2632 1604 die
2664 1542 2761 1602 Raht,
2794 1540 2826 1600 Es
2837 1539 2924 1599 haben
2945 1537 3075 1597 Magk.
3086 1536 3140 1596 und
3150 1535 3226 1595 Obere
3259 1534 3377 1594 Mund
3399 1534 3421 1594 G.
3453 1534 3539 1594 heutigen

2212 1634 2335 1694 Morgen
2369 1628 2425 1688 bey
2447 1625 2492 1685 sie
2559 1620 2738 1680 versamlet,
2772 1616 2884 1676 ablesen
2907 1615 2974 1675 und
2996 1615 3063 1675 sich
3075 1615 3232 1675 referiren
3254 1615 3388 1675 laßen,
3411 1615 3456 1675 da¬

2209 1718 2378 1778 Cuamina
2399 1714 2472 1774 und
2472 1711 2620 1771 Vrgicht
2641 1708 2714 1768 deß
2725 1706 2778 1766 im
2809 1703 2915 1763 thuen
2915 1699 3083 1759 gefangen
3083 1697 3220 1757 sitzenden
3262 1693 3388 1753 Michell
3409 1693 3557 1753 Buent¬

2210 1804 2293 1864 von
2316 1800 2422 1860 Hauß
2422 1795 2658 1855 gebührtig,
2658 1790 2811 1850 welcher
2823 1787 2906 1847 schon
2929 1786 2976 1846 vor
3012 1783 3165 1843 Erblichen
3200 1779 3330 1839 Jahren,
3342 1777 3400 1837 als
3412 1776 3471 1836 hin¬

2201 1885 2359 1945 Heidens
2368 1881 2470 1941 sore
2498 1877 2563 1937 und
2582 1875 2675 1935 Kister
2740 1868 2963 1928 Burgerlicher
2972 1864 3130 1924 unruhen,
3158 1861 3232 1921 aus
3251 1859 3363 1919 seiner
3363 1859 3511 1919 Vatter¬

2221 1966 2301 2026 Stadt
2341 1961 2532 2021 verbaret,
2542 1957 2642 2017 nichts
2662 1953 2873 2013 destoweniger
2893 1951 2983 2011 anoch
3003 1949 3084 2009 seith
3094 1949 3164 2009 hero
3174 1948 3214 2008 in
3234 1949 3395 2009 anderen
3415 1950 3555 2010 benach¬

2219 2044 2378 2104 bahrten
2401 2040 2526 2100 ohrten,
2561 2037 2629 2097 auch
2629 2035 2743 2095 wehre
2754 2032 2914 2092 selbsten,
2948 2029 3039 2089 durch
3050 2029 3312 2089 außsteurung
3335 2032 3540 2092 verführischen

2219 2131 2406 2191 Schrifften,
2439 2129 2494 2189 und
2516 2126 2692 2186 gefährliche
2703 2122 2890 2182 Practiken
2901 2119 2988 2179 sich
2999 2118 3021 2178 so
3032 2117 3098 2177 beit
3120 2116 3252 2176 vergehen
3296 2114 3439 2174 dießen,
3461 2114 3516 2174 daß
3538 2116 3571 2176 Er¬

2234 2211 2292 2271 alt,
2292 2209 2368 2269 Ein
2387 2208 2541 2268 Schädlich,
2569 2206 2627 2266 und
2636 2205 2675 2265 sie
2723 2204 2933 2264 anstehendes
2943 2203 3154 2263 membrum
3192 2203 3393 2263 societatio,
3393 2204 3517 2264 seiner

2219 2293 2376 2353 Beyheit
2399 2288 2568 2348 beraubet,
2579 2285 2647 2345 und
2658 2284 2692 2344 in
2714 2284 2771 2344 die
2782 2282 2906 2342 angste
2917 2281 3232 2341 Gefangenschafft,
3244 2282 3300 2342 auß
3322 2283 3356 2343 der
3379 2284 3536 2344 Vestung

2236 2375 2404 2435 haeburg
2428 2374 2669 2434 Eingefehret,
2681 2368 2789 2428 werden
2837 2363 3017 2423 müßen;

2230 2500 2335 2560 Als
2335 2497 2429 2557 nun
2450 2495 2691 2555 hienachbarths
2701 2491 2848 2551 Magt,
2880 2488 2932 2548 und
2932 2486 3047 2546 Obere
3047 2484 3183 2544 Mund
3204 2482 3236 2542 G.
3267 2480 3351 2540 nach
3362 2480 3582 2540 angebohrner

2230 2579 2343 2639 Ihrer
2366 2577 2433 2637 auß
2456 2573 2648 2633 nehmenden
2671 2568 2863 2628 mildigkeit
2886 2566 2943 2626 und
2965 2564 3090 2624 gnade,
3124 2565 3225 2625 durch
3248 2566 3305 2626 sein
3327 2567 3384 2627 deß
3395 2570 3576 2630 Micheli¬
