4032 3024
337 355 400 415 18

555 462 736 522 deren
792 478 1086 538 Abstendung
1120 487 1166 547 in
1177 488 1256 548 die
1290 499 1618 559 Gefangenschafft
1697 519 1799 579 aber

549 554 668 614 eine
700 562 841 622 Liste
873 569 1013 629 davon
1046 579 1272 639 Muchhl.
1272 586 1391 646 Alt
1401 596 1585 656 Schultzen
1606 607 1682 667 zu
1714 621 1855 681 Steiger

535 664 960 724 端berbringen,
970 673 1230 733 Demnach
1261 681 1385 741 aber
1416 689 1593 749 dieseren
1655 708 1821 768 Herren

540 755 834 815 auffragenn,
876 757 1003 817 diese
1017 760 1185 820 May,
1227 772 1606 832 ohngl端ckseelige
1662 797 1872 857 Personen

527 862 714 922 fleiig
758 865 835 925 zu
890 866 1176 926 besuchen,
1187 868 1308 928 und
1330 873 1583 933 dasjenige
1627 885 1682 945 zu
1715 896 1825 956 er測

537 952 769 1012 statten,
780 956 913 1016 was
935 958 1068 1018 Ihre
1113 958 1190 1018 als
1223 961 1522 1021 Beborger
1567 970 1666 1030 auf
1700 978 1777 1038 sich

528 1051 776 1111 tragende
819 1057 1066 1117 Pflichten
1088 1060 1432 1120 erforderen;
1443 1065 1593 1125 Wie
1626 1070 1680 1130 zu
1690 1073 1798 1133 thun,

437 1270 688 1330 Dabel
720 1269 782 1329 an
814 1275 1018 1335 Mhhl.
1065 1285 1143 1345 H.
1175 1293 1269 1353 Act.
1269 1300 1426 1360 Im
1442 1307 1583 1367 Gro
1630 1310 1724 1370 und

421 1366 610 1426 Mit
646 1369 965 1429 committierte
1012 1376 1107 1436 zum
1154 1385 1391 1445 Examen
1438 1393 1509 1453 der
1533 1401 1840 1461 Inquisiten測

504 1454 596 1514 da
631 1462 827 1522 Mhhl.
862 1465 942 1525 die
954 1468 1104 1528 Staht
1116 1472 1335 1532 heutigen
1381 1475 1508 1535 tags
1531 1477 1600 1537 die
1646 1482 1819 1542 ferner

513 1551 665 1611 weite
687 1556 959 1616 Vergichten
991 1559 1089 1619 des
1132 1559 1273 1619 Statt
1317 1561 1599 1621 Lieutenant
1653 1570 1838 1630 Fueter

507 1642 603 1702 und
629 1645 968 1705 Marchand
994 1648 1290 1708 Wernier,
1307 1649 1464 1709 welche
1498 1651 1559 1711 die
1594 1651 1733 1711 beyde
1768 1651 1829 1711 an測

506 1729 614 1789 der
653 1726 857 1786 Marter
896 1727 974 1787 von
1004 1727 1082 1787 sich
1111 1729 1277 1789 geben,
1306 1732 1355 1792 so
1374 1732 1462 1792 wohl
1501 1732 1579 1792 als
1618 1729 1715 1789 auch
1735 1727 1823 1787 das

502 1819 679 1879 letste
716 1818 931 1878 examen
996 1820 1080 1880 mit
1136 1824 1462 1884 Haubtmann
1490 1828 1648 1888 Gantz
1695 1828 1798 1888 Ab測

504 1915 628 1975 lesten
695 1913 965 1973 angeh旦rt,
999 1914 1191 1974 Habens,
1236 1915 1326 1975 Ihr
1337 1915 1483 1975 gn:
1494 1915 1551 1975 so
1573 1915 1641 1975 viel
1697 1913 1821 1973 an測

486 2008 650 2068 Ihnen
688 2006 785 2066 ist,
814 2005 1045 2065 ratione
1093 2007 1237 2067 dieser
1257 2009 1392 2069 drey
1430 2011 1700 2071 Inquisiten
1748 2012 1815 2072 die

490 2102 746 2162 Procedure
776 2098 1124 2158 gegenw辰rtig
1155 2098 1370 2158 complet
1411 2101 1698 2161 befunden,
1708 2099 1800 2159 doch

494 2186 595 2246 der
618 2186 888 2246 Meinung
933 2187 1011 2247 da
1056 2188 1113 2248 Er
1135 2189 1304 2249 gantz
1360 2188 1563 2248 nochmahl
1608 2181 1866 2241 vorgef端hrt,

488 2284 596 2344 auf
617 2284 703 2344 die
735 2284 939 2344 Stellette
971 2284 1186 2344 gesezt,
1218 2285 1464 2345 gebunden,
1497 2285 1582 2345 und
1593 2284 1668 2344 die
1679 2284 1840 2344 n旦htig

482 2383 675 2443 fragen
718 2375 783 2435 an
815 2373 911 2433 Ihne
954 2369 1147 2429 getruckt
1201 2368 1383 2428 werden
1426 2367 1566 2427 sollen;
1577 2365 1641 2425 zu
1662 2362 1877 2422 erfahren,

475 2478 546 2538 ob
576 2472 678 2532 auch
719 2468 770 2528 in
790 2467 953 2527 dieser
983 2464 1176 2524 positus
1207 2463 1308 2523 nicht
1329 2462 1390 2522 ein
1451 2461 1664 2521 mehrers
1715 2455 1817 2515 aus

1695 2554 1822 2614 Ihme

3373 441 3432 501 19

2169 529 2346 589 Ihme
2368 530 2424 590 zu
2479 532 2713 592 bringen,
2735 533 2824 593 als
2824 536 3090 596 dasjenige,
3123 538 3168 598 so
3168 540 3234 600 Er
3256 544 3456 604 nemblich

2166 622 2378 682 bekennet,

2573 628 2658 688 In
2695 625 2771 685 dem
2818 625 3063 685 Examine
3100 634 3194 694 dan
3241 639 3336 699 mit
3373 643 3439 703 dem

2154 712 2333 772 Michel
2400 712 2579 772 Buhret
2612 712 2679 772 und
2735 713 2936 773 K端ster
2959 715 3127 775 werden
3160 720 3238 780 die
3261 727 3440 787 Mehehl.

2164 796 2223 856 so
2248 797 2341 857 viel
2383 799 2501 859 immer
2543 799 2728 859 m旦glich
2762 799 2829 859 zu
2854 800 3166 860 avancieren
3216 807 3292 867 sich
3334 814 3427 874 an測

2144 883 2331 943 gelegen
2378 887 2484 947 seyn
2519 889 2706 949 laen,
2741 890 2788 950 an
2858 892 2940 952 den
2964 894 3092 954 Ihnen
3116 901 3350 961 Muhloh測

2157 977 2264 1037 Vest
2274 979 2478 1039 bekanten
2508 983 2663 1043 Intent
2692 990 2829 1050 Malch
2926 999 2994 1059 zu
3033 1006 3286 1066 erfullen;
3296 1012 3442 1072 Ubrigen

2153 1062 2321 1122 werden
2331 1070 2400 1130 die
2420 1075 2637 1135 Mehl.
2637 1080 2825 1140 obiger
2864 1084 2973 1144 drey
3012 1090 3387 1150 Delinquenten

2150 1156 2314 1216 v旦llige
2345 1165 2622 1225 Proceduro
2632 1170 2734 1230 uns
2755 1174 2878 1234 deren
2919 1177 3186 1237 Expedition
3237 1182 3319 1242 also
3360 1185 3452 1245 be測

2147 1252 2382 1312 furderen,
2415 1257 2494 1317 da
2527 1260 2639 1320 solche
2673 1263 2740 1323 auf
2796 1268 3009 1328 Nachsten
3020 1273 3255 1333 Montag
3289 1280 3401 1340 vor測

2143 1349 2352 1409 Mehl.
2352 1355 2484 1415 und
2517 1359 2671 1419 Obere
2704 1363 2781 1423 H.
2792 1365 2891 1425 vnd
2924 1367 2990 1427 B.
3023 1372 3254 1432 gelangen
3320 1380 3430 1440 k旦n測

2149 1422 2263 1482 Als
2294 1430 2460 1490 welchen
2512 1436 2595 1496 Tag
2637 1440 2709 1500 Ihr
2720 1443 2824 1503 n.
2855 1446 2896 1506 in
2938 1452 3177 1512 Erwegung,
3218 1461 3291 1521 wie
3312 1467 3426 1527 viele

2147 1510 2209 1570 an
2272 1510 2334 1570 der
2365 1516 2645 1576 befurderung
2677 1529 2884 1589 gelegen,
2915 1540 3123 1600 bestundt
3154 1544 3248 1604 haben

2133 1717 2261 1777 Zell
2341 1717 2420 1777 an
2452 1725 2675 1785 Mhhl.
2691 1738 2835 1798 Cons.
2851 1747 2978 1807 zum
3010 1756 3201 1816 Vortrag
3217 1760 3329 1820 der

2139 1801 2422 1861 Priminal
2470 1808 2704 1868 Procedur
2753 1819 2870 1879 wider
2889 1825 2967 1885 die
2986 1834 3279 1894 ohngester測

2127 1879 2392 1939 haubtman
2430 1885 2619 1945 Hans,
2629 1890 2780 1950 Statt
2790 1897 3074 1957 Lieutenant
3112 1910 3320 1970 Fueter
3358 1918 3453 1978 und

2143 1966 2449 2026 Marchand
2474 1970 2707 2030 vermiere,
2719 1976 2842 2036 haben
2903 1989 3087 2049 Mehl.
3099 1997 3161 2057 die
3185 2002 3295 2062 R辰ht

2158 2053 2410 2113 k端nfftigen
2450 2059 2673 2119 Montag
2713 2069 2945 2129 angesezt,
2976 2077 3066 2137 und
3107 2086 3329 2146 Michsehl.
3359 2091 3420 2151 den

2139 2148 2543 2208 Examinatoren
2567 2158 2947 2218 aufgetragen,
2970 2165 3077 2225 das
3113 2170 3208 2230 Ihme
3243 2177 3386 2237 Much

2148 2241 2290 2301 Kono
2341 2248 2522 2308 bestend
2547 2249 2779 2309 bekant:
2792 2252 3152 2312 Welchemnach
3178 2257 3229 2317 E.
3242 2263 3409 2323 Mag.

2154 2329 2364 2389 frundtl.
2377 2329 2587 2389 angesonen
2639 2330 2810 2390 werde,
2823 2332 2888 2392 zu
2901 2333 2993 2393 dem
3033 2335 3111 2395 ens
3137 2340 3308 2400 Mich,
3360 2346 3413 2406 und

2147 2414 2316 2474 Veren
2358 2418 2453 2478 N.
2464 2420 2548 2480 und
2558 2420 2632 2480 D.
2664 2420 2759 2480 Bey
2780 2419 2928 2479 Eyden
2959 2419 3223 2479 convocieren
3297 2425 3381 2485 zu測

2144 2489 2331 2549 laen.

3273 2596 3433 2656 Jedel
