4032 3024
519 526 541 586 14

790 657 974 717 wolte,
1042 648 1235 708 Wormit
1265 643 1381 703 dan
1400 640 1526 700 auch
1536 638 1729 698 mehrer
1826 640 1942 700 ein¬

801 739 1082 799 gefochten,
1091 731 1196 791 und
1231 725 1459 785 nachwerts
1512 722 1564 782 zu
1582 722 1696 782 fahl
1731 724 1924 784 gebracht

803 830 936 890 worden

805 934 959 994 Nicht
1000 923 1186 983 weniger
1206 917 1319 977 haben
1371 913 1443 973 sich
1463 910 1566 970 auch
1577 910 1669 970 von
1721 908 1916 968 Unseren

803 1007 1112 1067 Unterthanen
1164 996 1293 1056 durch
1318 992 1619 1052 Manherley
1662 991 1928 1051 versprechen

816 1084 898 1144 vnd
944 1082 1264 1142 Reihungen,
1273 1075 1337 1135 in
1364 1070 1684 1130 gleichmeßige
1721 1074 1977 1134 treulostig¬

809 1169 903 1229 keit
950 1165 1034 1225 und
1072 1161 1344 1221 Verderben
1400 1156 1457 1216 zu
1504 1153 1842 1213 verführen,
1851 1151 1936 1211 zu¬

801 1253 918 1313 gar
958 1246 1045 1306 auch
1094 1241 1270 1301 Vnsere
1299 1238 1436 1298 Statt
1446 1237 1592 1297 Nacht
1622 1233 1758 1293 welche
1798 1229 1866 1289 zu

811 1332 891 1392 der
943 1324 1243 1384 allgemeinen
1287 1321 1410 1381 Kuhe
1446 1319 1534 1379 und
1560 1315 1780 1375 Sicherheit
1833 1307 1904 1367 be¬

814 1417 991 1477 waßnet
1047 1415 1122 1475 ist,
1159 1414 1196 1474 in
1234 1414 1383 1474 Ihren
1429 1409 1821 1469 Verrähterischen
1840 1403 1952 1463 bund

804 1510 870 1570 zu
903 1508 1047 1568 ziehen
1102 1504 1179 1564 sich
1223 1495 1654 1555 unterstanden.

795 1672 1004 1732 Vater
1041 1673 1164 1733 Ihnen
1176 1673 1299 1733 denen
1324 1672 1693 1732 Conspiranten
1705 1672 1914 1732 Selbsten

804 1765 916 1825 haben
982 1765 1056 1825 Sie
1084 1763 1150 1823 in
1187 1760 1421 1820 Unseren
1486 1750 1860 1810 constitutionen

804 1850 958 1910 höchst
991 1840 1288 1900 verbottener
1343 1835 1442 1895 auch
1475 1834 1717 1894 nächtliche
1750 1834 1948 1894 zusamen

826 1937 1027 1997 kunfften
1049 1933 1149 1993 und
1183 1928 1506 1988 Beabredungen
1562 1928 1864 1988 gehalten,
1875 1932 1931 1992 In¬

817 2027 1123 2087 Denenselben
1166 2024 1250 2084 und
1271 2023 1387 2083 auch
1430 2023 1599 2083 sonsten
1641 2025 1926 2085 einanderen

829 2122 1153 2182 versprochen,
1165 2120 1362 2180 Getreu
1396 2119 1501 2179 und
1559 2119 1848 2179 verschliegen
1894 2120 1929 2180 zu

801 2220 954 2280 seyn,
965 2216 1052 2276 Ja
1096 2215 1194 2275 gar
1227 2212 1314 2272 mit
1379 2212 1532 2272 theur
1587 2215 1892 2275 beschworen,

818 2313 970 2373 Eyden
983 2306 1059 2366 zu
1097 2302 1223 2362 Gott
1248 2301 1324 2361 dem
1375 2302 1729 2362 Allmachtigen
1805 2308 1919 2368 sich¬

822 2395 1056 2455 verbindenn
1117 2389 1330 2449 dörffen,
1361 2387 1463 2447 daß
1514 2389 1585 2449 Sie
1626 2389 1707 2449 sich
1737 2389 1880 2449 rathen

830 2475 974 2535 wollen
1031 2469 1117 2529 biß
1184 2467 1232 2527 in
1290 2467 1395 2527 den
1443 2467 1586 2527 Tod,
1586 2468 1653 2528 in
1682 2468 1787 2528 dem
1835 2470 1931 2530 blodt

830 2544 1089 2604 daßjenigen
1089 2539 1143 2599 so
1170 2537 1225 2597 die
1238 2537 1497 2597 verrahten
1537 2544 1796 2604 dörffe,
1809 2557 1918 2617 daß

3391 474 3437 534 10

2318 618 2521 678 Waß
2566 614 2646 674 zu
2668 618 3007 678 Ausführung
3041 623 3177 683 Ihres
3199 622 3505 682 vorhabens

2331 719 2408 779 vnd
2447 718 2688 778 Projects
2698 718 2775 778 die
2794 716 2929 776 hand
2958 716 2997 776 in
3016 713 3170 773 Hand
3180 708 3411 768 schlagen,
3431 700 3498 760 und

2333 814 2567 874 denselben
2642 810 3035 870 gemeinstamlich
3053 803 3399 863 exequiren,

2333 914 2534 974 Vndttlich
2554 911 2675 971 dan
2726 908 2837 968 auch
2857 905 3028 965 diesen
3049 901 3129 961 Eyd
3170 895 3311 955 weder
3351 888 3422 948 von

2324 1010 2564 1070 Geistlichem
2624 1005 2724 1065 nach
2753 1004 3023 1064 Weltlichen
3083 1003 3272 1063 gewalt
3312 999 3392 1059 sich
3422 992 3542 1052 auß¬

2334 1113 2479 1173 kosten
2536 1105 2690 1165 laßen
2729 1100 2864 1160 wollen

2340 1257 2522 1317 Obschon
2542 1249 2654 1309 nun
2694 1244 2775 1304 der
2806 1239 3008 1299 Gottlose
3018 1235 3221 1295 anschlag
3231 1233 3282 1293 in
3333 1229 3485 1289 Zeiten

2333 1342 2632 1402 verstähret,
2644 1336 2739 1396 und
2775 1330 2918 1390 durch
2954 1325 3025 1385 die
3061 1317 3431 1377 erbahrmende

2340 1437 2627 1497 sonderbahre
2646 1426 2846 1486 leitung
2885 1416 3037 1476 Gottes
3057 1408 3219 1468 (wie
3257 1402 3410 1462 einiche
3429 1399 3525 1459 der

2344 1525 2579 1585 Verwegen
2598 1522 2683 1582 es
2702 1517 2993 1577 nopiranten
3012 1513 3144 1573 selbst
3182 1510 3379 1570 sinthero
3408 1508 3549 1568 solches

2337 1607 2463 1667 Hertz
2494 1600 2820 1660 dankbahrlich
2862 1598 3061 1658 erkenet
3114 1600 3313 1660 habenn,
3345 1603 3492 1663 von

2358 1682 2509 1742 seiner
2530 1685 2907 1745 ohnglückseeligen
2960 1685 3315 1745 Würdesankeit,
3369 1687 3498 1747 Her¬

2356 1764 2525 1824 richtet
2573 1763 2783 1823 worden:
2791 1762 2904 1822 So
2920 1760 3041 1820 wird
3082 1757 3316 1817 dennoch
3364 1757 3477 1817 aus

2352 1839 2686 1899 einstimmender,
2717 1835 3112 1895 angezwungener
3132 1833 3446 1893 Bekantnuß

2358 1919 2457 1979 der
2457 1914 2766 1974 conjuriirten
2815 1910 2852 1970 in
2889 1910 3161 1970 fernerm
3198 1912 3532 1972 erwiesen.

2258 2135 2508 2195 Waß
2550 2117 2730 2177 Selbige
2771 2111 2910 2171 unter
2938 2110 3021 2170 der
3049 2110 3174 2170 Hand
3201 2110 3298 2170 sich
3312 2110 3562 2170 bewaßet,

2367 2208 2427 2268 mit
2488 2204 2660 2264 Pulber
2680 2203 2781 2263 und
2811 2203 2912 2263 bey
2952 2204 3033 2264 sich
3064 2206 3336 2266 versehen;
3346 2207 3498 2267 daß

2345 2291 2438 2351 Sie
2479 2290 2572 2350 nach
2593 2288 2737 2348 einer
2758 2287 2830 2347 zu
2861 2285 3099 2345 haltenden
3130 2285 3430 2345 General¬

2365 2372 2677 2432 Verstandung
2697 2369 2829 2429 einen
2869 2366 3272 2426 ohnbeschreckten
3313 2369 3494 2429 befelchs

2344 2448 2513 2508 haben,
2540 2446 2628 2506 oder
2664 2446 2948 2506 Dictatiren
2983 2447 3223 2507 erwehlen;
3250 2450 3392 2510 Unter
3445 2453 3560 2513 deßen

2364 2527 2633 2587 Vnfuhrung
2657 2525 2762 2585 dan
2785 2524 2902 2584 und
2926 2524 2996 2584 auf
3020 2524 3160 2584 einen
3207 2526 3488 2586 abgeredten
