4032 3024
489 476 553 536 58.

454 669 497 729 9.

761 586 884 646 auch
884 591 1179 651 allgemeiner
1192 592 1450 652 pflichten,
1487 593 1586 653 mit
1622 596 1782 656 theur
1819 600 1906 660 be¬

747 685 981 745 schwornen
1007 683 1136 743 Eyden
1162 683 1266 743 sich
1292 685 1512 745 verbinden
1564 690 1746 750 dörffen

733 811 851 871 der
851 814 1048 874 Küser
1061 814 1127 874 und
1153 814 1377 874 besondere
1442 814 1508 874 mit
1548 819 1824 879 dergebung
1850 832 1942 892 seines

734 904 942 964 hausen,
954 904 991 964 zue
1028 905 1249 965 nächtlicher
1285 908 1445 968 Rechst,
1457 914 1739 974 straffbahrer
1776 924 1898 984 Ver¬

728 1000 965 1060 standung
977 998 1060 1058 mit
1108 1000 1404 1060 Belohnung
1416 1002 1581 1062 wieder
1593 1009 1913 1069 Oberkeitlichen

717 1099 912 1159 Gewalt,
943 1099 1190 1159 anbietung
1221 1100 1376 1160 seiner
1386 1102 1643 1162 gewehren,
1674 1100 1756 1160 und
1798 1099 1849 1159 in

730 1190 895 1250 seinen
930 1192 1142 1252 diensten
1166 1196 1401 1256 stehender
1436 1201 1719 1261 Menschafft

698 1334 893 1394 der
906 1324 1087 1384 Reinhard
1115 1321 1212 1381 dan
1253 1321 1378 1381 durch
1392 1321 1531 1381 seinem
1572 1324 1683 1384 Recht
1725 1327 1933 1387 bekenden

735 1418 905 1478 fester,
927 1417 995 1477 mit
1041 1417 1188 1477 welchen
1244 1417 1312 1477 Er
1335 1417 1471 1477 einige
1505 1418 1675 1478 seiner
1675 1418 1913 1478 Freunden

741 1509 847 1569 auch
861 1512 927 1572 mit
980 1514 1246 1574 Anderung
1286 1516 1353 1576 des
1379 1514 1512 1574 Todes
1512 1513 1765 1573 selbsten,
1805 1511 1858 1571 zu

733 1604 906 1664 dieser
918 1604 1241 1664 Reddierung
1276 1604 1541 1664 anzuberben
1587 1604 1807 1664 getrachtet

720 1697 836 1757 Sich
862 1699 1094 1759 verschuldet
1133 1697 1249 1757 haben

699 1840 943 1900 Wohlen
1004 1837 1101 1897 nun
1126 1838 1418 1898 vorgemelte
1443 1842 1638 1902 Kiser,
1675 1840 1870 1900 Reinhard

706 1932 839 1992 Hans
887 1925 1045 1985 Leiber,
1081 1926 1262 1986 Kuche,
1299 1928 1384 1988 und
1396 1931 1626 1991 Christen,
1650 1931 1759 1991 durch
1783 1927 1880 1987 diese

720 2019 1017 2079 ohnglückselige
1061 2017 1346 2077 Vergehungen
1412 2017 1478 2077 in
1510 2015 1598 2075 das
1631 2011 1818 2071 schlare

723 2111 946 2171 Verbrechen
1005 2113 1099 2173 des
1122 2113 1427 2173 hochverrahts
1462 2109 1697 2169 gefallen,
1709 2102 1873 2162 mithin

725 2207 810 2267 alle
822 2207 907 2267 die
943 2207 1089 2267 Bande
1138 2206 1430 2266 gewißen,
1454 2203 1575 2263 welche
1588 2201 1709 2261 eine
1721 2200 1928 2260 Gudtig¬

710 2306 797 2366 ste
825 2306 1017 2366 Obrigkeit
1075 2305 1171 2365 mit
1190 2305 1440 2365 getreuben
1517 2297 1929 2357 Vntergebenen,

729 2399 1027 2459 verbungenn,
1065 2399 1239 2459 haben
1301 2398 1400 2458 Wir
1438 2398 1587 2458 denoch
1599 2395 1798 2455 Vnsere
1848 2389 1972 2449 kundt¬

713 2492 1014 2552 Väterliche
1063 2491 1244 2551 Milde,
1280 2491 1377 2551 und
1401 2485 1763 2545 Barmhertzigkeit
1812 2476 1920 2536 nicht

720 2584 873 2644 vollig
911 2587 1089 2647 beyseits
1102 2587 1267 2647 stehen,
1280 2587 1382 2647 noch
1382 2583 1687 2643 vergeßen,
1713 2576 1878 2636 sondern

2033 957 2071 1017 B.
2094 946 2163 1006 denen
2179 939 2278 999 letzten

2039 990 2245 1050 delinquenten,
2245 978 2296 1038 an¬

2033 1048 2101 1108 statt
2101 1038 2197 1098 Lebens
2203 1033 2265 1093 schen
2278 1026 2312 1086 kun¬

2035 1090 2173 1150 nachzusehen

2029 1144 2061 1204 die
2086 1141 2184 1201 hartes,
2193 1130 2250 1190 und

2034 1195 2161 1255 gerechteste
2170 1182 2268 1242 Straffen

2021 1245 2089 1305 dahin
2103 1237 2272 1297 gemilteret

2030 1297 2088 1357 daß
2095 1292 2131 1352 Sie
2139 1290 2189 1350 als
2204 1290 2247 1350 etc.

3406 465 3468 525 59.

2308 588 2495 648 dieser
2532 589 2719 649 höchsten
2756 596 3005 656 beleidigung
3030 604 3229 664 ohngeacht,
3229 606 3366 666 Gnad
3416 602 3478 662 vor¬

2309 682 2428 742 Recht
2471 682 2665 742 angedeyen
2697 685 2848 745 laßen
2892 693 3064 753 wollen,
3086 697 3215 757 mithin

2655 770 2841 830 Erbgut¬

2317 883 2460 943 daß
2482 886 2745 946 obgedachten
2778 889 2899 949 Johan
2954 890 3184 950 Friederich
3206 888 3415 948 Kupfer¬

2343 973 2491 1033 Rudolff
2536 976 2764 1036 Reichard,
2764 980 3015 1040 Friederich
3037 982 3163 1042 Haus,
3197 981 3311 1041 Reat
3334 976 3493 1036 Ludwig

2306 1063 2459 1123 erben,
2470 1063 2645 1123 Daniel
2699 1065 2885 1125 Knecht,
2885 1067 2983 1127 und
3016 1069 3245 1129 Friederich
3267 1069 3507 1129 Christen,

2341 1162 2424 1222 die
2436 1162 2519 1222 wohl
2566 1162 2649 1222 und
2672 1162 2743 1222 hart
2790 1162 2991 1222 verdiente
3027 1162 3145 1222 Todes
3157 1160 3287 1220 straaff
3358 1159 3452 1219 auch

2316 1256 2521 1316 Gnaden
2564 1255 2811 1315 geschenket,
2811 1256 2918 1316 und
2940 1255 3305 1315 nachgelaßen,
3305 1250 3381 1310 sie

2316 1355 2484 1415 Dennoch
2507 1352 2597 1412 aber,
2597 1351 2687 1411 als
2698 1348 2968 1408 ohnwürdige
2991 1345 3092 1405 und
3126 1343 3351 1403 gefährliche
3384 1342 3519 1402 Nieder¬

2319 1450 2401 1510 von
2442 1447 2647 1507 Unserem
2719 1442 2842 1502 Staat
2873 1438 3109 1498 abgetrent,
3140 1436 3232 1496 also
3252 1434 3335 1494 daß
3386 1432 3478 1492 Sie

2305 1552 2469 1612 Ihrer
2469 1549 2739 1609 allhiesigen
2774 1538 3056 1598 Burgerlichen
3091 1531 3255 1591 Rechten
3314 1523 3525 1583 beraubet,

2326 1649 2438 1709 nach
2449 1641 2819 1701 Maßgebung
2831 1634 2920 1694 und
2954 1630 3190 1690 Vorschrifft
3246 1622 3481 1682 Unserer

2307 1741 2651 1801 Constitutionen
2696 1729 2891 1789 Kläglich
2914 1725 2971 1785 von
3040 1720 3269 1780 Unseren
3315 1715 3487 1775 Städt¬

2314 1840 2430 1900 und
2468 1832 2622 1892 Känden
2670 1822 2910 1882 verbieten,
2939 1816 3026 1876 und
3055 1810 3343 1870 immermehr
3372 1807 3516 1867 wieder

2307 1926 2461 1986 darein
2494 1920 2681 1980 gelaßen
2725 1915 2857 1975 werden
2923 1910 3111 1970 sollen;
3122 1907 3287 1967 Also
3287 1907 3408 1967 noch,
3441 1907 3507 1967 daß

2319 2019 2437 2079 Sie
2460 2018 2684 2078 gleichfals
2684 2015 2778 2075 aus
2778 2010 2954 2070 Städten
2978 2005 3083 2065 und
3119 2002 3283 2062 Kinder
3330 2003 3471 2063 Löbl.

2307 2121 2481 2181 Eydtlich,
2515 2116 2597 2176 und
2631 2108 2898 2168 zugelanten
2932 2100 3094 2160 Ohrten,
3129 2095 3222 2155 auch
3245 2095 3349 2155 dero
3361 2096 3534 2156 Sunde¬

2309 2223 2573 2283 genoßen,
2596 2212 2654 2272 als
2654 2206 2895 2266 Mißthum
2929 2198 3136 2258 Saßell,
3136 2194 3481 2254 Neulenburg

2318 2317 2707 2377 Müllhausen,
2730 2303 2913 2363 Diens,
2948 2295 3108 2355 Wolles
3165 2289 3268 2349 und
3314 2284 3531 2344 Puncten

2317 2408 2562 2468 verboret
2586 2404 2696 2464 seyn
2709 2400 2819 2460 und
2843 2393 3027 2453 bleiben
3076 2385 3296 2445 sollen.
3309 2380 3505 2440 Wieder¬

2314 2496 2594 2556 handlenden
2637 2490 2766 2550 fahls,
2777 2486 2863 2546 und
2906 2481 3013 2541 auff
3045 2471 3325 2531 betretten,
3346 2464 3432 2524 Sie
3454 2461 3540 2521 ohne

2321 2596 2561 2656 fernere
2621 2580 2801 2640 Vrtheil
2837 2569 2921 2629 noch
2933 2560 3138 2620 genade
3162 2552 3234 2612 mit
3282 2548 3354 2608 dem
3390 2545 3522 2605 Schwert
