4032 3024
544 503 627 563 136

764 619 856 679 biß
901 618 1027 678 dahin
1062 612 1142 672 mit
1188 604 1313 664 Ihren
1371 592 1771 652 Gratulationen,
1829 603 1920 663 aus¬

777 709 900 769 anlas
930 705 1002 765 des
1033 702 1207 762 glucklich
1248 694 1493 754 entderten
1545 692 1903 752 Verähterischen

780 802 1023 862 Comploth
1046 796 1197 856 einiger
1220 788 1578 848 unglückseligen
1625 787 1856 847 Burgeren

777 900 880 960 nicht
910 891 1260 951 eingekommen,
1270 887 1332 947 Es
1352 887 1465 947 konen
1527 889 1650 949 auch
1661 890 1774 950 Ihr
1794 895 1907 955 gu¬

772 991 887 1051 Sein
919 988 982 1048 des
992 985 1265 1045 Amtmans
1318 985 1443 1045 Ihnen
1496 986 1716 1046 gegebene
1758 991 1916 1051 Weg¬

763 1087 980 1147 leistung
997 1085 1084 1145 gar
1119 1083 1232 1143 nicht
1275 1081 1605 1141 improbieren,
1631 1079 1717 1139 wan
1743 1081 1865 1141 aber

764 1187 880 1247 Mell
966 1185 1072 1245 von
1130 1183 1227 1243 der
1236 1183 1361 1243 Stadt
1410 1181 1506 1241 und
1535 1181 1641 1241 Und
1708 1182 1862 1242 Witis

784 1288 868 1348 eben
940 1288 1024 1348 die
1036 1288 1216 1348 gleiche
1240 1288 1421 1348 Freule,
1457 1288 1601 1348 Eyser
1625 1288 1709 1348 und
1721 1288 1949 1348 Ergeben,

767 1387 871 1447 heit
883 1388 952 1448 in
998 1390 1229 1450 vorfahlen
1264 1391 1530 1451 verhoffen,
1564 1391 1634 1451 als
1657 1391 1738 1451 Ihr
1749 1393 1865 1453 gut¬

780 1485 860 1545 von
890 1489 1069 1549 anderen
1099 1490 1239 1550 Ihrer
1268 1490 1567 1550 angehörigen
1617 1490 1736 1550 durch
1766 1490 1906 1550 einge¬

783 1586 973 1646 kommene
1043 1585 1272 1645 Missiven
1322 1583 1561 1643 versicheret
1601 1585 1810 1645 worden,
1820 1587 1880 1647 deß
1890 1588 1970 1648 ent¬

776 1682 925 1742 wegen
978 1684 1084 1744 auch
1095 1685 1137 1745 in
1180 1685 1318 1745 gleich
1339 1685 1594 1745 gnädiger
1636 1681 1859 1741 Gestimmig

784 1784 894 1844 gegen
959 1786 1101 1846 Ihnen
1145 1786 1341 1846 stehen,
1363 1786 1461 1846 und
1472 1785 1603 1845 dero
1636 1780 1778 1840 Guld
1789 1775 1898 1835 und

772 1886 913 1946 Gunst
967 1886 999 1946 zu
1043 1885 1162 1945 allen
1205 1885 1389 1945 Zeiten,
1432 1883 1529 1943 Sie
1551 1881 1713 1941 werden
1735 1876 1929 1936 stühren

776 1982 991 2042 laßen,
991 1984 1131 2044 Also
1156 1984 1333 2044 befehlen
1409 1982 1599 2042 Mhhl.
1624 1982 1751 2042 Ihme
1789 1985 1903 2045 Hhl.

773 2080 845 2140 kan
882 2088 1015 2148 Vogt,
1051 2090 1100 2150 so
1124 2090 1209 2150 wohl
1245 2087 1355 2147 der
1391 2083 1512 2143 Stadt
1549 2077 1755 2137 Virist,
1767 2077 1888 2137 als¬

775 2185 1007 2245 anderen
1042 2192 1204 2252 seines
1215 2192 1401 2252 Antt,
1436 2188 1482 2248 in
1505 2187 1552 2247 so
1552 2185 1691 2245 weith
1714 2181 1783 2241 sich
1783 2178 1969 2238 gebühre,

778 2282 928 2342 davon
951 2284 1240 2344 Profnung
1251 2284 1332 2344 zu
1367 2281 1540 2341 thun,
1563 2278 1655 2338 und
1690 2274 1909 2334 nahmen

786 2381 916 2441 Ihr
927 2383 1035 2443 Jul.
1068 2383 1143 2443 Sie
1186 2380 1360 2440 deßen
1403 2374 1749 2434 allerbestend
1760 2370 1814 2430 zu

787 2471 1075 2531 versicheren
1099 2471 1123 2531 H.
1123 2470 1422 2530 Dat.
1422 2468 1482 2528 d.
1518 2465 1637 2525 18ten
1649 2463 1793 2523 7bris
1793 2460 1877 2520 1114.

3397 454 3488 514 137.

2919 504 2976 564 ten

2312 570 2588 630 Damitt
2743 560 2803 620 den
2827 558 2898 618 20.
2946 554 3257 614 Septembris
3269 549 3377 609 119

2282 787 2426 847 Gevel
2462 783 2510 843 an
2558 779 2642 839 H.
2642 775 2810 835 Groß
2822 768 2966 828 Weibel
3026 762 3110 822 und
3134 757 3170 817 H.
3242 744 3518 804 Gerichtschreiber

2312 887 2565 947 Nachdeme
2576 883 2763 943 Mehl.
2796 877 2917 937 heute
2940 873 3006 933 den
3039 867 3215 927 Außstat
3248 860 3303 920 deß
3314 853 3523 913 Manifesto¬

2309 967 2435 1027 Aber
2462 964 2615 1024 hiesige
2660 961 2877 1021 bekandte,
2886 956 3094 1016 Ohnrichß
3148 943 3364 1003 ablesend

2320 1060 2538 1120 angehört,
2572 1056 2721 1116 haben,
2733 1052 2848 1112 Sie
2871 1044 3077 1104 selbigen
3100 1037 3192 1097 dem
3238 1028 3398 1088 Intent

2288 1165 2469 1225 Mehl.
2501 1160 2576 1220 und
2607 1154 2778 1214 Oberen
2810 1146 2959 1206 gantz
2991 1137 3193 1197 conform,
3204 1129 3289 1189 und
3331 1118 3491 1178 übrigen

2303 1262 2446 1322 wohl
2456 1261 2640 1321 gestalt
2701 1254 2783 1314 und
2813 1245 3038 1305 Acticiert
3089 1229 3344 1289 befunden;
3344 1219 3477 1279 Und

2322 1355 2464 1415 weilen
2511 1355 2597 1415 bey
2615 1353 2767 1413 diesem
2814 1345 2975 1405 Anlag
3013 1336 3203 1396 geandet
3240 1325 3477 1385 worden,

2307 1445 2407 1505 1.
2407 1443 2536 1503 daß
2556 1439 2636 1499 die
2656 1435 2755 1495 lezt
2795 1427 3064 1487 ergangenen
3104 1417 3353 1477 Contumat
3372 1414 3502 1474 Vrtheil

2328 1531 2498 1591 diesem
2543 1529 2769 1589 imprime
2814 1526 2916 1586 auch
2950 1519 3222 1579 beygefuegt
3290 1508 3437 1568 werden

2326 1627 2491 1687 sollen.
2503 1624 2597 1684 2.
2620 1621 2738 1681 daß
2761 1615 2938 1675 Mohl.
2973 1610 3055 1670 Sie
3079 1605 3185 1665 nicht
3208 1598 3302 1658 dahin
3349 1588 3467 1648 gehe¬

2325 1715 2421 1775 das
2438 1703 2777 1763 praeambulum
2829 1693 2915 1753 deß
2968 1687 3237 1747 Manifests
3271 1684 3315 1744 in
3323 1681 3497 1741 Ansehen

2327 1794 2562 1854 bekanter
2595 1786 2915 1846 expressionem
2948 1778 3022 1838 deß
3054 1775 3247 1835 sendtlichen
3300 1772 3536 1832 Verlangen¬

2330 1875 2497 1935 anderst
2549 1866 2872 1926 abzuenderen
2924 1858 3008 1918 als
3060 1855 3154 1915 wie
3185 1852 3300 1912 heut
3342 1850 3425 1910 Sie

2314 1981 2436 2041 H.
2461 1966 2743 2026 Großweibel
2792 1956 2890 2016 und
2903 1953 3001 2013 H.
3025 1948 3148 2008 Gricht
3172 1939 3405 1999 Schreiber

2344 2053 2543 2113 selbsten
2581 2042 2827 2102 angehört,
2836 2036 2922 2096 als
2959 2030 3149 2090 werden
3168 2026 3253 2086 Sie
3291 2020 3518 2080 nunmehro

2347 2131 2432 2191 die
2464 2131 2654 2191 furderl.
2686 2125 2940 2185 Druckung
2972 2118 3099 2178 dieses
3110 2110 3375 2170 Manifests
3407 2100 3523 2160 ver¬

2329 2221 2565 2281 gestalten
