4032 3024
365 368 424 428 36

582 532 702 592 durch
724 532 811 592 die
822 533 1192 593 ohnbeschwehrte
1224 539 1594 599 Veranstaltung
1616 548 1768 608 seiner

576 610 706 670 hochen
743 607 892 667 Herren
938 607 1217 667 Principalen
1263 610 1356 670 die
1393 614 1551 674 Herren
1579 621 1774 681 Standen

577 689 694 749 der
712 683 989 743 Vereinigten
1016 685 1329 745 Niederlanden
1400 691 1534 751 diser
1561 695 1803 755 Herzogk

578 764 720 824 hand
720 763 806 823 Vest
861 761 1041 821 Gemacht
1065 761 1221 821 und
1245 763 1308 823 so
1347 763 1457 823 lang
1480 764 1527 824 in
1574 764 1763 824 Verhafft

583 836 798 896 Schalten
843 833 1022 893 betet,
1049 833 1130 893 bi
1192 833 1282 893 Ihr
1300 833 1407 893 heil
1461 831 1640 891 davon

590 907 865 967 Auenschafft
894 905 1208 965 erhalten,
1208 905 1345 965 und
1374 904 1443 964 zu
1492 904 1639 964 seiner
1678 902 1844 962 entra

592 973 733 1033 dition
786 973 865 1033 die
883 973 1279 1033 erforderlichen
1296 971 1701 1031 requisitorialia

583 1045 772 1105 beyden
815 1042 1012 1102 abgehen
1072 1042 1217 1102 laen
1277 1042 1509 1102 knnen,
1517 1039 1740 1099 deen

583 1114 758 1174 alleen
807 1114 904 1174 nun
952 1115 1001 1175 sie
1059 1116 1254 1176 Mehl.
1292 1115 1467 1175 Hiemit
1516 1108 1817 1168 nachrichtlich

1673 1165 1767 1225 vnd

587 1184 877 1244 verstndiget
887 1183 1125 1243 werden.

582 1259 720 1319 dicta
763 1259 848 1319 bey
891 1258 1029 1318 diesem
1071 1256 1284 1316 anla
1327 1253 1454 1313 selbe
1508 1246 1805 1306 angehorten

578 1327 744 1387 maen
816 1327 909 1387 vnd
951 1328 1075 1388 Muth
1158 1327 1251 1387 und
1282 1325 1427 1385 Obern
1479 1322 1520 1382 S.
1561 1320 1644 1380 und
1665 1316 1717 1376 G.

571 1403 819 1463 Angezogen
889 1400 1128 1460 worden,
1154 1399 1261 1459 da
1305 1397 1455 1457 nothun
1499 1393 1667 1453 wagt,
1685 1385 1799 1445 aller

579 1482 651 1542 die
754 1475 1136 1535 augelahren
1178 1474 1394 1534 versonen
1415 1469 1590 1529 halben,
1632 1458 1756 1518 nebst

586 1553 802 1613 sendung
838 1552 945 1612 ihrer
1008 1550 1295 1610 beschreibung
1358 1544 1448 1604 nicht
1492 1541 1573 1601 mit
1636 1535 1735 1595 an

584 1630 673 1690 alle
702 1628 1076 1688 Eydtlosesche
1134 1621 1223 1681 und
1252 1613 1596 1673 zugesandte
1635 1603 1763 1663 Ort,

568 1702 763 1762 sondern
831 1700 928 1760 auch
958 1699 1016 1759 an
1074 1696 1298 1756 Vnsere
1357 1684 1688 1744 Verwundett

563 1778 757 1838 Machten
843 1778 929 1838 und
961 1778 1144 1838 Frsten
1187 1777 1262 1837 zu
1294 1773 1477 1833 schreiben
1552 1762 1638 1822 und
1671 1752 1746 1812 sie

555 1854 633 1914 zu
672 1850 905 1910 ersuchen,
983 1849 1167 1909 selbige
1216 1845 1313 1905 auf
1332 1840 1575 1900 betrellen
1634 1825 1808 1885 Vest

560 1931 701 1991 sezen,
744 1925 863 1985 und
874 1922 982 1982 de
1015 1919 1242 1979 verhafft
1317 1911 1491 1971 Mehl.
1523 1898 1783 1958 verstndigen

548 2006 814 2066 zulaen,
865 2000 998 2060 Mels
1069 1997 1161 2057 vnd
1192 1993 1355 2053 Oberen
1396 1985 1560 2045 Sund
1590 1979 1631 2039 C.
1652 1973 1785 2033 aber

572 2076 632 2136 in
672 2074 843 2134 solches
883 2071 964 2131 zur
994 2068 1094 2128 heit
1145 2065 1245 2125 noch
1275 2062 1326 2122 zu
1366 2056 1507 2116 frhe
1547 2044 1778 2104 angesehen

556 2156 658 2216 Als
679 2151 843 2211 habend
884 2144 1100 2204 Jedenoch
1131 2139 1244 2199 hoch
1244 2134 1469 2194 dieselben
1500 2128 1582 2188 sie
1593 2122 1808 2182 Mhhl.

552 2229 728 2289 hiemit
761 2224 871 2284 vnd
948 2220 1189 2280 ansinnen
1244 2212 1464 2272 wollen,
1486 2195 1728 2255 hierber

563 2304 775 2364 zwischen
819 2302 897 2362 ihre
942 2299 1120 2359 weisen
1176 2290 1399 2350 bedanken
1433 2278 1611 2338 wolten
1656 2265 1734 2325 zu

553 2381 776 2441 laen,
794 2376 840 2436 ob
878 2373 961 2433 und
989 2369 1054 2429 an
1091 2366 1184 2426 den
1249 2358 1536 2418 derjenigen
1574 2342 1704 2402 halbe

550 2460 605 2520 so
628 2456 705 2516 auch
750 2450 984 2510 beschehene
1039 2440 1407 2500 proclamation
1462 2427 1551 2487 und
1573 2415 1763 2475 litation

3290 441 3358 501 37.

2194 535 2285 595 nicht
2322 533 2513 593 erscheinen
2523 535 2705 595 werden
2769 541 2815 601 zu
2824 545 2998 605 schreiben
3053 552 3144 612 sein
3190 557 3254 617 woll

2208 605 2246 665 in
2275 604 2531 664 zubachten
2570 608 2893 668 abzufaen,
2902 612 3007 672 auch
3036 613 3254 673 allfahlig

2197 680 2267 740 auf
2311 679 2398 739 das
2433 679 2529 739 fur
2564 679 2695 739 einem
2765 680 2878 740 fue
2922 682 3001 742 an
3018 680 3175 740 Jedes
3184 676 3324 736 bet

2217 748 2298 808 und
2328 745 2490 805 Stand
2520 746 2571 806 zu
2601 747 2773 807 schreiben
2814 749 2915 809 seyn,
2986 743 3219 803 procesto

2203 820 2540 880 aufzusehen,
2550 817 2632 877 und
2652 814 2785 874 aller
2816 810 2938 870 eo
2959 806 3122 866 parat
3163 800 3194 860 zu
3214 794 3377 854 hacten

3434 863 3446 923 2

2190 902 2331 962 damit
2366 898 2427 958 ihr
2462 894 2717 954 zuachten
2778 886 2866 946 am
2945 875 3243 935 beilandigen
3261 864 3401 924 procet

2207 975 2376 1035 Steiben
2473 967 2570 1027 nach
2611 958 2926 1018 verfloenem
2974 947 3152 1007 Termin
3200 937 3306 997 Muth

3382 997 3382 1057 26

2207 1044 2291 1104 und
2307 1042 2406 1102 Ober
2498 1038 2551 1098 H.
2574 1036 2643 1096 vnd
2658 1033 2720 1093 B.
2742 1024 3087 1084 vorgetragen
3140 1007 3331 1067 werden

2208 1114 2350 1174 knne,
2403 1110 2500 1170 wie
2527 1106 2615 1166 dan
2659 1102 2703 1162 in
2739 1097 2827 1157 eine
2863 1090 2960 1150 und
2995 1078 3216 1138 anderen
3260 1064 3331 1124 zu

2213 1187 2293 1247 thun
2323 1177 2353 1237 E.

2206 1334 2285 1394 soll
2403 1328 2456 1388 zu
2482 1324 2707 1384 Mutzl.
2720 1317 2799 1377 Cons.
2799 1313 3010 1373 Steiger
3076 1304 3194 1364 Ihne
3247 1297 3379 1357 deen

2208 1404 2398 1464 alleen
2456 1396 2531 1456 bi
2572 1390 2663 1450 sein
2713 1381 2928 1441 Artikel
2994 1371 3094 1431 de
3127 1359 3367 1419 Haubtman

2215 1472 2421 1532 herzogk
2462 1460 2702 1520 beruhten,
2726 1450 2817 1510 mit
2858 1441 3023 1501 sendl.
3056 1427 3271 1487 Gesinnen

2226 1543 2380 1603 Jenigen
2476 1532 2582 1592 au
2601 1523 2832 1583 gelochenen
2870 1507 3091 1567 personen
3149 1487 3283 1547 halben

2207 1617 2264 1677 so
2280 1613 2362 1673 nach
2394 1600 2729 1660 Ambtraumen
2746 1580 3015 1640 termine
3137 1552 3293 1612 degen

2214 1685 2338 1745 bachten
2424 1674 2519 1734 nicht
2547 1663 2748 1723 erscheinen
2786 1647 3014 1707 werden,
3024 1635 3138 1695 auch
3176 1622 3357 1682 mitwochen

2216 1756 2299 1816 den
2330 1748 2392 1808 28
2413 1738 2642 1798 Augusti
2683 1719 3036 1779 nachschufftig
3078 1701 3182 1761 Mell
3265 1686 3358 1746 und

2197 1828 2342 1888 Obten
2383 1818 2455 1878 S.
2476 1813 2559 1873 und
2569 1808 2631 1868 B.
2652 1803 2755 1863 bey
2786 1794 2910 1854 Eyden
2952 1776 3220 1836 convocieren
3272 1755 3324 1815 zu

2217 1890 2438 1950 laen;
2446 1883 2517 1943 So
2543 1876 2649 1936 viel
2711 1865 2825 1925 aber
2861 1855 2958 1915 dem
2993 1846 3028 1906 in
3072 1831 3372 1891 Pransosischen

2219 1965 2380 2025 diensten
2426 1953 2529 2013 sich
2563 1937 2850 1997 befindtlichen
2885 1918 3034 1978 Zangen
3057 1905 3229 1965 Schuret

2232 2034 2463 2094 betrifften,
2474 2020 2606 2080 weilen
2639 2005 2804 2065 Meckl.
2815 1989 3035 2049 demselben
3068 1976 3123 2036 6
3145 1967 3299 2027 wochen

2234 2103 2338 2163 mit
2364 2096 2428 2156 zu
2441 2084 2661 2144 erscheinen
2674 2065 2919 2125 Vergant,
2971 2049 3023 2109 als
3074 2036 3229 2096 werde
3242 2024 3320 2084 Er

2230 2178 2327 2238 Much
2412 2161 2485 2221 im
2522 2150 2607 2210 fahl
2680 2139 2729 2199 er
2765 2129 2875 2189 nicht
2899 2114 3106 2174 erscheinen
3142 2100 3215 2160 thatt

2226 2247 2342 2307 auch
2357 2237 2458 2297 dan
2458 2221 2734 2281 zumahlen,
2749 2198 2952 2258 Nemlich
2967 2185 3068 2245 auf
3127 2166 3344 2226 Mitwoche

2239 2322 2284 2382 den
2345 2312 2422 2372 13.
2467 2299 2574 2359 Artl.
2620 2273 2955 2333 Nachshafftig
2970 2250 3122 2310 Mehl.
3168 2238 3229 2298 vnd
3244 2232 3366 2292 Ahren

2220 2389 2497 2449 Ausfahls
2510 2364 2814 2424 zeigen
2841 2334 3105 2394 Vrsulen
3131 2311 3290 2371 laen

2222 2475 2291 2535 bit
2337 2465 2384 2525 zu
2407 2455 2476 2515 thun

3423 619 3470 679 fa
