4032 3024
499 536 508 596 114

720 667 869 727 Landts
881 660 1088 720 Vätterlichen
1111 652 1237 712 miete
1249 646 1363 706 auß
1409 640 1593 700 Gnaden,
1593 634 1720 694 nicht

726 741 936 801 confurdern
979 731 1154 791 wollen,

738 816 851 876 Uber
889 809 965 869 die
974 804 1097 864 frag
1126 799 1239 859 aber,
1267 794 1334 854 Ob
1362 792 1447 852 und
1457 787 1570 847 das
1589 782 1835 842 Allfahlin

738 885 810 945 für
846 878 964 938 kasten
1028 870 1073 930 zu
1109 864 1299 924 fordern
1363 855 1444 915 sein
1472 849 1617 909 wollen
1707 840 1843 900 haben

739 958 863 1018 Mech.
898 948 978 1008 vnd
1022 940 1155 1000 oberen
1181 930 1349 990 Sund
1367 923 1420 983 2.
1464 919 1543 979 So
1570 914 1658 974 viel
1711 907 1817 967 die

748 1022 964 1082 defension
1013 1008 1101 1068 und
1125 999 1294 1059 Atzungs
1334 989 1463 1049 kosten
1527 979 1615 1039 der
1656 969 1824 1029 übrigen

736 1097 876 1157 Alhier
928 1080 1129 1140 gefangen
1208 1063 1461 1123 belesenen
1487 1041 1810 1101 suspiranten

750 1171 936 1231 bestifft
962 1156 1109 1216 selbige
1148 1143 1255 1203 auß
1281 1131 1481 1191 gnaden
1494 1117 1613 1177 über
1680 1101 1760 1161 sich

753 1235 869 1295 nemen
911 1224 1122 1284 wollen,
1132 1217 1238 1277 So
1259 1210 1364 1270 daß
1396 1202 1491 1262 H.
1491 1183 1775 1243 Großlbe

745 1301 940 1361 dieselben
972 1289 1210 1349 Gleichwie
1253 1277 1350 1337 auch
1372 1270 1469 1330 der
1512 1260 1588 1320 H.
1609 1239 1912 1299 Guhtschreiber

757 1373 847 1433 die
869 1363 1095 1423 samblichen
1117 1351 1332 1411 procedur
1343 1338 1478 1398 kosten
1523 1322 1670 1382 Muls
1704 1302 1873 1362 usu¬

762 1445 882 1505 gehen
941 1434 1061 1494 haben
1110 1423 1299 1483 sollen,
1309 1412 1418 1472 und
1448 1402 1558 1462 zwar
1587 1392 1627 1452 in
1687 1378 1786 1438 dem

762 1513 1007 1573 gestand,
1020 1499 1129 1559 daß
1156 1494 1183 1554 in
1211 1487 1455 1547 bedeuten
1496 1473 1578 1533 von
1605 1452 1836 1512 Obtreits

767 1589 883 1649 bigen
970 1575 1072 1635 nicht
1101 1568 1159 1628 so
1188 1561 1304 1621 vile
1333 1553 1420 1613 als
1449 1542 1580 1602 sonsten
1624 1525 1754 1585 bezahlt
1827 1497 1943 1557 wid¬

774 1667 818 1727 M.
920 1653 1023 1713 St.
920 1657 920 1717 P.
1023 1639 1286 1699 sollen
1023 1649 1023 1709 d.
1330 1619 1505 1679 Publ.
1549 1589 1827 1649 Muthsamen

777 1735 843 1795 ret,
991 1716 1106 1776 ihrer
1156 1697 1435 1757 bereitig
1485 1673 1715 1733 gehabten
1715 1651 1814 1711 Raht

783 1796 905 1856 meinen
949 1786 1183 1846 Machtbalt
1250 1770 1339 1830 bey
1372 1757 1528 1817 eingab
1572 1740 1683 1800 ihrer
1717 1720 1917 1780 Rechnungen

778 1864 855 1924 die
875 1857 1039 1917 billiche
1048 1841 1386 1901 Consideration
1444 1822 1482 1882 zu
1531 1805 1714 1865 tragen.

780 1981 912 2041 Seel
949 1977 1009 2037 an
1045 1971 1190 2031 Mehl.
1226 1959 1468 2019 etc.
1480 1947 1637 2007 wie
1685 1935 1830 1995 dieser

792 2056 985 2116 Meckels
994 2045 1233 2105 berichten,
1252 2033 1335 2093 be¬

774 2168 891 2228 Edel
922 2164 986 2224 den
1039 2159 1113 2219 H.
1134 2150 1399 2210 Großlebe
1452 2137 1536 2197 und
1557 2130 1610 2190 H.
1642 2114 1928 2174 Gerichtschreiber

789 2234 873 2294 Sie
896 2231 1034 2291 deßen
1080 2225 1188 2285 auch
1211 2212 1548 2272 verständigen,
1563 2195 1655 2255 umb
1678 2181 1877 2241 demnach

792 2296 881 2356 ihre
925 2289 1200 2349 beidseitigen
1218 2273 1573 2333 Unforderungen
1626 2254 1715 2314 von
1750 2243 1919 2303 Mulli¬

798 2365 847 2425 2.
847 2364 886 2424 R.
916 2361 965 2421 W.
984 2358 1013 2418 S.
1043 2350 1277 2410 einzugeben
1326 2339 1405 2399 und
1434 2331 1542 2391 dero
1600 2310 1884 2370 Verordnung

798 2431 844 2491 zu
883 2425 1122 2485 erwarten,
1129 2418 1199 2478 da
1253 2408 1453 2468 übrigens
1499 2398 1561 2458 sie
1576 2392 1668 2452 die
1691 2379 1953 2439 inventaria

799 2497 885 2557 deß
933 2490 1125 2550 Werniren
1154 2485 1240 2545 und
1250 2479 1423 2539 Püters
1451 2463 1787 2523 Verlaßenschafft

795 2564 885 2624 den
915 2558 1065 2618 Vogten
1075 2551 1274 2611 zustellen
1294 2542 1504 2602 werden.

3388 452 3460 512 123

2976 561 3072 621 von
3100 554 3301 614 Mahl.
3301 553 3387 613 Alt

2256 597 2389 657 Redie
2413 587 2522 647 H.
2558 577 2703 637 Mullus
2764 563 2897 623 cons.

2276 669 2373 729 von
2439 650 2642 710 Stulen
2675 638 2748 698 von
2772 630 2943 690 Wangen
3033 621 3131 681 seye,
3163 615 3220 675 hatt
3277 608 3367 668 der

2280 734 2436 794 anzug
2477 715 2695 775 beschehen,
2726 703 2799 763 bis
2861 696 2955 756 für
2986 680 3329 740 ohnwahrhafft
3370 655 3474 715 und

2291 794 2551 854 nachtheilige
2609 772 2811 832 berichten
2888 756 3004 816 der
3061 742 3244 802 Zeitung
3283 728 3350 788 von

2289 870 2509 930 Christian
2525 848 2730 908 Ehrlang
2745 829 2966 889 inserirt
3028 806 3264 866 worden,
3264 781 3532 841 derenthal¬

2298 941 2450 1001 nötig
2488 922 2621 982 undt,
2678 907 2773 967 daß
2792 897 2887 957 das
2944 874 3267 934 endtliche
3324 848 3400 908 zu¬

2287 998 2567 1058 furderung
2595 978 2679 1038 deß
2721 964 2931 1024 auffern
2973 947 3057 1007 an
3085 933 3253 993 dasit

2291 1071 2565 1131 Regierung
2602 1044 2840 1104 gescheden
2840 1023 3060 1083 burdt,
3060 1005 3206 1065 noch
3224 989 3316 1049 und

2301 1149 2447 1209 Mhhl.
2520 1133 2538 1193 die
2629 1112 2866 1172 passus
2884 1097 2921 1157 ad
2939 1088 3066 1148 notam
3176 1066 3231 1126 zu
3231 1054 3376 1114 ver¬

2302 1209 2542 1269 befohlen,
2562 1195 2623 1255 als
2683 1178 2843 1238 baldt
2863 1165 2924 1225 1.
2924 1152 3104 1212 Mag.
3124 1133 3245 1193 Gott
3305 1110 3445 1170 sel¬

2301 1273 2598 1333 zugesanten,
2616 1249 2801 1309 selbigen
2801 1235 2913 1295 auch
2913 1219 3098 1279 angsten
3172 1193 3283 1253 Re¬

2310 1351 2456 1411 Mhanne
2846 1266 3480 1326 ge¬

2315 1423 2369 1483 pon
2477 1402 2518 1462 zu
2531 1388 2693 1448 laßen

2413 1538 2678 1598 Montag
2702 1527 2750 1587 den
2762 1524 2799 1584 15.
2823 1521 2943 1581 Sept.
2956 1514 3112 1574 1719.

2613 1602 2761 1662 coram
2813 1597 2932 1657 200.

2282 1726 2591 1786 Nachdehme
2591 1719 2663 1779 vor
2663 1715 2787 1775 Mag.
2839 1711 2901 1771 vnd
2911 1710 2952 1770 D.
2952 1708 3066 1768 Vnnd
3086 1706 3127 1766 G.
3148 1705 3251 1765 diesen
3272 1705 3416 1765 morgen
3437 1705 3519 1765 auch

2293 1805 2385 1865 zur
2402 1798 2603 1858 tractation
2629 1792 2805 1852 gelanget,
2813 1789 2880 1849 das
2889 1787 3099 1847 gutachten
3115 1787 3292 1847 Mechshl.
3308 1789 3359 1849 der
3359 1790 3535 1850 Geheimen

2307 1873 2482 1933 Rahten,
2506 1865 2672 1925 ansehend
2696 1861 2743 1921 die
2759 1858 3029 1918 proclamirte
3052 1858 3362 1918 Conspiranten,
3377 1861 3417 1921 an
3441 1861 3536 1921 bei¬

2317 1943 2425 2003 vnd
2443 1941 2505 2001 sie
2514 1938 2675 1998 nemlich
2693 1935 2871 1995 Ihrethalb
2898 1933 2934 1993 zu
2952 1933 3113 1993 schreiben
3131 1931 3211 1991 seyn
3247 1931 3381 1991 wolle,
3390 1931 3533 1991 habend

2311 2015 2539 2075 Hochgedacht
2558 2010 2624 2070 Ihr
2634 2008 2681 2068 gl.
2700 2006 2776 2066 nach
2776 2004 2881 2064 deßen
2909 2000 3118 2060 Verlesung
3137 1999 3213 2059 und
3232 1997 3394 2057 darüber
3403 1994 3555 2054 gehalte¬

2293 2094 2373 2154 nen
2403 2088 2583 2148 Unfrage
2603 2083 2643 2143 an
2663 2079 2822 2139 folgende
2842 2075 2952 2135 Lobl.
2972 2072 3082 2132 Stand
3102 2070 3171 2130 und
3191 2069 3251 2129 ohrt
3271 2068 3321 2128 zu
3341 2068 3491 2128 schreiben

2320 2159 2476 2219 erben,
2492 2148 2639 2208 nemlich

2349 2246 2427 2306 Wie
2457 2240 2506 2300 die
2525 2236 2623 2296 Löbl.
2623 2232 2711 2292 Eydt
2740 2228 2799 2288 gehen
2799 2224 2935 2284 1.
2935 2221 3043 2281 Ohrt
3043 2219 3160 2279 und
3179 2215 3424 2275 zugekandte,
3443 2213 3502 2273 alß

2336 2315 2407 2375 Ihr
2407 2309 2477 2369 abt
2493 2305 2556 2365 und
2564 2300 2658 2360 Stadt
2689 2296 2744 2356 H.
2752 2292 2901 2352 Hallen,
2924 2289 3034 2349 viel,
3050 2288 3120 2348 den
3159 2287 3207 2347 an
3222 2287 3285 2347 die
3301 2285 3575 2345 Benachbahrten

2338 2375 2418 2435 und
2434 2366 2732 2426 Verbündeten,
2756 2359 2933 2419 Wolles,
2949 2356 3159 2416 fünden,
3183 2356 3312 2416 druff,
3336 2356 3545 2416 Neulenburg

2307 2443 2448 2503 Erstl.
2457 2432 2557 2492 Raht
2573 2426 2640 2486 und
2665 2422 2773 2482 Stadt,
2798 2418 2956 2478 Neuen
2956 2417 3039 2477 Stadt
3081 2417 3147 2477 und
3164 2417 3189 2477 H.
3206 2417 3364 2477 Bischoff
3380 2418 3414 2478 von
3430 2419 3572 2479 Gesell¬

3428 2459 3542 2519 Sep.

2278 2537 2388 2597 Tit.

2335 2597 2435 2657 So
2435 2594 2510 2654 beß
2526 2590 2701 2650 bekanter
2718 2587 2843 2647 maßen
2884 2586 2943 2646 die
2959 2585 3076 2645 wider
3093 2587 3276 2647 Unseren
3301 2588 3426 2648 Stand
3442 2590 3509 2650 und

2309 2662 2444 2722 hiesige
2444 2657 2685 2717 Regierung
2695 2654 2810 2714 durch
2820 2653 2964 2713 Gottes
2984 2653 3138 2713 gnädige
3138 2653 3321 2713 leitung
3340 2651 3408 2711 vor
3417 2651 3485 2711 dem
