4032 3024
337 352 361 412 G.

517 455 610 515 se
672 455 734 515 dan
785 458 930 518 beider
961 461 1012 521 H.
1043 469 1415 529 Registratoren
1467 482 1539 542 deß
1580 492 1807 552 Golbs¬

505 511 578 571 vnd
632 512 714 572 der
723 519 942 579 Cantzley
997 530 1115 590 Sep¬

1148 541 1232 601 ,
1262 542 1400 602 dem
1476 551 1643 611 bericht
1697 557 1788 617 nach

516 568 630 628 soll
670 576 841 636 Zeuge
866 590 1249 650 Declaration,
1273 603 1444 663 welche
1485 613 1721 673 Meghl.
1745 620 1827 680 un¬

516 637 773 697 Hennern,
828 648 1092 708 als
1131 654 1201 714 der
1248 661 1482 721 Michele
1528 672 1746 732 Suhret

501 694 619 754 von
644 701 855 761 Arburg
898 709 1058 769 wider
1109 716 1311 776 Allhir
1353 727 1615 787 gebracht
1666 741 1843 801 worden,

500 763 864 823 Originaliter
936 771 1027 831 und
1064 775 1164 835 von
1218 783 1482 843 demselben
1546 801 1819 861 eigenhändig

501 824 841 884 vnderschriben
920 837 1216 897 vorhanden
1286 849 1408 909 seyn,
1451 862 1756 922 welche

495 892 613 952 auch
672 895 751 955 H.
780 898 938 958 Anthe
987 909 1400 969 Wurstenberger
1439 924 1636 984 gestehen
1715 935 1783 995 zu¬

490 959 637 1019 haben
711 963 933 1023 Gemans
982 973 1228 1033 bedeutet,

1262 988 1440 1048 die
1518 989 1663 1049 nun,
1685 992 1763 1052 was

499 1025 527 1085 in
594 1027 878 1087 Spruch
906 1032 1010 1092 buch
1076 1037 1190 1097 sub
1199 1041 1266 1101 11.
1294 1046 1445 1106 Jan.
1474 1051 1748 1111 gemelten

486 1092 684 1152 Jahrs
741 1094 1138 1154 eingeschriben,
1166 1101 1280 1161 nur
1308 1105 1431 1165 das
1450 1106 1591 1166 jenige
1639 1108 1695 1168 in

489 1152 579 1212 sich
629 1159 879 1219 haltett,
889 1165 1029 1225 was
1069 1168 1149 1228 er
1189 1170 1259 1230 der
1269 1173 1459 1233 Michel
1539 1177 1619 1237 nit
1649 1180 1829 1240 signiren

476 1222 700 1282 wollen,
724 1227 852 1287 und
900 1231 1027 1291 aber
1091 1236 1283 1296 daran
1347 1242 1674 1302 belegen,
1682 1244 1762 1304 die

492 1288 789 1348 nachgehends
845 1295 1050 1355 anderst
1105 1300 1366 1360 verfaßte
1431 1303 1524 1363 von
1570 1306 1710 1366 ihme

498 1357 740 1417 signirte
790 1363 901 1423 schrifft
992 1367 1143 1427 selbst
1173 1369 1284 1429 by
1315 1370 1416 1430 der
1436 1370 1557 1430 stell
1597 1372 1637 1432 zu
1658 1372 1839 1432 haben.

495 1426 603 1486 Als
657 1429 797 1489 werde
861 1431 1012 1491 Ihnen
1077 1433 1163 1493 den
1163 1435 1260 1495 H.
1281 1436 1733 1496 Registratoren

474 1493 868 1553 anbefohlen,
877 1498 1008 1558 sich
1078 1499 1253 1559 deßen
1323 1498 1385 1558 zu
1402 1495 1761 1555 erkündigen

468 1549 576 1609 und
631 1554 816 1614 dieser
894 1556 1056 1616 letzte
1095 1556 1504 1616 declaration
1559 1556 1775 1616 hirvor¬

477 1615 697 1675 bringer
757 1618 837 1678 zu
877 1621 1187 1681 strachten,
1197 1622 1377 1682 sodan
1477 1617 1757 1677 Mhghl.

475 1681 519 1741 et
541 1681 797 1741 cons.
852 1684 919 1744 zu
952 1687 1141 1747 handen
1219 1693 1464 1753 Ehegel
1530 1689 1586 1749 zu
1619 1681 1786 1741 über¬

460 1746 603 1806 geben

470 1941 587 2001 des
640 1946 745 2006 an
758 1951 1033 2011 Mhhl.
1072 1951 1150 2011 die
1190 1947 1583 2007 Examinatores,
1635 1935 1792 1995 weilen

465 2007 586 2067 auf
626 2012 717 2072 die
737 2017 1070 2077 occasione
1111 2020 1182 2080 deß
1222 2017 1484 2077 Stadtken
1565 2007 1757 2067 Guters

460 2075 772 2135 gefänglich
808 2089 1132 2149 eingezogene
1156 2090 1300 2150 Zwey
1348 2084 1588 2144 soldaten,
1624 2070 1780 2130 nahmen

469 2146 609 2206 Gloch
644 2150 726 2210 und
737 2155 1098 2215 Marthaler,
1122 2161 1262 2221 denen
1296 2158 1413 2218 der
1413 2151 1681 2211 Inquisitor

466 2223 540 2283 im
589 2219 787 2279 Korpe
811 2220 898 2280 de
910 2224 1120 2284 Garde
1182 2227 1280 2287 von
1305 2226 1552 2286 etlichen
1601 2216 1761 2276 sachen

467 2291 830 2351 gesprochen,
841 2293 958 2353 und
990 2293 1097 2353 dem
1129 2294 1289 2354 Einen
1342 2293 1641 2353 Romission
1683 2286 1822 2346 Geben

450 2364 616 2424 sowohl
678 2362 750 2422 mit
802 2362 926 2422 dem
978 2365 1310 2425 Freyteibel
1372 2368 1589 2428 Gulter
1651 2362 1745 2422 abzu¬

457 2436 511 2496 mit
556 2434 783 2494 Jungen
837 2437 1073 2497 Gesellen
1145 2438 1227 2498 wan
1272 2438 1390 2498 deme
1426 2434 1562 2494 weiß
1571 2428 1689 2488 gelt
1716 2420 1779 2480 zu¬

447 2501 678 2561 reden,
710 2500 868 2560 nicht
920 2502 1004 2562 so
1004 2503 1120 2563 viel
1173 2507 1383 2567 heraus
1383 2505 1593 2565 komen,
1625 2496 1719 2556 das

444 2581 672 2641 Mnghl.
707 2579 855 2639 anlas
878 2581 1038 2641 geben
1095 2584 1243 2644 könte,
1278 2585 1415 2645 diese
1426 2583 1495 2643 2.
1517 2576 1757 2636 Tochter

3309 437 3353 497 33.

2092 516 2164 576 deß
2218 505 2481 565 Comploto
2518 510 2572 570 zu
2599 518 2853 578 subionieren

2916 529 3102 589 der
3124 529 3398 589 Ehrentrübel

2081 578 2215 638 selbst
2255 572 2381 632 dann
2459 574 2578 634 auch
2633 581 2759 641 nichts
2822 590 3050 650 wiedriges
3105 592 3341 652 deponirt

2087 653 2179 713 vnd
2216 643 2354 703 beide
2391 640 2621 700 derblich
2676 645 2759 705 und
2796 653 3100 713 Marthaler
3137 658 3220 718 Ihr
3229 654 3358 714 gel¬

2074 725 2179 785 als
2207 708 2502 768 ohnschuldig
2540 706 2807 766 vorkommen

3056 718 3250 778 habens
3273 711 3347 771 sie

2067 786 2313 846 dieselben
2366 773 2436 833 deß
2480 770 2726 830 verhafft
2814 773 2972 833 hiemit
3025 773 3078 833 zu
3113 771 3385 831 liberiren

2084 849 2430 909 gutfunden,
2440 839 2569 899 und
2608 838 2766 898 Ihnen
2816 836 3112 896 Muhlohl,
3142 829 3310 889 davon

2077 938 2244 998 parte
2272 922 2440 982 geben
2505 908 2728 968 wollen,
2747 905 2905 965 nebst
2933 901 3286 961 überlaßen,
3305 895 3379 955 den

2074 1001 2274 1061 einen,
2295 993 2417 1053 wie
2467 988 2538 1048 den
2574 983 2789 1043 Anderen
2867 978 2939 1038 zu
2967 971 3282 1031 dimittieren

2084 1071 2311 1131 Jedoch
2361 1057 2449 1117 auß
2509 1053 2686 1113 Glübd
2696 1051 2844 1111 hin,
2844 1048 2982 1108 daß
3021 1042 3110 1102 sie
3150 1032 3258 1092 sich

2086 1145 2158 1205 mit
2203 1136 2293 1196 von
2329 1127 2500 1187 hause
2536 1120 2680 1180 wegen
2743 1113 3004 1173 begeben,
3022 1102 3274 1162 sondern

2078 1214 2178 1274 auß
2253 1207 2421 1267 erstes
2479 1195 2872 1255 erforderen,
2881 1186 3006 1246 und
3039 1180 3081 1240 so
3115 1171 3374 1231 offtman

2064 1291 2138 1351 es
2185 1287 2259 1347 an
2315 1281 2380 1341 sie
2445 1272 2724 1332 begehrte,
2743 1262 2864 1322 vor
2883 1256 2976 1316 dem
3031 1243 3273 1303 Richter

2076 1355 2271 1415 stellen
2337 1347 2532 1407 wollin

2251 1482 2582 1542 Mitwoche
2640 1476 2683 1536 den
2740 1474 2827 1534 4ten
2841 1471 2928 1531 July
3000 1462 3158 1522 119

2463 1573 2637 1633 torum
2703 1564 2753 1624 200

2086 1723 2281 1783 Seel.
2317 1719 2366 1779 Hn.
2415 1715 2573 1775 Michel,
2610 1708 2671 1768 die
2671 1701 2902 1761 bethenden
2926 1693 3097 1753 Staht,
3109 1687 3268 1747 Nach

2095 1795 2370 1855 angehörtem
2421 1788 2533 1848 ihrem
2574 1782 2757 1842 Mhghl.
2778 1772 3002 1832 zuachten
3053 1757 3186 1817 Settin

2072 1870 2225 1930 Jenige
2270 1866 2306 1926 in
2342 1863 2432 1923 dem
2468 1856 2666 1916 bekant
2684 1846 2874 1906 leidigen
2928 1827 3315 1887 Conspiration¬

2075 1956 2271 2016 geschafft
2312 1939 2591 1999 implicieret
2612 1923 2849 1983 complices
2901 1909 3056 1969 Beicht
3097 1899 3201 1959 von
3221 1891 3335 1951 ihrer

2087 2028 2374 2088 händigung
2402 2009 2764 2069 außgelahen,
2792 1995 2875 2055 und
2894 1981 3190 2041 benantlichen

2084 2105 2251 2165 Gabriel
2281 2097 2438 2157 Guter
2477 2084 2723 2144 Goldschund
2742 2071 2909 2131 Puter,
2939 2054 3213 2114 Rahttoldt
3263 2037 3380 2097 nuhn

3091 2083 3266 2143 Fridrich

2101 2187 2370 2247 Chirurgus
2403 2173 2616 2233 Marien
2695 2149 2930 2209 Goldschmid
2953 2131 3087 2191 hg.
3121 2123 3143 2183 G.

2094 2267 2283 2327 Scheutter
2304 2260 2410 2320 deß
2441 2245 2725 2305 Eheweibels
2736 2227 2831 2287 Sohn
2862 2217 2957 2277 und
2978 2202 3262 2262 judicio

2091 2348 2325 2408 Vetter,
2335 2335 2457 2395 das
2488 2321 2702 2381 nemlichen
2753 2299 2977 2359 derselben
3048 2283 3150 2343 halb
3170 2275 3364 2335 vorzu¬

2089 2428 2265 2488 lehren
2316 2419 2389 2479 sein
2430 2408 2596 2468 wolle,
2627 2398 2689 2458 es
2710 2389 2803 2449 seyn
2844 2381 2906 2441 mit
2958 2372 3082 2432 deren
3113 2362 3320 2422 Citation

2097 2511 2182 2571 der
2214 2504 2342 2564 aber
2374 2498 2395 2558 in
2427 2488 2618 2548 diebung
2661 2474 2778 2534 einer
2810 2465 2916 2525 Sum
2969 2456 3129 2516 Gelts
3129 2452 3214 2512 auf
3256 2449 3331 2509 ihre

2071 2591 2215 2651 Götl.
2311 2575 2527 2635 Habend
2551 2560 2635 2620 Mell
2731 2548 2815 2608 und
2839 2540 2995 2600 Oberen
3043 2534 3115 2594 H.
3127 2531 3211 2591 und
3223 2531 3307 2591 G.

3439 620 3458 680 in
