4032 3024
526 534 614 594 28

675 611 792 671 daß
813 598 888 658 solches
919 586 1026 646 Anderen
1079 569 1238 629 Nahmen
1270 558 1419 618 Mich,
1451 553 1610 613 nemlich
1610 553 1706 613 wir
1716 561 1886 621 Schultzen

709 679 787 739 kein
826 669 884 729 und
903 660 1010 720 große
1010 652 1098 712 Raht
1117 644 1185 704 der
1195 639 1272 699 Stadt
1292 633 1428 693 Hern,
1447 629 1486 689 wie
1505 629 1583 689 der
1593 636 1932 696 propetenthalter

710 739 931 799 aufgegeben,
942 730 1008 790 und
1019 725 1086 785 zum
1119 717 1196 777 drub
1229 707 1451 767 beförderet,
1462 703 1528 763 dabei
1572 704 1650 764 aber
1672 708 1749 768 noch
1749 720 1915 780 demselben

722 813 835 873 zuvor
848 808 873 868 ein
898 803 973 863 und
973 797 1086 857 anders
1124 788 1337 848 beygefuegt,
1349 782 1550 842 anderseits
1563 782 1638 842 aber
1663 787 1788 847 hingegen
1826 798 1901 858 Her¬

711 888 780 948 ehe
810 883 898 943 darin
918 878 977 938 sich
987 870 1164 930 befindliche
1193 862 1351 922 anstoßig
1380 857 1489 917 stellen
1508 859 1764 919 heraußgethan
1803 873 1912 933 werden

1009 937 1083 997 Alß
1098 932 1366 992 benantlichen
1380 929 1477 989 haben
1514 930 1663 990 Mahl,
1670 934 1737 994 und
1759 939 1789 999 O.
1811 944 1915 1004 disem

729 955 841 1015 sollen,

712 1035 908 1095 verfasten
937 1024 1103 1084 project
1103 1020 1289 1080 impressi
1299 1018 1397 1078 anoch
1426 1019 1641 1079 beygefüegen
1661 1021 1778 1081 Erben

704 1147 738 1207 1.
781 1138 884 1198 daß
901 1133 961 1193 der
969 1126 1200 1186 Lieutenant,
1218 1123 1355 1183 furter
1363 1121 1432 1181 sich
1449 1122 1500 1182 dem
1526 1124 1740 1184 Oberkeiten
1757 1131 1885 1191 befelch

734 1209 796 1269 mit
813 1204 980 1264 belehrter
997 1201 1076 1261 hand
1094 1197 1269 1257 widersetzt,
1269 1196 1348 1256 und
1357 1196 1453 1256 wider
1453 1196 1515 1256 dem
1524 1198 1568 1258 H.
1594 1202 1778 1262 officialen
1796 1210 1953 1270 verblich

742 1275 949 1335 loßgeben.

708 1380 759 1440 2.
779 1372 891 1432 solle
901 1367 983 1427 auch
993 1362 1166 1422 beygefuegt
1196 1360 1359 1420 werden,
1380 1360 1451 1420 seine
1482 1361 1543 1421 deß
1563 1363 1695 1423 liect:
1706 1366 1879 1426 Fueters

764 1451 883 1511 gethane
922 1444 1119 1504 freywillige
1119 1442 1355 1502 Erklährung,
1375 1442 1543 1502 vordurch
1562 1444 1592 1504 Er
1592 1445 1661 1505 alß
1690 1448 1740 1508 ein
1749 1452 1858 1512 glück
1858 1456 1917 1516 ge¬

759 1524 908 1584 rachtet,
908 1522 983 1582 daß
1002 1519 1058 1579 der
1067 1519 1226 1579 anschlag
1244 1519 1282 1579 nit
1319 1519 1385 1579 zur
1394 1520 1599 1580 Execution
1627 1527 1805 1587 gelanget,
1833 1533 1945 1593 sonsten

762 1597 817 1657 Er
817 1596 872 1656 an
890 1594 1000 1654 seiner
1019 1593 1138 1653 Seelen
1165 1592 1331 1652 seligkeit
1367 1592 1468 1652 hätte
1468 1594 1679 1654 verzeihen
1725 1603 1918 1663 mueßen,

647 1729 750 1789 5.
785 1723 900 1783 daß
911 1719 980 1779 die
991 1716 1244 1776 properanten
1267 1714 1359 1774 noch
1370 1714 1439 1774 eine
1462 1716 1600 1776 general
1623 1722 1910 1782 versamlung

781 1800 915 1860 halten,
939 1796 1001 1856 und
1033 1792 1127 1852 einen
1143 1790 1355 1850 Dictationem
1379 1789 1551 1849 erhehlen
1575 1790 1732 1850 wollen.

777 1917 951 1977 hingegen
988 1914 1070 1974 aber
1079 1913 1171 1973 haben
1217 1913 1400 1973 Muhl.
1400 1913 1483 1973 und
1501 1913 1538 1973 D.
1556 1913 1611 1973 in
1620 1913 1694 1973 dem
1739 1912 1904 1972 project

766 1999 869 2059 durch
869 1993 1047 2053 gestreiten
1066 1990 1123 2050 und
1132 1988 1329 2048 außgelaßen
1357 1988 1554 2048 befohlen.

694 2101 776 2161 B.
807 2094 869 2154 die
880 2089 973 2149 Stell
993 2084 1097 2144 davon
1117 2081 1169 2141 dem
1200 2080 1406 2140 scheinbaren
1437 2081 1623 2141 Vorland
1623 2083 1809 2143 alwalten
1840 2088 1975 2148 consti¬

790 2157 984 2217 Actionen
1007 2153 1104 2213 geredt
1119 2152 1239 2212 wird.

723 2246 831 2306 2.
840 2243 921 2303 die
930 2239 1046 2299 Stelle,
1064 2237 1127 2297 daß
1136 2236 1199 2296 die
1217 2234 1468 2294 Underthanen
1486 2234 1558 2294 die
1576 2235 1917 2295 bekantmachung

794 2318 914 2378 diser
914 2315 1186 2375 Vergangenheit
1207 2316 1448 2376 gelensehet.

728 2407 800 2467 3.
827 2407 863 2467 Ist
899 2405 961 2465 auch
979 2402 1212 2462 außgelaßen,
1230 2401 1284 2461 die
1284 2399 1517 2459 Erepression
1544 2399 1571 2459 so
1571 2400 1615 2460 zu
1624 2401 1705 2461 vnd
1714 2404 1812 2464 dieses
1821 2410 1983 2470 impres¬

761 2473 827 2533 nie
844 2473 1075 2533 eingefloßen,
1092 2473 1241 2533 sonder
1249 2473 1340 2533 auch
1357 2474 1481 2534 selbst
1506 2475 1556 2535 die
1572 2480 1812 2540 abgeneigte
1821 2489 1920 2549 und

794 2542 965 2602 abgerete
983 2540 1236 2600 Mittburger
1236 2543 1327 2603 und
1336 2548 1670 2608 Underthanen,

772 2642 967 2702 Endlichen
993 2641 1077 2701 wird
1094 2641 1128 2701 H.
1171 2638 1417 2698 Großleibell
1425 2636 1510 2696 und
1518 2638 1552 2698 H.
1586 2645 1892 2705 Gerichtschreiben

776 2703 861 2763 bey
889 2702 1143 2762 verfertigung
1171 2699 1237 2759 deß
1256 2699 1501 2759 manifests
1510 2699 1567 2759 die
1586 2706 1821 2766 attention
1840 2721 1953 2781 machen

3379 459 3443 519 29

2285 604 2390 664 daß
2414 598 2507 658 darin
2519 594 2600 654 kein
2624 589 2822 649 Expression
2846 587 2881 647 zu
2892 586 3091 646 gebrauchen
3091 587 3161 647 die
3184 588 3243 648 eben
3313 591 3371 651 der
3383 595 3464 655 cri¬

2270 687 2350 747 tie
2350 682 2420 742 und
2439 673 2698 733 Verdrohung
2718 672 2837 732 könten
2877 673 2966 733 und
2976 674 3175 734 erbersten
3195 674 3314 734 seyn,
3314 673 3364 733 in

2290 765 2383 825 All
2400 760 2543 820 übrigen
2585 756 2669 816 aber
2695 754 2762 814 soll
2779 754 2838 814 der
2855 754 3007 814 Auffsatz
3024 754 3116 814 dieses
3133 756 3268 816 imprei
3319 758 3496 818 verbleiben

2293 842 2373 902 wie
2382 839 2418 899 Er
2418 835 2542 895 verfast
2586 831 2640 891 sich
2648 829 2808 889 befindt,
2817 827 2977 887 Außer
2986 829 3066 889 daß
3075 829 3172 889 Muth
3243 832 3314 892 und
3314 833 3359 893 S.
3376 835 3465 895 nach

2286 912 2349 972 gut
2376 907 2572 967 befunden,
2581 903 2652 963 daß
2661 901 2714 961 an
2741 900 2848 960 einem
2893 899 3071 959 bequemen
3106 901 3178 961 ohrt
3187 902 3276 962 darin
3311 907 3445 967 Ahndung

2302 980 2427 1040 gethan
2452 975 2552 1035 werde,
2577 972 2669 1032 dero
2669 970 2769 1030 quad
2794 968 2861 1028 daß
2878 968 2953 1028 wie
2953 967 3028 1027 das
3045 968 3303 1028 confrocation
3328 970 3437 1030 Recht¬

2308 1056 2378 1116 nit
2401 1053 2595 1113 außleben,
2618 1049 2704 1109 noch
2704 1048 2820 1108 einiche
2843 1047 2936 1107 Costen
2975 1046 3060 1106 denen
3084 1049 3363 1109 propiranten
3378 1057 3502 1117 bezahlen

2318 1135 2445 1195 machen
2477 1127 2620 1187 wollen.

2299 1263 2433 1323 Was
2442 1254 2499 1314 dan
2518 1250 2671 1310 lestlichen
2709 1246 2766 1306 die
2766 1246 2824 1306 zu
2824 1246 3034 1306 trubenden
3062 1249 3215 1309 Urthelen,
3243 1252 3367 1312 darauf
3387 1252 3463 1312 des

2306 1339 2538 1399 Impresum
2580 1330 2644 1390 sich
2654 1329 2675 1389 zu
2697 1327 2770 1387 vnd
2792 1325 2939 1385 beziehet,
2939 1325 3108 1385 betrifft,
3140 1324 3171 1384 so
3182 1324 3224 1384 ist
3245 1324 3435 1384 derenthalb

2321 1424 2476 1484 Meghl.
2501 1415 2579 1475 und
2579 1412 2622 1472 G.
2647 1408 2733 1468 will
2750 1405 2828 1465 und
2845 1403 3042 1463 Meinung,
3068 1402 3137 1462 daß
3163 1402 3257 1462 diesem
3291 1402 3506 1462 manifest

2323 1501 2428 1561 zu
2450 1494 2492 1554 vnd
2513 1486 2682 1546 deßelben
2692 1480 2798 1540 sollen
2829 1478 3072 1538 beygedruckt
3072 1478 3240 1538 werden,
3251 1478 3293 1538 die
3293 1480 3483 1540 Urthelen¬

2329 1572 2479 1632 aller
2498 1566 2686 1626 derjenigen,
2714 1562 2808 1622 welche
2836 1559 2892 1619 de
2911 1558 3014 1618 facto
3024 1558 3287 1618 hingerichtet,
3306 1561 3371 1621 und
3390 1563 3428 1623 in
3456 1567 3531 1627 offi¬

2320 1646 2400 1706 die
2420 1640 2648 1700 exequiret,
2658 1635 2728 1695 wie
2738 1633 2827 1693 auch
2847 1631 2976 1691 deren,
3006 1630 3046 1690 die
3076 1630 3165 1690 auch
3175 1630 3284 1690 eigen
3294 1633 3483 1693 paniciert

2330 1715 2491 1775 worden.

2341 1821 2506 1881 Jedel
2524 1817 2567 1877 an
2576 1815 2628 1875 H.
2646 1810 2880 1870 Großleibel
2906 1807 3002 1867 und
3002 1805 3054 1865 H.
3080 1805 3419 1865 Richtschreiber,
3428 1810 3498 1870 Sie

2337 1898 2442 1958 deßen
2475 1890 2630 1950 Alleßen
2654 1882 2841 1942 berichten,
2866 1879 2939 1939 mit
2955 1879 3208 1939 überlaßen,
3216 1882 3452 1942 nunmehro
3452 1887 3533 1947 so¬

2341 1971 2503 2031 thanes
2521 1963 2754 2023 impressum
2808 1958 2906 2018 nach
2924 1957 2978 2017 dem
3014 1958 3309 2018 hochvberheitt,
3327 1963 3507 2023 Intent

2353 2051 2461 2111 weilen
2488 2048 2578 2108 ohne
2605 2047 2659 2107 dem
2686 2045 2758 2105 der
2767 2044 2848 2104 H.
2848 2044 2984 2104 Gericht
3002 2044 3173 2104 Schreiber
3191 2044 3245 2104 von
3254 2047 3416 2107 anfang
3425 2050 3533 2110 damit

2355 2128 2528 2188 bemühet
2545 2126 2718 2186 gelesen,
2727 2126 2813 2186 und
2831 2126 2926 2186 diesen
2952 2128 3098 2188 aufsatz
3107 2129 3297 2189 verfaßet,
3315 2133 3565 2193 eingerichten,

2358 2202 2539 2262 Selbigen
2569 2198 2636 2258 dan
2644 2198 2734 2258 nach
2757 2199 2877 2259 obiger
2885 2200 3133 2260 Instruction
3155 2203 3246 2263 ohne
3261 2203 3434 2263 jehdenoch
3449 2201 3494 2261 an
3509 2200 3554 2260 die¬

2366 2275 2581 2335 außdrüber
2629 2270 2796 2330 besagter
2808 2272 3035 2332 anleitung
3059 2276 3214 2336 gebunden
3250 2278 3274 2338 zu
3286 2281 3489 2341 seyn,

2347 2375 2564 2435 Inmaßen
2591 2373 2669 2433 Ihr
2677 2372 2730 2432 gl.
2730 2371 2947 2431 zutrauben
2973 2371 3190 2431 allerdings
3207 2372 3242 2432 in
3268 2373 3399 2433 Eüber
3433 2376 3581 2436 Dente¬

2367 2449 2495 2509 ritet
2522 2447 2595 2507 und
2613 2446 2796 2506 judicium
2860 2446 2960 2506 gesetzt
2979 2446 3070 2506 ist,
3079 2446 3189 2506 vor
3189 2447 3262 2507 dem
3289 2450 3408 2510 drub
3426 2456 3563 2516 Magen

2362 2515 2416 2575 den
2443 2514 2594 2574 Rähten
2621 2512 2879 2572 vorgetragen,
2897 2510 2959 2570 und
2995 2510 3084 2570 dero
3102 2513 3395 2573 Approbation
3440 2520 3556 2580 zuer¬

2359 2585 2585 2645 barten,
2601 2582 2730 2642 sonsten
2762 2581 2875 2641 aber
2891 2579 2948 2639 den
2972 2581 3125 2641 aufsah
3150 2582 3279 2642 keinem
3311 2587 3553 2647 particular

3149 2692 3452 2752 vorgeweisen,
