4032 3024
475 480 528 540 90

711 572 941 632 Gester
972 565 1122 625 Löbl.
1142 563 1213 623 Euch
1223 566 1474 626 großschafft,
1514 569 1604 629 die
1614 571 1845 631 mehreren

714 640 794 700 auß
841 638 920 698 Ew.
1071 635 1261 695 Ewelche
1324 632 1443 692 aber
1475 632 1601 692 auff
1633 631 1847 691 gelaße¬

1739 685 1835 745 Wir

709 711 845 771 Jahr
890 703 1079 763 Eidtlich
1117 694 1343 754 verlaßen
1396 685 1562 745 worden

720 776 832 836 könen
896 766 1008 826 nicht
1071 756 1263 816 umbhin,
1311 750 1438 810 Euch
1470 745 1710 805 Vnseren

730 852 819 912 An
854 847 934 907 die
952 838 1279 898 Eignosische
1323 831 1430 891 und
1465 826 1739 886 zugewante
1775 821 1881 881 ort,

720 913 841 973 deren
894 907 1195 967 beschreibung
1256 903 1308 963 zu
1339 898 1723 958 übermachen,
1731 891 1874 951 nebst

718 973 797 1033 dem
857 967 1061 1027 frundtl.
1068 964 1418 1024 Ersuchen,
1424 962 1569 1022 nach
1616 958 1715 1018 aus
1728 954 1853 1014 weit¬

713 1036 825 1096 der
864 1026 1111 1086 Abscheiden
1174 1019 1333 1079 diesen
1381 1015 1706 1075 verbrecheren
1738 1004 1897 1064 hinder

715 1093 937 1153 Euerer
988 1081 1415 1141 Gottmäßigkeit
1458 1075 1620 1135 keinen
1672 1068 1885 1128 Auffent¬

724 1153 827 1213 halt
875 1150 923 1210 zu
964 1145 1292 1205 gestatten,
1313 1138 1552 1198 sonderen
1621 1131 1696 1191 von
1710 1126 1881 1186 Jemandt

693 1219 789 1279 von
829 1213 974 1273 Ihnen
1062 1205 1159 1265 sich
1191 1200 1432 1260 derenden
1496 1188 1802 1248 hinwenden,
1826 1180 1906 1240 und

707 1279 961 1339 betreten
994 1271 1200 1331 ließe,
1216 1265 1348 1325 ihne
1389 1256 1652 1316 alsobald
1701 1250 1865 1310 fort¬

1506 1330 1593 1390 An
1636 1319 1914 1379 Bollfuriger

692 1345 869 1405 weisen
940 1340 1002 1400 zu
1046 1337 1258 1397 laßen)

701 1406 1034 1466 Entsprechung
1079 1396 1278 1456 zweiffen
1332 1390 1449 1450 wir
1494 1383 1656 1443 keines
1674 1378 1800 1438 dota¬

704 1471 793 1531 und
818 1468 981 1528 bitten
1038 1464 1136 1524 den
1185 1456 1601 1516 Allerhöchsten
1642 1441 1879 1501 Dat.

673 1550 790 1610 den
817 1544 898 1604 4.
916 1540 1087 1600 Aug.
1114 1537 1276 1597 1710.

1186 1677 1506 1737 Stadthalter
1549 1665 1633 1725 und
1658 1659 1768 1719 Raht
1810 1651 1869 1711 der

1262 1733 1409 1793 Stadt
1450 1726 1579 1786 Stern

692 1852 787 1912 An
815 1848 872 1908 die
901 1841 1167 1901 Verbündete
1205 1832 1290 1892 und
1319 1821 1632 1881 benachbarte
1661 1809 1813 1869 allein

704 1913 801 1973 Euch
826 1909 1037 1969 Vnseren
1053 1904 1118 1964 etc.
1118 1902 1248 1962 nebst
1289 1892 1492 1952 Anschluß
1549 1875 1793 1935 daheroger

694 1976 1064 2036 specification
1125 1964 1222 2024 und
1257 1950 1671 2010 signalements,
1688 1927 1838 1987 davon

696 2050 777 2110 die
795 2042 947 2102 frund
982 2031 1259 2091 nachbarliche
1322 2014 1688 2074 participation
1751 1985 1831 2045 mit

700 2115 785 2175 dem
802 2103 1023 2163 Ersuchen
1057 2097 1108 2157 zu
1142 2090 1355 2150 geben,
1355 2081 1483 2141 Ihr
1525 2068 1678 2128 beliebt
1712 2049 1823 2109 seyn

696 2175 895 2235 wollet,
915 2166 1114 2226 hinder
1134 2157 1343 2217 Eueren
1402 2144 1591 2204 Landen
1631 2129 1721 2189 die
1750 2115 1850 2175 ohn¬

1561 2205 1735 2265 daß
1779 2181 1837 2241 auff

691 2245 969 2305 beschlahrte
1032 2231 1291 2291 Verfügung
1336 2222 1390 2282 zu
1416 2216 1524 2276 thun,

700 2316 881 2376 diese,
906 2311 1005 2371 deß
1071 2303 1203 2363 Landt
1244 2288 1517 2348 verwiesene
1574 2270 1772 2330 Achtung
1814 2253 1979 2313 gehalten

689 2384 796 2444 und
823 2381 912 2441 von
956 2376 1036 2436 der
1045 2372 1152 2432 Eine
1196 2365 1312 2425 Oder
1356 2356 1445 2416 der
1472 2343 1703 2403 Andere,
1721 2329 1819 2389 sich
1845 2318 1943 2378 solte

714 2450 817 2510 sehen
878 2440 1093 2500 laßen,
1101 2430 1402 2490 demselben
1488 2415 1583 2475 kein
1635 2397 1918 2457 Anstenthalt

715 2516 813 2576 noch
851 2506 1065 2566 vorschub
1095 2495 1318 2555 vergant
1377 2486 1484 2546 und
1523 2471 1727 2531 gethan,
1746 2450 1921 2510 sonderen

1612 2547 1703 2607 Ihr
1716 2523 1859 2583 Vater

699 2581 770 2641 Er
805 2576 1105 2636 fortgeschaffet
1140 2561 1316 2621 werde,

712 2648 874 2708 werdet
928 2642 1045 2702 gleich
1099 2634 1225 2694 vns
1270 2623 1496 2683 ohnschwer
1550 2602 1811 2662 ermaßen,
1820 2587 1865 2647 in

2044 1709 2146 1769 Statt

2037 1762 2143 1822 wacht

3422 446 3440 506 9.

2214 533 2298 593 wie
2319 529 2424 589 weit
2438 527 2515 587 die
2542 527 2738 587 gemeine
2787 527 2996 587 Sicherheit
3045 525 3268 585 hierunder
3303 513 3499 573 versire

2230 592 2315 652 und
2343 588 2421 648 wie
2471 584 2719 644 gefährlich
2754 582 2882 642 wann
2910 579 3152 639 dergleichen
3215 569 3492 629 conspiranten

2227 653 2312 713 und
2345 644 2621 704 Auswiller
2680 638 2726 698 in
2765 637 2844 697 die
2890 632 3204 692 nachbarschafft
3290 629 3388 689 sich

2643 691 2774 751 Wir
2827 685 3087 745 versicheren
3158 682 3312 742 auch,
3330 679 3401 739 in

2224 710 2476 770 außhalten

2230 767 2574 827 vorfallenheiten
2643 751 2696 811 ein
2757 746 2910 806 solches
2948 740 3177 800 gegentis
3253 736 3337 796 sit.
3345 731 3460 791 Ge¬

2240 836 2411 896 zimmend
2465 826 2510 886 zu
2537 816 2834 876 verschulden,
2861 807 2969 867 und
3005 801 3266 861 empfehlend
3320 795 3419 855 Euch

2239 902 2408 962 Dat.
2408 893 2504 953 den
2528 885 2625 945 14.
2641 877 2786 937 Aug.
2810 868 2963 928 1719.

2686 968 3042 1028 Stadthalter
3089 954 3192 1014 und
3224 946 3342 1006 Raht
3374 937 3453 997 der

2768 1025 2930 1085 Stadt
2970 1016 3111 1076 Hern

2222 1138 2289 1198 bey
2319 1135 2408 1195 jedem
2430 1127 2624 1187 Signalem,
2661 1119 2706 1179 ist
2713 1115 2773 1175 die
2788 1110 2862 1170 Zeitt
2907 1104 2974 1164 der
2989 1093 3279 1153 danigation
3316 1080 3525 1140 außgesetzt,

2434 1306 2657 1366 ren
2868 1279 2973 1339 den
3020 1266 3079 1326 15.
3137 1249 3383 1309 Augusti

2764 1357 2818 1417 VI
2818 1350 2885 1410 Ad

2609 1436 2789 1496 voram
2853 1422 2924 1482 200

2402 1537 2654 1597 Nachdeme
2701 1523 2794 1583 vor
2822 1513 3009 1573 Maghl.
3009 1504 3121 1564 und
3140 1497 3215 1557 E.
3224 1490 3317 1550 N.
3327 1483 3411 1543 und
3429 1477 3467 1537 G.

2276 1622 2420 1682 diesen
2447 1613 2627 1673 morgen
2699 1599 2789 1659 das
2816 1585 3050 1645 Gutachten
3095 1566 3329 1626 Mhghl.
3329 1550 3518 1610 dero¬

2259 1683 2451 1743 henden
2512 1668 2757 1728 Rahten,
2780 1654 3018 1714 ansehend
3056 1643 3133 1703 die
3163 1632 3340 1692 mehrer
3386 1617 3539 1677 sicher¬

2262 1740 2459 1800 stellung
2504 1728 2723 1788 hiesiger
2768 1714 3056 1774 Haubtstadt
3101 1698 3312 1758 ablesend
3350 1683 3554 1743 angehört¬

2260 1803 2358 1863 und
2390 1796 2579 1856 darüber
2625 1782 2899 1842 vielfaltig
2944 1764 3257 1824 ratrocinirt
3315 1742 3498 1802 worden

2270 1873 2360 1933 Ist
2396 1863 2478 1923 vor
2496 1856 2596 1916 hoch
2605 1844 2858 1904 denenselben
2940 1825 3202 1885 vorläuffig
3248 1812 3320 1872 zur
3347 1804 3465 1864 fraw

2268 1932 2457 1992 komen,
2465 1921 2593 1981 Ob
2624 1910 2813 1970 dißmalen
2881 1897 2949 1957 da
2979 1891 3055 1951 die
3085 1877 3373 1937 versamlung
3418 1861 3494 1921 mit

2257 1996 2352 2056 gar
2381 1983 2570 2043 start,
2585 1972 2709 2032 man
2767 1962 2913 2022 etwas
2956 1950 3175 2010 darüber
3233 1933 3481 1993 Erkennen

2276 2057 2391 2117 Oder
2432 2050 2548 2110 aber
2581 2040 2713 2100 solches
2754 2029 2877 2089 auß
2919 2020 3026 2080 eine
3067 2008 3256 2068 Andere
3314 1999 3405 2059 Zeit

2885 2097 3006 2157 Wie
3046 2087 3135 2147 nun
3167 2078 3264 2138 fur
3289 2071 3369 2131 den
3386 2060 3539 2120 Auß¬

2261 2127 2492 2187 verschieben
2564 2114 2715 2174 wolle.

2283 2197 2403 2257 schub
2439 2190 2559 2250 keine
2578 2184 2670 2244 stum
2790 2167 3057 2227 gefallen,
3066 2152 3232 2212 Als
3260 2143 3297 2203 ist
3324 2130 3536 2190 demnach

2282 2266 2336 2326 in
2372 2262 2614 2322 befolgung
2668 2252 2730 2312 deß
2793 2239 3080 2299 gutachtens
3116 2223 3205 2283 zue
3214 2215 3331 2275 fraw
3366 2202 3519 2262 gesetzt

2266 2332 2541 2392 worden,
2548 2322 2658 2382 ob
2682 2316 2744 2376 zu
2744 2305 2979 2365 buhrheit
3034 2291 3105 2351 der
3144 2282 3316 2342 Stadt
3371 2269 3551 2329 Megkl.

2286 2392 2510 2452 mehrere
2570 2371 2959 2431 praecautionem
3011 2349 3183 2409 nemen
3242 2337 3288 2397 zu
3321 2327 3473 2387 laßen

2285 2463 2432 2523 nöhtig
2490 2451 2637 2511 finden
2686 2440 2813 2500 oder
2842 2431 2959 2491 nit.
2969 2422 3155 2482 Da
3174 2409 3301 2469 dann
3340 2397 3457 2457 zu¬

2291 2526 2541 2586 Erlegung
2583 2515 2649 2575 der
2683 2501 3024 2561 dißmaligen,
3033 2479 3308 2539 Situation
3358 2464 3424 2524 der
3441 2457 3558 2517 sachen

2298 2590 2603 2650 Hochgedacht
2644 2578 2736 2638 Ihr
2736 2574 2858 2634 gul.
2868 2567 2939 2627 ein
2980 2558 3133 2618 solches
3163 2549 3245 2609 mit
3286 2536 3469 2596 Einhalen
