4032 3024
519 524 547 584 34.

680 575 873 635 Außbruch
894 562 1036 622 entdie
1057 547 1271 607 verdamliche
1301 533 1566 593 Conspiration
1597 532 1689 592 Unß
1699 536 1770 596 die
1790 546 1923 606 billig¬

682 646 937 706 veranlaßet,
959 635 1026 695 denen
1048 625 1237 685 gesanten
1248 617 1326 677 Löbl.
1359 612 1437 672 Eydt
1437 610 1537 670 gehen
1537 610 1626 670 und
1648 616 1904 676 zugelanten,

702 718 759 778 die
794 712 874 772 auch
886 705 1035 765 übrigen
1058 698 1116 758 mit
1162 693 1242 753 Unß
1277 688 1495 748 Verbündeten
1541 686 1622 746 und
1633 693 1932 753 benachbahrten

688 791 790 851 Löblen
820 783 963 843 Ständen
1004 775 1076 835 und
1076 771 1208 831 Ohrten
1229 767 1249 827 die
1290 764 1433 824 Freund
1433 764 1515 824 Eydt
1545 766 1709 826 gnäßisch,
1719 771 1790 831 und
1811 779 1923 839 nach¬

676 858 870 918 barliche
889 847 1167 907 participation
1195 841 1232 901 zu
1232 839 1380 899 geben;
1390 838 1492 898 Also
1510 838 1612 898 sollen
1640 843 1742 903 wir
1761 849 1853 909 auch
1863 855 1927 915 nich

692 920 853 980 min,
880 916 916 976 Ein
952 912 1095 972 Vnsere
1095 910 1175 970 hin
1202 906 1345 966 gleichem
1399 906 1641 966 Vertrauben
1658 911 1703 971 zu
1721 920 1927 980 berichten,

694 990 789 1050 das
806 984 987 1044 gestalten,
996 979 1143 1039 welche
1160 976 1255 1036 derer
1272 974 1445 1034 angebenen
1479 976 1703 1036 Complices,
1729 982 1807 1042 und
1824 986 1876 1046 be¬

692 1062 892 1122 meintlich,
924 1055 1072 1115 Gabriel
1072 1049 1240 1109 guetter,
1272 1045 1451 1105 Gottfrid
1494 1043 1588 1103 Kuhn
1620 1045 1704 1105 und
1704 1048 1863 1108 Daniel

661 1131 859 1191 furter,
878 1124 945 1184 deren
982 1117 1219 1177 beschreibung
1228 1113 1275 1173 in
1285 1111 1436 1171 Einlag
1455 1111 1682 1171 enthalten,
1701 1113 1758 1173 sich
1767 1118 1928 1178 fluchtig¬

678 1194 865 1254 gemachtt,
874 1189 927 1249 ehe
936 1186 1052 1246 Man
1079 1183 1159 1243 Sie,
1167 1181 1265 1241 gleich
1274 1179 1416 1239 anderen
1434 1178 1639 1238 behändigen
1683 1180 1870 1240 können,

689 1264 759 1324 sind
783 1262 853 1322 auch
853 1259 1024 1319 neblicher
1047 1255 1180 1315 maßen
1219 1252 1483 1312 proclamiert
1491 1252 1569 1312 und
1592 1253 1631 1313 in
1639 1256 1935 1316 contumaciam

682 1335 905 1395 verurtheilt
905 1328 1070 1388 worden;
1080 1322 1371 1382 Welchemnach
1390 1321 1506 1381 Vnser
1536 1321 1662 1381 freund
1681 1324 1914 1384 dienstliches

674 1406 848 1466 Ersuchen
874 1399 926 1459 an
952 1396 1030 1456 Euch
1048 1393 1187 1453 Vnsere
1196 1390 1404 1450 langet,
1413 1388 1552 1448 hinder
1560 1387 1717 1447 überen
1743 1387 1891 1447 landen

669 1482 726 1542 die
726 1473 1001 1533 ohnbeschwehrte
1035 1464 1115 1524 und
1138 1460 1356 1520 fordersame
1390 1459 1550 1519 anstalt
1562 1459 1608 1519 zu
1608 1461 1745 1521 thun,
1768 1462 1837 1522 daß
1860 1466 1951 1526 nach

692 1547 904 1607 anleitung
914 1541 985 1601 der
1005 1536 1258 1596 beschreibung
1269 1534 1339 1594 auf
1370 1532 1471 1592 diese
1481 1534 1694 1594 Quadierte
1714 1539 1906 1599 geachtet,

679 1621 740 1681 be
763 1619 854 1679 immer
877 1616 1036 1676 möglich,
1044 1614 1196 1674 dieselben
1219 1612 1424 1672 endert,
1432 1612 1508 1672 und
1531 1612 1637 1672 nebst
1660 1612 1743 1672 allen
1774 1615 1880 1675 Ihren

684 1696 872 1756 schrifften
902 1692 971 1752 und
971 1688 1149 1748 effecten
1159 1684 1396 1744 behändiget,
1416 1682 1465 1742 mit
1505 1682 1544 1742 hin
1564 1682 1604 1742 in
1623 1684 1851 1744 gefänglichen

698 1774 768 1834 und
803 1771 932 1831 sicheren
955 1767 1130 1827 verhafft
1154 1761 1259 1821 gezogen
1306 1756 1493 1816 werden,
1504 1754 1633 1814 davon
1656 1754 1726 1814 dan
1761 1755 1831 1815 von
1855 1758 1901 1818 Euch

683 1843 863 1903 Unserer
884 1840 913 1900 etc.
935 1839 1006 1899 wir
1014 1837 1078 1897 den
1100 1834 1287 1894 anfahligen
1316 1829 1431 1889 avio
1453 1828 1683 1888 erbarten,
1697 1830 1776 1890 mit
1805 1834 1927 1894 versi¬

686 1915 870 1975 gehoren,
880 1911 947 1971 bey
967 1909 1015 1969 sich
1034 1904 1257 1964 ergebendem
1295 1899 1421 1959 anlaß
1450 1898 1518 1958 das
1518 1898 1788 1958 reciprocum
1827 1903 1895 1963 ge¬

706 1991 832 2051 bühren
886 1989 922 2049 zu
940 1987 1165 2047 erstatten.
1174 1985 1291 2045 Wie
1291 1984 1427 2044 tragen
1463 1984 1526 2044 an
1553 1984 1796 2044 wilfähriger
1796 1985 1895 2045 Ent¬

685 2066 892 2126 sprechung
892 2060 951 2120 von
980 2059 1088 2119 seiten
1118 2057 1245 2117 über
1265 2057 1363 2117 Unser
1393 2057 1462 2117 ein
1521 2057 1570 2117 so
1579 2059 1737 2119 bringer
1756 2059 1923 2119 Zweifel,

707 2136 788 2196 alß
796 2132 853 2192 Ihr
869 2130 959 2190 Unß
975 2127 1024 2187 in
1040 2123 1390 2183 vorfallenheiten
1422 2122 1618 2182 Eüberer
1634 2123 1756 2183 bahren
1780 2124 1870 2184 und

689 2201 913 2261 aufrichtigen
950 2200 1193 2260 freundschafft
1221 2198 1463 2258 vielfaltige
1463 2198 1631 2258 proben
1659 2200 1799 2260 bereits
1809 2202 1958 2262 gegeben,

695 2269 822 2329 zumahl
856 2267 924 2327 mit
941 2267 1026 2327 auß
1034 2267 1161 2327 bestens
1195 2269 1356 2329 ermeßen
1390 2269 1560 2329 werdet,
1585 2272 1653 2332 wie
1661 2273 1797 2333 vieles
1814 2277 1916 2337 daran

692 2340 890 2400 gelegen,
900 2337 972 2397 daß
981 2336 1189 2396 dergleichen
1216 2338 1478 2398 Ubelthäter
1487 2344 1759 2404 eingebracht,
1768 2349 1849 2409 und
1858 2351 1912 2411 zu

693 2411 1027 2471 wohlverdienter
1027 2408 1157 2468 straff
1174 2408 1288 2468 gezogen
1328 2410 1524 2470 verwind,
1524 2413 1777 2473 Inzwischen
1801 2419 1883 2479 aber

687 2477 827 2537 bitten
836 2476 924 2536 wir
924 2476 976 2536 den
1011 2474 1265 2534 Allerhöchsten
1282 2474 1317 2534 p.
1335 2474 1352 2534 5.
1379 2474 1431 2534 Dat
1492 2474 1527 2534 den
1545 2476 1580 2536 15.
1580 2476 1676 2536 76.
1702 2479 1825 2539 1749.

1203 2547 1436 2607 Schultzeß
1444 2548 1552 2608 Klein
1578 2550 1650 2610 und
1677 2552 1766 2612 groß
1793 2555 1882 2615 Raht

1380 2599 1452 2659 der
1487 2602 1588 2662 Stadt
1641 2606 1819 2666 Hern.

665 2610 714 2670 sto¬

593 2648 716 2708 N.
716 2636 1012 2696 obangezogene
1023 2635 1381 2695 signallemento
1401 2642 1473 2702 sind
1493 2648 1677 2708 enthalten
1708 2656 1770 2716 in
1780 2661 1872 2721 dem

661 2698 876 2758 volumine
891 2694 956 2754 der
963 2692 1207 2752 Examinum
1243 2690 1315 2750 und
1337 2695 1632 2755 procediren,

3373 452 3456 512 25

2173 566 2238 626 der
2279 554 2352 614 Alle
2368 546 2425 606 H.
2434 540 2515 600 vnd
2515 536 2597 596 W.
2605 528 2850 588 Ambtleuth,
2858 526 2915 586 4.
2915 526 3053 586 Stadt,
3078 526 3274 586 freyleibel
3306 526 3363 586 und
3371 526 3396 586 am
3396 525 3502 585 an¬

2205 627 2289 687 iter
2352 608 2561 668 Murten,
2561 597 2718 657 Escherlich
2750 592 2823 652 und
2854 588 3190 648 Schwartzeburg.

2153 731 2393 791 Schultheiß
2415 708 2502 768 Räht
2535 702 2611 762 und
2611 698 2796 758 Burger¬

2226 838 2427 898 Demnach
2435 824 2586 884 Vnsere
2602 815 2770 875 Burgere,
2795 810 2937 870 Dabriel
2970 806 3121 866 Puncter
3138 805 3188 865 der
3205 804 3430 864 Droquirt,

2147 875 2181 935 6.

2210 915 2397 975 Gottfrie
2426 900 2505 960 Kuhn
2525 894 2594 954 der
2594 885 2849 945 Rohtgerber,
2859 878 2937 938 und
2957 875 3065 935 daniel
3104 872 3262 932 unter
3272 872 3330 932 der
3340 872 3468 932 gold¬

2187 991 2352 1051 schund
2378 979 2441 1039 sich
2454 969 2632 1029 samblichen
2670 960 2721 1020 der
2759 953 2912 1013 bekante
2912 949 3077 1009 maßen
3089 949 3217 1009 alhier
3229 949 3331 1009 wider
3331 953 3458 1013 Unsere

2206 1066 2449 1126 legierung
2466 1046 2726 1106 angezeitleten
2752 1031 3020 1091 verdamlichen
3029 1028 3341 1088 Conspiration
3376 1032 3462 1092 der¬

2205 1144 2364 1204 maßen
2402 1128 2608 1188 theilhafftig
2636 1117 2805 1177 gemacht,
2833 1114 2908 1174 daß
2917 1111 3002 1171 auf
3011 1111 3217 1171 formlich
3227 1111 3414 1171 beschehene

2211 1219 2418 1279 citation
2436 1207 2499 1267 hin
2526 1199 2689 1259 dieselben
2707 1193 2779 1253 sich
2797 1189 2851 1249 ins
2887 1187 2986 1247 Recht
3022 1186 3185 1246 zustellen
3230 1186 3284 1246 nit
3302 1187 3509 1247 getrauben

2230 1287 2432 1347 dorffen,
2452 1272 2573 1332 sonder
2594 1267 2654 1327 sich
2654 1262 2836 1322 flüchtig
2856 1258 3018 1318 gemacht,
3049 1256 3129 1316 und
3129 1258 3463 1318 ungehorsamer

2216 1356 2325 1416 weiß
2357 1339 2639 1399 ausgeblieben;
2661 1330 2748 1390 Alß
2780 1326 2889 1386 haben
2900 1325 2997 1385 wir
3008 1325 3138 1385 nöhtig
3160 1327 3355 1387 erachtet,
3355 1330 3496 1390 neben

2203 1419 2446 1479 zusendung
2457 1403 2700 1463 einligender
2700 1398 2826 1458 Ihrer
2826 1397 3091 1457 beschreibung
3122 1397 3196 1457 Euch
3217 1400 3429 1460 hierdurch
3429 1403 3524 1463 an¬

2216 1490 2488 1550 zubefehlen,
2522 1475 2635 1535 aller
2646 1470 2771 1530 ohrten
2794 1466 2941 1526 Ebers
2952 1465 3065 1525 Ambt
3099 1466 3247 1526 behirtes
3269 1467 3326 1527 von
3349 1469 3485 1529 Cauten

2219 1560 2463 1620 verbunden
2480 1548 2682 1608 zulaßen,
2691 1544 2767 1604 daß
2775 1543 2851 1603 bey
2876 1541 3002 1601 Unser
3019 1540 3323 1600 hochvberbeit.
3339 1543 3516 1603 inquad¬

2216 1621 2412 1681 Niemand
2437 1613 2505 1673 sich
2522 1609 2710 1669 erfreche,
2718 1605 2829 1665 disen
2846 1604 3008 1664 diesen
3033 1604 3272 1664 außgelichte
3365 1609 3527 1669 michen

2227 1684 2532 1744 anderschlauff
2542 1676 2561 1736 zu
2581 1674 2719 1734 geben,
2738 1672 2817 1732 wohl
2836 1670 2935 1730 aber
2944 1672 3013 1732 daß
3043 1673 3141 1733 Wir
3141 1675 3249 1735 alle
3249 1678 3347 1738 drey
3377 1685 3524 1745 Vogel¬

2022 1683 2087 1743 per
2093 1684 2153 1744 aber
2153 1683 2191 1743 den

2030 1714 2062 1774 in
2071 1715 2168 1775 andern
2184 1714 2222 1774 oder

2246 1757 2372 1817 frey
2393 1746 2550 1806 lebent,
2550 1741 2624 1801 und
2666 1737 2886 1797 manglich
2886 1736 3033 1796 laßen
3075 1738 3106 1798 zu
3127 1741 3306 1801 magen,
3316 1743 3379 1803 daß
3379 1746 3484 1806 wir

2022 1754 2106 1814 dritten,
2106 1753 2143 1813 vnd
2147 1754 2211 1814 über¬

2022 1795 2095 1855 lieren
2118 1798 2182 1858 wird,
2191 1797 2218 1857 den

2232 1825 2332 1885 eine
2350 1816 2605 1876 Recompeno
2623 1811 2687 1871 von
2715 1809 2751 1869 Ein
2778 1807 2942 1867 Tausend
2979 1805 3152 1865 Thaleren,
3188 1807 3252 1867 auch
3279 1810 3398 1870 eines
3416 1814 3489 1874 ge¬

2027 1833 2085 1893 sollen
2101 1835 2122 1895 500
2143 1834 2155 1894 fl.

2025 1874 2137 1934 hierdurch
2137 1877 2228 1937 verspro¬

2247 1895 2377 1955 deßen
2407 1890 2508 1950 Kopf
2528 1888 2668 1948 gesche,
2689 1886 2900 1946 denjenigen
2940 1888 2980 1948 zu
2980 1889 3241 1949 entrichten,
3251 1893 3402 1953 welcher
3412 1894 3502 1954 einen

2033 1925 2063 1985 chen
2078 1916 2107 1976 sein
2122 1915 2161 1975 und
2166 1915 2220 1975 zu¬

2061 1956 2156 2016 konnen.

2231 1973 2320 2033 von
2344 1969 2426 2029 disen
2466 1964 2759 2024 außgeleichenen
2775 1963 3084 2023 Conspiranten
3117 1964 3157 2024 in
3198 1964 3263 2024 die
3263 1965 3377 2025 hand
3401 1966 3466 2026 der

2237 2042 2389 2102 Justitz
2418 2041 2580 2101 lieferen
2609 2039 2752 2099 wird;
2761 2036 3056 2096 Welchemnach
3066 2035 3171 2095 nun
3190 2035 3266 2095 Ihr
3266 2036 3428 2096 zuthun
3447 2039 3533 2099 und

2236 2102 2573 2162 zuveranstalten
2595 2101 2763 2161 bestens
2785 2101 2917 2161 lußen
2946 2102 3114 2162 berdet,

2361 2219 2708 2279 Mittwochen
2746 2224 2824 2284 den
2836 2225 2875 2285 17.
2913 2223 3003 2283 Sept.
3042 2215 3183 2275 1719.

2617 2287 2737 2347 corum
2773 2290 2858 2350 200

2115 2422 2204 2482 E
2254 2413 2482 2473 Außheit,
2495 2411 2546 2471 alß
2571 2412 2634 2472 dazu
2647 2414 2811 2474 angesehen
2875 2417 2913 2477 kan
2963 2421 3077 2481 wurde
3077 2423 3166 2483 vor
3178 2425 3318 2485 Mag.
3356 2426 3406 2486 vnd
3406 2425 3457 2485 V.
3470 2424 3495 2484 R.

2222 2479 2301 2539 und
2310 2479 2354 2539 G.
2371 2480 2547 2540 abgelesen
2564 2481 2652 2541 und
2652 2482 2828 2542 behandet
2854 2486 2933 2546 das
2950 2490 3161 2550 gutachten
3187 2496 3336 2556 Michgl.
3372 2500 3424 2560 der
3433 2502 3503 2562 ge¬

2210 2546 2374 2606 henden
2406 2548 2562 2608 Rahten,
2585 2551 2734 2611 ansehen
2780 2554 2859 2614 des
2874 2556 2968 2616 wegen
3007 2558 3062 2618 der
3077 2561 3335 2621 Conspiration
3366 2565 3405 2625 zu
3413 2566 3522 2626 tru¬

2211 2611 2364 2671 rende
2371 2614 2623 2674 Manifest:
2630 2616 2859 2676 Nachdehme
2889 2618 2981 2678 nun
2996 2620 3103 2680 über
3126 2624 3293 2684 deßelben
3331 2628 3408 2688 Erste
3423 2630 3514 2690 frage
