3024 4032
330 335 390 426 6
515 457 1752 637 An Kuarn Fryburg, Vollothurn,
544 584 1885 717 Neuenburg Erstl. Raht und Statt, dene Gerr
537 669 1835 813 Biel und Nerienstatt Sepp. Sie erstuchen, auf
543 754 1884 897 den Chirurgum Wernier achten, und auf Betretten
532 838 1386 986 veststehen zu laßen: Als im
1360 946 1713 1097 Miss. B.
458 1122 1675 1306 Dodel an Muth Amts Cons: Steiger
465 1242 1902 1400 Aber angehorten zierbeyligenden Vortrag Mein gnäige Hren
511 1331 1810 1472 der Kriegs Rähten finden Ihr Gnl. nothwendig
518 1413 1812 1545 daß dieselbe einiche Tag vorher, ehe der droben
512 1502 1798 1628 enthaltenen Delinquenten Beuntheilung und
527 1621 1894 1760 allfählige Execution Beſchehen wird avertiert werdun,
519 1669 1852 1817 um. die zur Sicherheit uns Verhüetung Unruhe
518 1763 1841 1932 erforderliche Anstalten zu verfuegen, derowegen
503 1869 1815 2021 Ihr Jnl. Ihne MichlH Cons: ersuchen, deßen
497 1981 1580 2133 behörigen Ohrts die Andung zu thun.
453 2140 1875 2380 Zdel An MehgH die Geheinde Rähe, Vie daß in
502 2272 1818 2446 verständigen, mit dem Beyfüegen daß Meth.
490 2369 1838 2548 dero sorgfaltige Anstalten und Befelchen, daß
1670 2460 1857 2619 die
2084 482 3377 628 Dragoner Compagney von Beuren der 4.
2118 581 3376 740 Graftschaften sich stündtlichen parat zu halten.
2122 659 3073 828 aufgemahnt worden approdieren.
2078 908 3394 1096 Dich, An Megen BürgerMeister und Raht
2099 1046 3339 1180 Ihnen von dero versicherenden Anstalten zu
2109 1148 3429 1271 Behändigung deß Hänzis dancken, und daß solcher
2118 1234 2904 1358 vest size, andeüten, Als um
3032 1328 3363 1482 Miss. 3.
2078 1443 3474 1634 DSezenburg. 4. Ministral: Ihnen gleichen
2113 1579 2859 1708 Sachen wegen andeüten, Als
3127 1606 3327 1748 Aid.
2297 1810 3284 1992 Adtwodteer den 9. Suly 1719.
2060 2028 3435 2229 Dedol an Mn gegnien Hrn He P in Hooß und Mitsom¬
2065 2162 3319 2318 Amittierts zu Examinarion der Inhafftierten
2110 2249 3480 2407 personen. Aus dem Vortrag Mine gnäige Hren der Geheimden
2084 2351 3427 2515 Rähten, haben Meg. verstanden, die von Ihnen
3282 2482 3473 2616 Nos.
3379 413 3425 490 7
