4032 3024
966 640 1259 700 Montags
1281 638 1394 698 den
1416 638 1551 698 11.
1574 637 1799 697 Augusti

1188 713 1356 773 1710.

943 859 1135 919 Coram
1195 856 1447 916 Senatu

761 1061 883 1121 hes
903 1060 975 1120 an
1026 1057 1270 1117 Mhghl.
1290 1050 1606 1110 Stadthalter
1657 1041 1739 1101 Ott

759 1138 909 1198 Nach
951 1129 1202 1189 anhörung
1252 1117 1662 1177 angeschloßener
1712 1105 1795 1165 von

749 1205 1021 1265 Mag.
1037 1197 1132 1257 den
1180 1187 1451 1247 Gehennen
1523 1179 1730 1239 Rähten
1770 1178 1882 1238 ab¬

753 1272 1004 1332 gefaßten
1071 1256 1447 1316 verachten,
1514 1247 1673 1307 wegen
1715 1244 1865 1304 sicher¬

760 1337 991 1397 stellung
1024 1327 1238 1387 hiesiger
1271 1321 1519 1381 Stadt,
1527 1316 1742 1376 Habend
1758 1315 1890 1375 Meckl.

756 1404 984 1464 selbiges
1028 1399 1221 1459 zusammt
1265 1396 1397 1456 denen
1467 1388 1818 1448 beygefuegten

750 1488 908 1548 Rahts
941 1477 1141 1537 Bedancken
1207 1471 1307 1531 vor
1340 1466 1581 1526 Merchl.
1590 1459 1706 1519 und
1731 1452 1781 1512 V.
1806 1445 1889 1505 R.

754 1553 827 1613 und
868 1547 925 1607 B.
958 1537 1244 1597 gelaßen,
1253 1533 1367 1593 mit
1424 1528 1547 1588 frl.
1563 1520 1833 1580 Gesinnen

744 1617 789 1677 den
870 1609 996 1669 Ihre
1041 1599 1293 1659 Mochghl.
1320 1586 1681 1646 Stadthalter,
1708 1573 1897 1633 selbiges

743 1680 922 1740 Vorthin
969 1667 1234 1727 gelangen
1288 1657 1351 1717 zu
1390 1647 1631 1707 laßen.

773 1891 950 1951 hab.
961 1885 1072 1945 ad
1083 1876 1282 1936 hand,
1282 1864 1526 1924 Aber
1559 1841 1869 1901 vorgefallene

758 1961 951 2021 frag,
960 1950 1082 2010 wir
1135 1942 1196 2002 in
1231 1935 1354 1995 nach
1363 1917 1809 1977 bevorstehender

759 2023 1130 2083 burtheillung
1182 2010 1303 2070 der
1355 1999 1536 2059 Hauß
1570 1977 1881 2037 arrestanten

728 2111 826 2171 vor
881 2098 1132 2158 Mhghl.
1164 2087 1262 2147 und
1284 2080 1360 2140 E.
1382 2073 1469 2133 G.
1502 2064 1578 2124 und
1589 2054 1698 2114 G.
1709 2041 1818 2101 die

738 2178 874 2238 erste
933 2166 1120 2226 Urtel
1171 2152 1451 2212 wohnen
1519 2138 1655 2198 solle,
1681 2123 1885 2183 Habend

749 2256 1000 2316 Mhhl.
1038 2240 1212 2300 solche
1260 2231 1356 2291 vor
1385 2221 1635 2281 Meghl.
1664 2205 1780 2265 und
1790 2194 1876 2254 G.

765 2334 856 2394 R.
890 2324 992 2384 und
1004 2319 1095 2379 G.
1129 2313 1209 2373 zu
1231 2303 1425 2363 weisen
1493 2288 1595 2348 aus
1595 2274 1800 2334 befunden

751 2400 884 2460 umb
915 2389 1151 2449 zugleich
1203 2379 1315 2439 von
1346 2371 1469 2431 noch
1500 2359 1747 2419 denenselben
1829 2342 1880 2402 zu

752 2456 1137 2516 vernemen,
1164 2444 1299 2504 Ob
1325 2433 1531 2493 willeicht
1594 2414 1791 2474 Ihnen

755 2527 969 2587 beliebig
1035 2519 1165 2579 seyn
1240 2509 1464 2569 möchte,
1529 2491 1716 2551 dieser
1791 2471 1912 2531 Be¬

765 2594 1084 2654 urtheillung
1127 2586 1424 2646 Magh.
1445 2576 1552 2636 den
1615 2556 1828 2616 Rahten

1463 2636 1616 2696 lange
1652 2625 1886 2685 derowegen

757 2671 845 2731 zu
893 2663 1182 2723 überlaßen

3367 451 3414 511 23

2272 577 2485 637 Vhrthe
2569 565 2735 625 Freundl.
2773 559 2977 619 Gesinen
3032 557 3097 617 an
3153 556 3255 616 Ihne
3273 556 3468 616 Mahl.

2637 631 2911 691 solches
2948 619 3111 679 dorthin
3170 610 3267 670 mit
3319 605 3430 665 be¬

2304 636 2607 696 Stadthalter

2300 706 2566 766 furderung
2606 695 2831 755 langen
2903 691 2964 751 zu
2995 688 3199 748 laßen

2296 878 2472 938 Auff
2516 869 2538 929 die
2582 864 2648 924 hin
2703 860 2747 920 ist
2802 856 2880 916 vor
2913 849 3111 909 Maghl.
3122 835 3408 895 abgelesen,

2292 946 2522 1006 worden,
2539 933 2658 993 der
2700 923 3049 983 Hochtbarl.
3074 912 3227 972 Zedil.
3253 902 3363 962 vom
3406 889 3448 949 8.

2289 1015 2363 1075 diß
2412 998 2660 1058 ansehend
2726 985 2792 1045 die
2825 981 2940 1041 ins
2990 972 3138 1032 Hauß
3196 957 3418 1017 relegirte

2294 1066 2767 1126 Conspiranten,
2775 1053 3027 1113 dardurch
3058 1040 3302 1100 Mag.
3302 1024 3420 1084 den

2309 1150 2482 1210 Rahten
2565 1129 2874 1189 überlaßen
2927 1118 3077 1178 wird,
3100 1105 3296 1165 Ihnen
3348 1088 3431 1148 die

2297 1210 2640 1270 bewilligung
2713 1198 2785 1258 zu
2812 1185 3138 1245 verrichtung
3165 1168 3301 1228 Ihrer
3346 1156 3454 1216 An¬

2295 1285 2428 1345 dacht,
2470 1272 2536 1332 in
2570 1266 2661 1326 der
2711 1258 2878 1318 Kirch
2920 1251 2995 1311 zu
3036 1238 3295 1298 ertheillen,

2303 1359 2544 1419 Welches
2588 1342 2722 1402 alles
2767 1334 2829 1394 ad
2865 1325 3061 1385 Notar
3123 1311 3194 1371 zu
3230 1299 3390 1359 nemen

2309 1424 2396 1484 und
2420 1415 2515 1475 zur
2547 1402 2784 1462 nachricht
2848 1379 3219 1439 einzuschreiben
3314 1356 3433 1416 be¬

2308 1496 2474 1556 fohlen
2557 1466 2831 1526 worden.

2322 1709 2424 1769 zu
2438 1705 2554 1765 an
2613 1692 2888 1752 Mhhl.
2932 1675 3019 1735 die
3019 1658 3295 1718 Gehende
3310 1634 3440 1694 Raht

2306 1783 2456 1843 Aus
2497 1772 2677 1832 Blas
2748 1754 2949 1814 deßen,
2979 1740 3049 1800 so
3080 1728 3220 1788 wegen
3281 1707 3391 1767 der

2316 1851 2549 1911 bekanten
2600 1822 2976 1882 Corporation
3047 1795 3209 1855 allhier
3260 1779 3484 1839 Mehl.

2304 1931 2424 1991 der
2437 1919 2651 1979 hiesigen
2718 1891 3038 1951 Ostentlichen
3091 1860 3452 1920 Frantzowischen

2349 2007 2567 2067 Zeitung
2587 1987 2824 2047 erben
2903 1968 2963 2028 zu
2963 1956 3161 2016 laßen,
3161 1932 3477 1992 bewillige

2323 2083 2572 2143 Hiebennd
2584 2069 2808 2129 Meckl.
2833 2051 2970 2111 auch
3019 2028 3268 2088 überlegen
3343 2011 3405 2071 zu

2319 2169 2483 2229 laßen
2542 2152 2753 2212 möhtig
2800 2132 3034 2192 erachtet,
3069 2115 3163 2175 Ob
3198 2102 3303 2162 nicht
3362 2084 3502 2144 auch

2332 2238 2503 2298 etwas
2546 2219 2919 2279 aufzusetzen,
2962 2201 3079 2261 und
3111 2191 3218 2251 zum
3250 2169 3538 2229 Ostentlichen

2349 2316 2507 2376 rauf
2536 2302 2622 2362 zu
2666 2284 2939 2344 befurderen
3025 2260 3184 2320 seyn
3241 2243 3414 2303 wolle

2339 2404 2409 2464 so
2437 2397 2507 2457 zu
2520 2387 2688 2447 handen
2771 2368 2855 2428 deß
2882 2351 3119 2411 Landvolles
3203 2330 3286 2390 um
3328 2315 3537 2375 Gantzeich¬

2332 2492 2466 2552 kand
2539 2476 2686 2536 denen
2722 2460 2844 2520 H.
2869 2438 3125 2498 Ambtleuten
3198 2410 3467 2470 zuzusenden

2726 2532 2990 2592 Gestalten
3043 2505 3268 2565 Vhrtel,
3308 2488 3388 2548 Sie

2321 2566 2432 2626 war

2325 2649 2555 2709 Mhhl.
2582 2630 2771 2690 hiemit
2784 2610 2906 2670 frl.
2946 2581 3203 2641 ansinnen
3243 2558 3513 2618 wollen,
