4032 3024
356 377 381 437 4

559 467 710 527 Wir
733 473 814 533 zu
860 478 1138 538 besonderen
1219 479 1404 539 Baus
1439 485 1717 545 Erkennen,
1752 499 1833 559 und

569 542 667 602 dabey
726 541 844 601 auß
941 543 1108 603 nur
1147 550 1480 610 foderholen,
1509 557 1617 617 daß
1676 561 1735 621 in

586 615 892 675 dergleichen
963 616 1269 676 verfahlen,
1290 622 1402 682 das
1412 626 1749 686 Teuprocum

589 689 674 749 zu
706 686 994 746 erstaten
1079 688 1420 748 untergesten
1505 693 1623 753 seyn
1676 697 1814 757 werden

830 766 1133 826 Ubrigens
1188 767 1345 827 aber
1391 767 1483 827 und
1556 767 1621 827 da
1657 769 1768 829 Ihr

580 831 799 891 zugleich
853 838 1180 898 anfuget,
1180 841 1278 901 es
1300 844 1507 904 werde
1540 844 1606 904 die
1671 845 1769 905 von

592 914 783 974 Obged.
823 920 1136 980 Brand
1166 925 1438 985 Judicirte
1509 926 1721 986 Person

597 994 641 1054 so
685 994 861 1054 gleichen
937 997 1201 1057 Geschlechts
1223 1000 1420 1060 nahmen
1475 1001 1694 1061 fuhret,
1716 1001 1815 1061 eben¬

577 1077 739 1137 fahls
770 1075 1014 1135 beruffen
1096 1078 1208 1138 und
1238 1081 1533 1141 gefragt
1584 1081 1808 1141 werden,

584 1166 644 1226 in
705 1166 806 1226 was
866 1165 1139 1225 Relation
1180 1163 1270 1223 sie
1311 1162 1382 1222 mit
1422 1160 1523 1220 dem
1563 1162 1866 1222 hingewichteten

579 1232 918 1292 Haubtmann
977 1236 1166 1296 Hertz
1256 1241 1594 1301 wehrendem
1644 1233 1803 1293 seinem

574 1319 887 1379 Aussenthalt
947 1322 1031 1382 in
1031 1324 1248 1384 furderen
1296 1321 1524 1381 Landen
1573 1310 1813 1370 gestanden

577 1399 723 1459 Als
775 1396 932 1456 wollen
995 1394 1151 1454 wir
1204 1391 1287 1451 deß
1371 1384 1580 1444 allfahl

560 1474 1042 1534 herauskommenden
1149 1468 1267 1528 nach
1331 1463 1566 1523 Lulowen
1620 1455 1802 1515 Gütigen

570 1552 896 1612 Vertröstung
961 1549 1189 1609 seiner
1222 1550 1341 1610 Zeit
1396 1546 1732 1606 gewartige

561 1641 649 1701 sein
749 1636 838 1696 etc.
860 1633 1026 1693 Euch
1060 1629 1326 1689 anderen
1348 1624 1426 1684 5.
1437 1620 1681 1680 Dat.

572 1730 612 1790 2.
731 1724 850 1784 Juli
917 1723 1103 1783 1649

1193 1814 1335 1874 Sl.
1412 1814 1489 1874 und
1502 1816 1656 1876 Raht
1682 1816 1759 1876 etc.

892 2047 992 2107 A¬

612 2134 720 2194 die
744 2138 864 2198 Hhl.
864 2137 1056 2197 Staden
1127 2127 1391 2187 Generalen
1451 2114 1559 2174 der

681 2212 1009 2272 vereinigten
1067 2204 1404 2264 Niederlanden

546 2362 859 2422 hochmagende
909 2362 971 2422 etc.

536 2484 713 2544 haber
755 2477 932 2537 Jochim,
953 2473 1068 2533 mich
1130 2468 1339 2528 villeicht
1381 2460 1495 2520 wohl
1537 2445 1746 2505 bekant¬

561 2540 778 2600 worden
829 2536 1004 2596 seyn,
1013 2533 1163 2593 was
1205 2527 1297 2587 für
1347 2522 1448 2582 eine
1489 2512 1832 2572 höchstgefuhrliche

560 2600 967 2660 Donopiration
1055 2599 1219 2659 wider
1248 2595 1452 2655 Vnsere
1471 2582 1723 2642 Regierung

3347 431 3364 491 4

2222 508 2314 568 von
2364 504 2623 564 verschiedenen
2674 505 2866 565 Unseren
2891 506 3083 566 bürgeren
3142 503 3251 563 also
3284 499 3376 559 an¬

2229 579 2472 639 gesonnen
2519 575 2746 635 worden,
2754 574 2903 634 daß,
2926 572 3012 632 wo
3028 570 3075 630 es
3106 567 3231 627 durch
3263 562 3357 622 die

2243 644 2481 704 fürstehung
2506 638 2702 698 Gottes,
2736 635 2804 695 mit
2855 634 3025 694 Gnädig
3067 631 3161 691 war
3220 628 3373 688 abge¬

2241 710 2389 770 wendet
2443 702 2661 762 worden,
2692 698 2840 758 durch
2886 695 3042 755 selbige
3089 692 3174 752 die
3182 689 3392 749 Gantzu¬

2253 778 2378 838 Staat
2433 772 2488 832 in
2543 769 2699 829 Große
2746 767 3012 827 vertirung
3058 765 3144 825 und
3176 763 3348 823 kumer

3320 819 3432 879 Wie

2246 842 2381 902 hätte
2444 836 2625 896 gesetzet
2679 833 2833 893 werden
2915 832 3059 892 konnen

2248 902 2333 962 dann
2389 902 2531 962 auch
2578 902 2653 962 deß
2663 902 2917 962 enthalber
2945 899 3068 959 drey
3106 895 3200 955 der
3219 888 3426 948 Vormester

2256 970 2656 1030 Rädelsführeren
2720 971 2840 1031 durch
2855 971 3015 1031 wieder
3047 968 3103 1028 sie
3151 961 3407 1021 ergangene

2235 1033 2359 1093 Urtel
2413 1036 2644 1096 würklich
2706 1037 2768 1097 mit
2822 1036 2891 1096 dem
2946 1033 3108 1093 Schwert
3169 1030 3239 1090 vom
3285 1024 3409 1084 Leben

2224 1099 2332 1159 zum
2368 1098 2449 1158 des
2503 1097 2799 1157 hingerichtet
2871 1093 3051 1153 worden

3275 1099 3419 1159 Aus

2225 1166 2313 1226 der
2343 1164 2424 1224 mit
2476 1162 2763 1222 denenselben
2830 1162 3095 1222 verfahren
3147 1156 3383 1216 procedit

2228 1230 2305 1290 nun
2367 1229 2436 1289 hat
2482 1229 2567 1289 sich,
2605 1229 2720 1289 neben
2767 1229 2982 1289 anderen
3059 1227 3159 1287 auch
3190 1221 3420 1281 ergeben

2227 1297 2310 1357 daß
2347 1301 2496 1361 Vnser
2561 1301 2774 1361 Burger,
2793 1298 2876 1358 die
2913 1297 2997 1357 und
3034 1291 3275 1351 Regiment
3312 1285 3442 1345 frau¬

2225 1370 2657 1430 stranstehende
2701 1365 2991 1425 Haubtmann
3026 1356 3255 1416 Herbort
3299 1349 3378 1409 sich

2234 1439 2386 1499 dieses
2426 1435 2929 1495 Staatsverbrechens,
2961 1426 3112 1486 solcher
3160 1417 3360 1477 maßen

2233 1508 2531 1568 theilhafftig
2568 1505 2820 1565 gemacht,
2830 1500 2979 1560 daß
3025 1493 3165 1553 daran
3212 1482 3445 1542 gelegen¬

2518 1576 2799 1636 Uns
2842 1572 3012 1632 seiner
3054 1563 3191 1623 Person
3233 1555 3301 1615 zu
3335 1549 3454 1609 ver¬

2232 1578 2322 1638 seyn
2377 1571 2432 1631 soll

2801 1649 2945 1709 Wir
2978 1644 3130 1704 haben
3171 1634 3340 1694 dahero
3364 1626 3420 1686 nit

2226 1649 2393 1709 sicheren

2242 1715 2479 1775 umbgehen
2541 1715 2777 1775 mögen,
2786 1714 2944 1774 Uns
2962 1712 3023 1772 die
3049 1709 3155 1769 Ehre
3190 1705 3234 1765 zu
3269 1696 3435 1756 Geben¬

2224 1789 2257 1849 E.
2334 1787 2533 1847 Hochg.
2555 1787 2621 1847 mit
2677 1783 3075 1843 Gegenwertigen
3152 1774 3273 1834 grund
3285 1769 3384 1829 nach
3384 1765 3428 1825 be¬

2237 1861 2302 1921 zu
2331 1859 2621 1919 ersuchen,
2640 1858 2911 1918 dieselben
2958 1850 3155 1910 beliebt
3220 1836 3342 1896 seyn

2215 1931 2446 1991 wollen,
2446 1930 2585 1990 die
2631 1928 2964 1988 erforderliche
3028 1920 3250 1980 Anstalt
3315 1909 3426 1969 ohn¬

2219 1992 2411 2052 beschwert
2480 1987 2603 2047 dahin
2672 1984 2886 2044 ergehen
2948 1982 2986 2042 zu
3024 1978 3231 2038 laßen,
3239 1971 3354 2031 das

2201 2062 2363 2122 dieser
2399 2059 2570 2119 Vnser
2624 2055 2795 2115 Burger
2858 2051 2939 2111 der
2984 2041 3335 2101 Haubtmann

2221 2140 2424 2200 Herbort
2502 2134 2647 2194 sambt
2666 2132 2801 2192 auff
2869 2131 2956 2191 sich
2995 2126 3198 2186 habenden
3236 2113 3449 2173 schrifften,

2202 2203 2263 2263 in
2306 2201 2444 2261 sicher
2513 2201 2851 2261 verwahrung
2920 2197 3179 2257 gebracht,
3188 2189 3318 2249 und
3352 2180 3395 2240 so

2226 2272 2360 2332 kände
2405 2273 2449 2333 in
2494 2274 2726 2334 verhafft
2788 2269 2993 2329 behalten
3047 2257 3323 2317 werden,
3323 2245 3421 2305 biß

2217 2345 2345 2405 wir
2381 2347 2528 2407 der
2555 2347 2683 2407 Jahm
2765 2342 3067 2402 Peinthalb
3122 2329 3214 2389 das
3241 2314 3406 2374 ferner

2205 2414 2369 2474 weite
2430 2409 2636 2469 Ansuchen
2697 2401 2810 2461 thun
2841 2392 3056 2452 werden

2224 2479 2480 2539 Gleichwie
2542 2473 2622 2533 nun
2692 2466 2842 2526 allen
2887 2455 3116 2515 Staaten,
3160 2438 3346 2498 daran

2222 2550 2475 2610 gelegenn,
2484 2545 2611 2605 daß
2640 2537 2902 2597 derogleichen
2980 2525 3135 2585 soror
3203 2513 3300 2573 der

2227 2608 2541 2668 Allgemeinen
2590 2603 2698 2663 auch
2737 2599 2815 2659 zu
2855 2590 3168 2650 Gebührender
3217 2577 3384 2637 Ver¬
