4032 3024
343 361 410 421 24.

541 462 646 522 Jhar
670 468 880 528 anstand,
880 474 985 534 die
1020 482 1266 542 procetur
1336 491 1464 551 Kopl.
1488 496 1745 556 communicirt

525 545 728 605 werde,
737 549 905 609 damit
958 552 1029 612 sie
1064 555 1152 615 sich
1197 560 1347 620 darzu
1400 568 1647 628 verfaßet,
1682 579 1833 639 machen

519 624 661 684 können

508 838 629 898 Zue
690 840 735 900 an
780 849 1038 909 Mhhl.
1053 860 1114 920 die
1144 871 1447 931 Kriegstracht,
1493 881 1553 941 dan
1614 884 1796 944 nunmer

516 922 733 982 Meyl.
763 923 851 983 und
901 928 950 988 G.
989 933 1078 993 G.
1108 938 1196 998 und
1206 941 1265 1001 6.
1295 947 1482 1007 heutigen
1531 952 1659 1012 tags,
1689 952 1797 1012 sich

539 995 781 1055 bekanter
818 1003 1088 1063 maßen,
1116 1014 1209 1074 ob
1246 1021 1385 1081 denen
1432 1029 1534 1089 mit
1571 1032 1655 1092 den
1692 1031 1823 1091 drit¬

526 1075 828 1135 inhafftirten
885 1087 1309 1147 Ohnglückseligen
1357 1100 1621 1160 Burgeren
1640 1099 1866 1159 Marchend

519 1154 829 1214 Werner,
849 1158 1189 1218 Stadent.
1189 1166 1359 1226 Guter
1409 1171 1509 1231 und
1539 1173 1789 1233 Haubtmann

503 1235 714 1295 Häntze,
746 1235 947 1295 bekanter
989 1241 1338 1301 hochstschwaren,
1380 1246 1602 1306 verbrechen
1676 1239 1792 1299 halb

510 1310 789 1370 verfuhrten
847 1310 1183 1370 examinibus
1221 1312 1337 1372 sich
1385 1312 1683 1372 ersettiget,
1702 1307 1798 1367 und

505 1388 629 1448 Ihre
658 1387 801 1447 wegen
877 1388 992 1448 das
1011 1390 1297 1450 Blutricht
1354 1390 1459 1450 auß
1526 1386 1774 1446 künfftigen

512 1454 799 1514 Sitwochen
878 1457 997 1517 wird
1056 1460 1363 1520 versambet,
1402 1460 1550 1520 die
1580 1456 1728 1516 Urtel
1778 1448 1837 1508 dan

500 1531 734 1591 Montagk
797 1535 1020 1595 darauff
1052 1535 1126 1595 an
1169 1534 1339 1594 Ihnen
1392 1529 1636 1589 vollzogen
1700 1524 1827 1584 werden

529 1609 655 1669 soll,
713 1612 906 1672 Alß
965 1612 1119 1672 haben
1168 1608 1400 1668 Weghl.
1429 1602 1535 1662 und
1555 1599 1622 1659 E.
1632 1595 1719 1655 G.
1729 1591 1816 1651 und

517 1689 599 1749 3.
609 1686 721 1746 Sie
752 1683 956 1743 Mehghl.
977 1681 1120 1741 deßen
1171 1678 1335 1738 hiemit
1416 1669 1733 1729 nachrichtlich

483 1761 819 1821 verständigen
895 1759 1122 1819 wollen,
1133 1757 1241 1817 mit
1284 1754 1436 1814 frl.
1447 1746 1706 1806 Gesinnen,
1739 1734 1793 1794 von

483 1841 629 1901 Ihnen
692 1835 796 1895 aus
838 1832 1183 1892 ohngesammt,
1204 1829 1381 1889 solche
1392 1819 1695 1879 anstalten

484 1921 890 1981 vorzulehrenn,
921 1917 1088 1977 damit
1130 1914 1265 1974 auff
1349 1903 1640 1963 gedachten
1672 1884 1838 1944 denstig¬

497 2001 695 2061 sowohl
742 1996 837 2056 fur
874 1994 950 2054 die
978 1990 1195 2050 sicherheit
1270 1985 1355 2045 der
1402 1978 1601 2038 Stadt,
1629 1969 1733 2029 als
1751 1963 1836 2023 aber

494 2088 601 2148 für
637 2082 708 2142 die
743 2076 981 2136 Execution
1064 2070 1301 2130 gnugsam
1360 2062 1633 2122 prospicirt
1681 2048 1835 2108 seyn.

491 2168 699 2228 Maßen
728 2165 995 2225 Muthl.
1024 2160 1123 2220 und
1143 2155 1241 2215 E.
1261 2150 1360 2210 H.
1370 2144 1478 2204 vnd
1488 2137 1577 2197 G.
1596 2124 1764 2184 bestes

485 2244 768 2304 zutrauwen
866 2238 940 2298 zu
977 2235 1136 2295 Ihrem
1173 2226 1444 2286 Mhghl.
1481 2207 1690 2267 gestellet
1690 2190 1825 2250 ist,

458 2464 622 2524 Ins
651 2457 741 2517 an
770 2451 1008 2511 Mhhl.
1023 2446 1142 2506 H.
1142 2440 1305 2500 Fischer
1394 2421 1706 2481 Schmedeßen
1736 2394 1825 2454 auch

478 2533 747 2593 berichten,
768 2525 861 2585 mit
892 2518 1182 2578 gesinnen,
1192 2512 1275 2572 zu
1306 2500 1689 2560 veranstalten,
1710 2480 1782 2540 das

482 2607 557 2667 auf
620 2598 886 2658 gedachten
961 2588 1333 2648 Executiontag
1386 2584 1472 2644 die
1503 2577 1769 2637 schencken

3335 439 3390 499 25

2148 533 2423 593 gewohnter
2452 536 2589 596 ortern
2629 539 2933 599 dargethan,
2972 538 3070 598 und
3089 534 3334 594 dasjenige

2147 608 2506 668 bewerbestettiget
2570 607 2801 667 werde,
2809 606 2920 666 was
2960 605 3000 665 in
3048 603 3175 663 diesen
3223 599 3383 659 fahlen

2146 678 2455 738 erforderlich
2511 674 2615 734 und
2661 674 2783 734 Ihme
2839 676 3074 736 Muchhl.
3083 673 3289 733 bestens
3327 663 3402 723 be¬

2135 760 2294 820 kant,
2363 750 2491 810 Wie
2521 746 2699 806 zuthun
2729 748 2798 808 vnd

2126 945 2178 1005 N.
2230 934 2345 994 By
2376 927 2438 987 der
2449 918 2720 978 Quaestion,
2751 910 2834 970 Ob
2855 905 2917 965 die
2928 897 3188 957 procedire
3220 886 3292 946 der
3303 879 3428 939 drey¬

2139 987 2500 1047 Delinquenten,
2525 973 2673 1033 neml
2714 967 2780 1027 deß
2829 956 3108 1016 Handelmann
3149 939 3421 999 Werners

2140 1060 2388 1120 Stadtleut
2429 1045 2619 1105 Guters
2660 1036 2759 1096 und
2809 1021 3114 1081 Haubtmann
3172 1000 3370 1060 Hantzig

2147 1118 2317 1178 complet
2354 1105 2642 1165 anzusehen,
2664 1092 2768 1152 oder
2797 1083 2908 1143 nit,
2915 1077 2997 1137 ist
3041 1067 3181 1127 man,
3189 1058 3337 1118 vor¬

2144 1174 2360 1234 Mughl.
2368 1164 2480 1224 und
2512 1157 2568 1217 o.
2600 1153 2640 1213 in
2688 1146 2824 1206 pleno
2880 1134 3024 1194 denen
3072 1121 3264 1181 übrigen
3328 1105 3408 1165 mit

2142 1228 2443 1288 Implicirten
2474 1210 2672 1270 personen
2743 1198 2846 1258 aber
2886 1190 2996 1250 nach
3028 1175 3344 1235 derordnung

2144 1303 2204 1363 von
2243 1285 2392 1345 deß
2441 1261 2758 1321 abgesagten

2417 1426 2476 1486 me
2713 1411 3365 1471 ad¬

2016 1686 2083 1746 A
2284 1674 2713 1734 Schüttlich
2821 1660 3008 1720 Raht
3062 1654 3183 1714 und
3196 1651 3464 1711 Burge¬

2150 1784 2255 1844 der
2278 1780 2407 1840 Statt
2465 1774 2581 1834 dern
2605 1767 2896 1827 Vrkunden
2931 1759 3059 1819 hiemit

2145 1895 2452 1955 Demnach
2477 1881 2567 1941 Wir
2592 1876 2694 1936 aus
2707 1870 3026 1930 abgelaßener
3064 1865 3269 1925 Vergicht,
3307 1862 3383 1922 und

2145 1983 2465 2043 Bekandtnuß
2511 1969 2660 2029 alhier
2706 1961 3038 2021 gegenwärtig
3072 1957 3152 2017 vor
3175 1954 3393 2014 Recht¬

2115 2071 2379 2131 stehender
2400 2056 2790 2116 Ubelthateren,
2811 2049 3033 2109 nahmens
3043 2044 3275 2104 Samuel

2121 2169 2421 2229 Niclaus
2469 2155 2781 2215 Werner,
2817 2149 3033 2209 Damuel
3093 2143 3237 2203 Herrn
3345 2135 3417 2195 und

2121 2250 2406 2310 mangel
2474 2241 2705 2301 Schuetter
2732 2236 3031 2296 Gewesenen
3072 2234 3208 2294 Statt
3208 2231 3466 2291 Leutenan¬

2143 2327 2258 2387 Alle
2277 2323 2373 2383 der
2431 2318 2593 2378 Bürger
2613 2315 2699 2375 der
2728 2314 2852 2374 Statt
2881 2311 3034 2371 Hern,
3063 2309 3130 2369 mit
3168 2306 3427 2366 empfindt¬

2143 2407 2324 2467 lichster
2334 2401 2631 2461 betrubnuß
2695 2395 2801 2455 und
2833 2390 3056 2450 Rährung
3088 2384 3300 2444 Vnserer
3321 2380 3448 2440 Landt¬

2119 2492 2389 2552 Vätterlichen
2424 2485 2623 2545 Herzen,
2658 2482 2904 2542 Vernemmen
2939 2480 3197 2540 mueßen,
3209 2479 3373 2539 Wie
