4032 3024
355 370 403 430 26

517 466 661 526 Wie
685 474 852 534 dieser
899 485 1126 545 Unsere
1138 496 1317 556 Burger
1413 511 1771 571 unglückseelige

523 542 759 602 Bürgere
800 551 882 611 nun
912 557 1015 617 seit
1066 569 1302 629 etwelcher
1353 580 1456 640 Zeitt
1476 585 1589 645 eine
1610 590 1794 650 höchst

516 633 788 693 gefährliche
847 646 1213 706 Conspiration
1260 651 1367 711 mit
1402 658 1685 718 formlicher
1709 670 1827 730 Zu¬

527 725 711 785 Namen
733 730 959 790 Schwerung
1013 735 1337 795 angesponend,
1370 739 1456 799 zum
1510 744 1715 804 Vnsere

523 815 814 875 Regierung
848 819 1243 879 anzugreifen,
1278 827 1534 887 dieselbige
1569 839 1836 899 aufzulaßen,

520 895 628 955 und
664 899 724 959 zu
748 905 1036 965 zernichtten,
1036 912 1216 972 darzu
1252 918 1336 978 dan
1372 923 1516 983 solche
1540 933 1780 993 greulich

513 988 634 1048 vns
675 992 939 1052 Mördtliche
979 997 1172 1057 Mittel
1222 1006 1466 1066 gebrauchen
1516 1019 1729 1079 wollen,
1750 1029 1831 1089 daß

509 1082 756 1142 Klostere
782 1084 977 1144 wehrte,
1016 1088 1133 1148 durch
1159 1094 1367 1154 Gottes
1393 1102 1549 1162 Gueter
1601 1108 1679 1168 biß
1718 1113 1835 1173 hiehin¬

514 1183 540 1243 so
605 1181 800 1241 Gnädig
839 1183 1073 1243 beschutzete
1112 1189 1190 1249 und
1230 1198 1555 1258 gesegnete
1594 1210 1750 1270 Vatter
1750 1216 1867 1276 Statt

521 1276 549 1336 in
606 1270 691 1330 den
705 1269 932 1329 großen
975 1275 1145 1335 Samer
1173 1286 1414 1346 gesezet,
1429 1292 1443 1352 ja
1471 1294 1585 1354 der
1613 1296 1755 1356 gantze

512 1373 640 1433 Stadt
686 1375 814 1435 hätte
849 1381 1174 1441 Zertrewet,
1209 1386 1302 1446 vnd
1348 1390 1662 1450 ungelehrt
1697 1386 1813 1446 werden

501 1462 641 1522 konen,

479 1625 601 1685 zu
616 1624 784 1684 diesem
814 1624 951 1684 Ihnen
1012 1627 1302 1687 verdamblichen
1363 1629 1607 1689 vorhaben,
1622 1630 1760 1690 ver¬

508 1732 641 1792 anoch
654 1730 801 1790 viele
827 1730 987 1790 Ihrer
1027 1729 1346 1789 Mitburgeren
1399 1729 1532 1789 durch
1559 1729 1705 1789 falsche

489 1837 598 1897 uns
625 1838 883 1898 Gottlose
924 1838 1372 1898 Verunglimpffung
1385 1834 1494 1894 und
1508 1828 1793 1888 beschuldigung

480 1943 623 2003 Ihrer
662 1949 726 2009 von
778 1951 856 2011 Gott
908 1948 1128 2008 gesetzten
1166 1939 1438 1999 naturlichen
1451 1932 1568 1992 und
1606 1927 1788 1987 recht¬

480 2039 701 2099 mäßigen
752 2042 1024 2102 Gnädigen
1037 2039 1309 2099 Obrigkeit,
1348 2035 1413 2095 und
1465 2029 1620 2089 andere
1659 2020 1750 2080 aus¬

473 2138 595 2198 dem
619 2135 863 2195 Abgrund
900 2135 985 2195 der
1009 2135 1217 2195 boßheit,
1229 2133 1509 2193 herrührende
1522 2121 1778 2181 arglistige

479 2236 645 2296 Mittel
683 2235 734 2295 zu
747 2234 900 2294 Ihrem
950 2231 1269 2291 Vnternemen
1282 2227 1587 2287 verführet,
1587 2224 1689 2284 also
1727 2220 1804 2280 daß

480 2324 623 2384 leider
667 2323 822 2383 deren
833 2323 1043 2383 welche
1065 2321 1275 2381 flüchtig
1308 2321 1551 2381 worden,
1585 2320 1706 2380 noch

484 2406 705 2466 mehrere
761 2408 883 2468 aber
938 2410 994 2470 in
1005 2411 1227 2471 schwehren
1238 2413 1426 2473 banden
1471 2413 1604 2473 aus
1637 2410 1781 2470 Ver¬

465 2502 814 2562 Antwortung
850 2499 959 2559 ligen

3328 446 3382 506 27.

2127 529 2335 589 er
2374 540 2581 600 gewesene
2633 551 2723 611 Statt
2749 564 3034 624 Lieutenant
3099 580 3293 640 Güeter,
3293 586 3436 646 dar¬

2145 635 2262 695 deme
2298 635 2388 695 die
2415 640 2756 700 Allgemeine,
2801 649 2882 709 und
2918 654 2999 714 der
3035 658 3161 718 Statt
3179 663 3323 723 Gen¬

2111 728 2353 788 sicherheit
2385 730 2473 790 und
2506 733 2616 793 Mich
2637 738 2703 798 ins
2769 745 2988 805 besonders
3010 750 3054 810 in
3098 752 3262 812 Pflicht
3295 750 3394 810 und

2121 827 2172 887 Er
2223 827 2550 887 anvertrawet
2581 832 2745 892 wäre,
2776 834 2888 894 diese
2898 836 2960 896 so
2960 838 3062 898 weit
3093 841 3144 901 hin
3175 843 3379 903 angesetzt

2131 922 2241 982 daß
2286 925 2341 985 Er
2363 928 2463 988 sich
2507 931 2796 991 entschließen
2829 932 3006 992 konen,
3017 931 3128 991 alles
3150 929 3217 989 mit
3239 926 3383 986 Mor¬

2128 1016 2211 1076 vnd
2232 1016 2387 1076 braus
2439 1017 2491 1077 zu
2522 1020 2730 1080 erfullen,
2761 1024 2855 1084 umb
2886 1029 3062 1089 seinen
3093 1034 3301 1094 Gottlosen
3332 1036 3436 1096 zwel¬

2110 1105 2198 1165 zu
2231 1105 2464 1165 erreichen,
2475 1107 2663 1167 Endtlich
2696 1109 2774 1169 auch
2785 1111 2874 1171 dem
2896 1115 3239 1175 Obrigkeitlichen
3283 1123 3438 1183 Befeld¬

2125 1199 2225 1259 mit
2281 1201 2514 1261 bewehrter
2548 1206 2648 1266 hand
2659 1210 2748 1270 sich
2771 1216 3060 1276 widersetzet.

2018 1407 2200 1467 Da
2225 1398 2316 1458 nun
2355 1396 2626 1456 obgemeldte
2626 1401 2756 1461 drey
2769 1408 3092 1468 Mißethater
3131 1414 3247 1474 durch
3273 1408 3390 1468 diese

2112 1492 2233 1552 Ihre
2266 1495 2431 1555 Marke
2464 1496 2552 1556 und
2574 1496 2783 1556 Anschlag
2805 1496 3036 1556 (obwohlen
3091 1494 3190 1554 deren
3223 1492 3432 1552 wartung

2117 1591 2263 1651 durch
2299 1594 2482 1654 Gottes
2518 1595 2713 1655 gnädige
2737 1597 2993 1657 Vorstehung
3030 1597 3115 1657 und
3139 1595 3370 1655 besonderen

2116 1687 2273 1747 Schutz
2314 1686 2534 1746 zerrichtet
2586 1685 2795 1745 worden)
2826 1685 2941 1745 sich
2962 1685 3045 1745 des
3056 1683 3338 1743 abscheulichen

2114 1781 2400 1841 Verbrechens
2412 1780 2507 1840 des
2507 1780 2639 1840 Hoch
2662 1780 2877 1840 Verrahts
2901 1778 2960 1838 im
2972 1777 3175 1837 höchsten
3210 1775 3377 1835 Gros¬

2120 1867 2271 1927 schuldig
2325 1861 2550 1921 gemachet,

2106 2000 2240 2060 Als
2267 1995 2387 2055 haben
2441 1993 2535 2053 Wir
2535 1991 2629 2051 auf
2655 1991 2722 2051 den
2722 1993 2937 2053 heutigen
2964 1994 3058 2054 tag
3098 1996 3192 2056 vnd
3205 1996 3339 2056 Bey¬

2115 2097 2280 2157 Eyden
2292 2090 2528 2150 verstanden
2587 2086 2775 2146 laßen,
2810 2086 2905 2146 diese
2928 2086 3093 2146 schwehre
3140 2082 3388 2142 Mißethaten

2127 2186 2231 2246 nach
2243 2184 2335 2244 dem
2393 2182 2485 2242 von
2520 2179 2636 2239 Gott
2647 2176 2763 2236 Vns
2786 2170 3190 2230 Vnverwanten
3225 2168 3387 2228 Hoch¬

2115 2278 2502 2338 Obrigkeitlichen
2549 2272 2795 2332 Gewalt,
2806 2270 3017 2330 Richter
3041 2270 3169 2330 und
3240 2269 3333 2329 umb¬

2137 2366 2315 2426 darmit
2363 2366 2648 2426 verkunpfften
2695 2364 2897 2424 Pflichten
2932 2363 3003 2423 zu
3039 2360 3383 2420 bestraffen,

2118 2464 2300 2524 damit
2338 2461 2597 2521 Jederman,
2623 2457 2714 2517 von
2740 2452 2960 2512 dergleichen
3011 2446 3218 2506 Greuel
3270 2444 3400 2504 abge¬

3277 2528 3399 2588 schwert
