4032 3024
514 544 574 604 16

704 637 848 697 Jedel
872 629 908 689 an
920 622 1052 682 Marsche
1112 609 1160 669 die
1172 601 1340 661 gehende
1340 592 1496 652 Räht:
1508 587 1580 647 Alß
1604 586 1748 646 heutigen
1772 590 1916 650 morgen¬

714 715 842 775 Mag.
885 706 949 766 und
959 702 981 762 G.
1002 696 1119 756 und
1140 690 1172 750 G.
1194 684 1268 744 zur
1300 676 1545 736 beurtheilung
1556 673 1705 733 david
1716 673 1823 733 hinge
1844 677 1908 737 deß¬

714 786 903 846 Goldschmidt
962 772 1201 832 geschritten,
1220 761 1359 821 welcher
1369 758 1389 818 in
1439 754 1508 814 der
1528 754 1727 814 bekanten
1736 757 1925 817 leydigen

718 862 1010 922 Conspiration
1031 843 1258 903 impliciret,
1279 835 1333 895 bey
1355 830 1549 890 außbruch
1549 829 1733 889 derselben
1776 837 1959 897 fluchtig¬

729 939 906 999 borden,
922 928 1068 988 seithero
1092 921 1197 981 aber,
1221 915 1318 975 seine
1334 910 1503 970 mögliche
1536 909 1818 969 begnädigung
1851 913 1891 973 in

732 1017 898 1077 demuht
922 1009 934 1069 zu
957 1002 1135 1062 suchen,
1147 997 1171 1057 in
1194 994 1277 1054 die
1289 989 1503 1049 Oberkeitl.
1514 988 1621 1048 hafft
1633 991 1858 1051 freywillig
1858 997 1905 1057 sich

716 1102 860 1162 gestalt
871 1090 964 1150 hat,
974 1083 1036 1143 So
1036 1077 1149 1137 haben
1180 1068 1387 1128 hochgedacht
1397 1066 1480 1126 Ihr
1480 1066 1552 1126 g.
1562 1067 1645 1127 auß
1666 1071 1779 1131 seinem
1810 1079 1955 1139 Exami¬

735 1174 800 1234 ne
821 1169 886 1229 und
886 1159 1176 1219 freymühtigen
1198 1151 1424 1211 bekantnuß
1456 1151 1618 1211 ersehenn,
1650 1153 1715 1213 daß
1747 1155 1790 1215 Er
1790 1158 1887 1218 zu¬

723 1246 828 1306 zwar
837 1243 856 1303 in
875 1237 961 1297 dise
990 1232 1151 1292 Gottlose
1161 1227 1427 1287 Portierung
1456 1226 1513 1286 sich
1532 1227 1770 1287 verstriben,
1799 1231 1837 1291 in
1865 1234 1922 1294 eine

732 1317 909 1377 nächtliche
949 1310 1195 1370 Versamlung
1214 1305 1293 1365 sich
1303 1304 1519 1364 verleiten,
1529 1303 1598 1363 und
1628 1304 1726 1364 alda
1746 1307 1814 1367 mit
1844 1312 1952 1372 ehr¬

731 1397 972 1457 beschehenem
1014 1388 1088 1448 Eyd
1109 1385 1213 1445 wider
1234 1381 1392 1441 Unsere
1392 1381 1643 1441 Regierung
1664 1382 1727 1442 sich
1748 1385 1948 1445 verbinden,

721 1475 882 1535 laßen.
892 1468 996 1528 Wan
1025 1463 1120 1523 aber
1139 1460 1367 1520 anderseits
1386 1459 1452 1519 Ihr
1471 1459 1509 1519 ge
1547 1459 1614 1519 mit
1652 1462 1918 1522 angebohrner

710 1551 919 1611 güetigkeit
963 1542 996 1602 in
1018 1537 1270 1597 betrachtung
1303 1535 1478 1595 gezogen,
1489 1535 1555 1595 die
1566 1537 1686 1597 kurze
1697 1540 1774 1600 Zeit,
1807 1544 1939 1604 welche

726 1633 817 1693 der
817 1628 908 1688 zug
931 1622 942 1682 in
965 1617 1079 1677 disem
1113 1612 1318 1672 Verbrechen
1364 1611 1603 1671 gestanden,
1615 1612 1694 1672 das
1706 1615 1922 1675 mißfallen

741 1706 856 1766 und
856 1702 1098 1762 aufrichtige
1108 1699 1223 1759 Reul
1234 1699 1286 1759 so
1297 1697 1339 1757 Er
1349 1697 1528 1757 darüber,
1538 1697 1569 1757 so
1580 1697 1674 1757 wohl
1695 1698 1800 1758 durch
1800 1699 1916 1759 seine

729 1789 1010 1849 sistierung,
1020 1781 1078 1841 alß
1098 1776 1369 1836 freymühtige
1369 1774 1534 1834 runde
1554 1772 1777 1832 bekantnuß
1786 1774 1844 1834 an
1874 1777 1932 1837 tag

721 1869 890 1929 gelegt,
900 1863 969 1923 So
979 1859 1068 1919 haben
1088 1855 1178 1915 auch
1178 1852 1376 1912 hochgedl.
1386 1850 1455 1910 Ihr
1465 1850 1515 1910 H.
1544 1850 1624 1910 Ihre
1624 1850 1772 1910 Milde
1782 1852 1852 1912 vor
1862 1855 1971 1915 Recht¬

725 1942 777 2002 zu
798 1938 953 1998 erzeigen
974 1933 1036 1993 sich
1047 1930 1223 1990 geneiget,
1244 1927 1389 1987 mithin
1410 1927 1587 1987 Erben,
1608 1925 1649 1985 Er
1670 1925 1763 1985 solle
1774 1925 1961 1985 obgenanter

723 2017 876 2077 david
906 2010 978 2070 zig
998 2008 1070 2068 auß
1100 2005 1162 2065 der
1162 2003 1508 2063 gefangenschafft
1529 2005 1641 2065 Ihnen
1641 2005 1764 2065 muge
1804 2006 1998 2066 zugeführ¬

735 2089 866 2149 Ihme
866 2084 967 2144 alda
987 2082 1038 2142 die
1048 2080 1199 2140 schwähre
1240 2080 1321 2140 und
1341 2081 1583 2141 gefährlichkeit
1624 2083 1745 2143 seines
1755 2086 1977 2146 verbrechens,

718 2166 880 2226 kräfftig
889 2156 1168 2216 vorgehalten,
1177 2153 1240 2213 Er
1240 2153 1294 2213 zu
1294 2153 1492 2213 fernerer
1510 2156 1753 2216 beständiger
1753 2158 1915 2218 verub¬

716 2231 826 2291 gegen
836 2225 967 2285 seiner
967 2220 1168 2280 gnädigen
1198 2218 1399 2278 Obrigkeit
1439 2218 1700 2278 angemahnet,
1700 2219 1801 2279 und
1811 2221 1971 2281 Eydtlich

1426 2291 1760 2351 Welchemnach
1768 2294 1948 2354 derselbe

732 2301 844 2361 darzu
853 2293 1069 2353 verbunden
1095 2290 1285 2350 werden,

734 2366 838 2426 nach
857 2366 970 2426 seinem
1017 2365 1121 2425 hause
1130 2364 1206 2424 sich
1225 2363 1451 2423 verfuegen,
1480 2363 1565 2423 und
1565 2365 1678 2425 darin
1697 2365 1810 2425 zwey
1838 2367 1923 2427 Jahr

733 2436 834 2496 lang
859 2435 893 2495 im
943 2432 1070 2492 arrest
1103 2431 1330 2491 verbleiben
1356 2431 1499 2491 solle.
1507 2432 1617 2492 Nach
1625 2434 1726 2494 welch
1734 2439 1978 2499 verfloßenem

728 2508 890 2568 Demmin
909 2503 972 2563 Er
990 2501 1062 2561 sich
1072 2499 1126 2559 nun
1162 2497 1225 2557 die
1244 2495 1470 2555 liberation
1506 2497 1633 2557 seines
1633 2501 1778 2561 arrest
1796 2506 1868 2566 bey

730 2577 827 2637 Mich
894 2566 1106 2626 gebührend
1106 2562 1386 2622 anmelden,
1396 2563 1569 2623 dieselbe
1589 2566 1656 2626 dan
1666 2570 1724 2630 in
1724 2575 1820 2635 deßen
1868 2585 1984 2645 durch

737 2642 845 2702 seine
863 2634 1060 2694 gehorsame
1069 2628 1167 2688 vnd
1185 2626 1328 2686 getreue
1355 2626 1588 2686 anführung
1597 2631 1794 2691 belarten
1829 2643 1937 2703 solte,

725 2703 880 2763 Welches
899 2697 957 2757 die
967 2693 1082 2753 Meche,
1082 2690 1140 2750 zu
1140 2686 1334 2746 beliebiger
1353 2683 1440 2743 Zeith
1440 2683 1498 2743 zu
1498 2683 1672 2743 vorziehen
1700 2689 1816 2749 belieben
1845 2700 1942 2760 werden

3401 453 3434 513 17.

2169 532 2311 592 Hedel
2335 523 2394 583 ad
2394 518 2547 578 Condem
2582 512 2771 572 heutigen
2807 511 2960 571 morgen
2996 510 3173 570 zugelegen
3196 509 3267 569 deß
3291 508 3444 568 Mitge¬

2188 593 2381 653 konnauel
2418 585 2528 645 stentz
2528 583 2602 643 vor
2620 581 2749 641 Magt,
2777 581 2841 641 und
2860 581 2887 641 E.
2915 581 2952 641 A.
2970 581 3034 641 vnd
3053 582 3108 642 G.
3108 583 3255 643 geandet
3283 586 3458 646 worden,

2199 671 2282 731 daß
2290 661 2449 721 entgegen
2474 655 2540 715 der
2557 652 2598 712 in
2615 649 2740 709 seinem
2765 649 2973 709 locamire
3006 649 3231 709 vorgegebenen
3264 647 3423 707 Völligen

2186 740 2364 800 Unschuld
2394 726 2483 786 und
2483 718 2770 778 Unbußenheit
2790 716 2948 776 ratione
2968 716 3027 776 der
3037 718 3294 778 Conspiration
3324 718 3472 778 selbiger

2189 811 2319 871 denoch
2349 802 2378 862 so
2388 797 2478 857 wohl
2498 792 2537 852 in
2557 788 2617 848 deß
2627 786 2746 846 Hags,
2756 782 2816 842 alß
2836 781 2895 841 deß
2905 779 3104 839 Chirurgi
3134 779 3303 839 Werners
3333 781 3502 841 Caamen

2202 878 2282 938 alß
2302 873 2341 933 ein
2391 865 2510 925 solcher
2530 859 2729 919 erscheine,
2739 854 2798 914 der
2798 853 2957 913 mehrer
2997 851 3086 911 oder
3106 849 3285 909 minder
3315 848 3474 908 wüßen¬

2196 949 2370 1009 schafft
2389 938 2476 998 davon
2515 931 2612 991 gehabt
2641 925 2737 985 haben
2766 920 2931 980 wiese,
2940 919 3056 979 Auf
3076 917 3114 977 die
3124 917 3172 977 he
3211 918 3327 978 haben
3346 920 3530 980 hochged¬

2212 1025 2309 1085 Ihr
2309 1020 2387 1080 H.
2397 1015 2494 1075 Ihnen
2513 1009 2668 1069 Mahlschen
2697 1002 2891 1062 überlaßen
2901 998 3076 1058 wollen,
3095 997 3163 1057 der
3163 997 3250 1057 heit
3309 1000 3541 1060 zubescheidenn,

2223 1097 2314 1157 und
2331 1090 2413 1150 nach
2422 1081 2687 1141 anlohnender
2704 1074 2869 1134 weißheit
2903 1070 3077 1130 denselben
3118 1070 3159 1130 zu
3184 1070 3392 1130 befragen,
3400 1072 3491 1132 oder

2225 1160 2480 1220 befindenden
2501 1149 2640 1209 dingen
2661 1146 2746 1206 nach
2767 1144 2831 1204 mit
2852 1142 3043 1202 nöhtiger
3065 1142 3320 1202 vermahnung
3341 1144 3447 1204 Ihme
3468 1145 3521 1205 den

2220 1237 2303 1297 Eyd
2313 1232 2387 1292 der
2396 1225 2508 1285 treüb
2517 1219 2563 1279 zu
2573 1210 2861 1270 inteniren.

2224 1349 2340 1409 Geddel
2363 1345 2421 1405 an
2421 1341 2619 1401 Michghl.
2630 1338 2688 1398 Alt
2688 1337 2816 1397 Cons.
2827 1336 2967 1396 Steiger
3001 1336 3083 1396 Ihr
3094 1336 3164 1396 Fl.
3187 1337 3268 1397 haben
3303 1341 3465 1401 Selbst
3489 1346 3535 1406 an¬

2216 1428 2380 1488 gehört,
2398 1422 2462 1482 das
2480 1416 2653 1476 ratione
2672 1414 2790 1474 eines
2799 1412 3064 1472 vorgebenden
3091 1414 3219 1474 Ordre
3246 1419 3310 1479 der
3328 1425 3529 1485 verschlei¬

2233 1502 2424 1562 genheit,
2446 1494 2525 1554 oder
2525 1492 2604 1552 deß
2615 1487 3008 1547 Malckschlößlins,
3031 1489 3087 1549 vor
3110 1492 3211 1552 Magt
3278 1496 3357 1556 und
3368 1498 3391 1558 D.
3424 1501 3503 1561 heu¬

2222 1577 2347 1637 tigen
2387 1568 2574 1628 morgens
2590 1565 2731 1625 geandet
2762 1564 2832 1624 und
2840 1564 3091 1624 vorgebracht
3122 1568 3278 1628 worden,
3302 1571 3372 1631 alß
3404 1573 3497 1633 kan¬

2239 1645 2289 1705 et
2305 1641 2372 1701 mit
2396 1636 2471 1696 der
2471 1633 2645 1693 leydigen
2670 1631 2936 1691 Conspiration
2977 1633 3093 1693 es
3102 1638 3458 1698 verbungfungs

2242 1709 2367 1769 haben
2402 1704 2536 1764 könte,
2563 1702 2749 1762 zumahlen
2803 1702 2927 1762 solches
2936 1703 3034 1763 Zeichen
3061 1705 3123 1765 von
3158 1709 3416 1769 mehrentheils
3434 1712 3496 1772 der

2229 1775 2479 1835 beschuldigten
2496 1769 2594 1829 oder
2612 1766 2870 1826 Verdächtigen
2897 1768 3075 1828 Bürgeren
3101 1771 3279 1831 getragen
3324 1777 3493 1837 werde:

2241 1849 2373 1909 Nun
2393 1844 2475 1904 haben
2515 1838 2719 1898 hochgedacht,
2729 1837 2790 1897 Ihr
2800 1837 2830 1897 g.
2861 1837 2952 1897 war
2963 1837 3013 1897 nit
3044 1840 3288 1900 eintreiten,
3308 1843 3400 1903 noch
3400 1846 3471 1906 die

2247 1924 2382 1984 Hoch
2400 1918 2642 1978 underschenn
2687 1915 2839 1975 laßen,
2839 1915 3001 1975 denoch
3019 1915 3108 1975 aber
3135 1916 3198 1976 Ihr
3216 1916 3270 1976 gl.
3279 1918 3476 1978 auffragen

2256 1998 2449 2058 wollen,
2449 1993 2563 2053 diser
2580 1991 2668 2051 Sache,
2703 1988 2790 2048 nach
2808 1987 2948 2047 bekant
2957 1987 3245 2047 anwohnender
3263 1988 3359 2048 hochen
3394 1992 3517 2052 prae¬

2249 2064 2413 2124 dente
2440 2061 2504 2121 die
2522 2057 2723 2117 abhelfliche
2768 2056 2878 2116 Maß
2887 2056 2932 2116 zu
2960 2056 3096 2116 geben,
3096 2057 3224 2117 durch
3242 2060 3479 2120 bescheydung

2264 2131 2356 2191 und
2366 2127 2588 2187 abmahnung
2634 2126 2727 2186 deren
2755 2128 3014 2188 burgeren,
3023 2130 3069 2190 so
3069 2131 3143 2191 diß
3153 2134 3273 2194 ohrts
3292 2136 3356 2196 sich
3366 2141 3560 2201 distin¬

2253 2208 2436 2268 quiren
2477 2201 2660 2261 wolten,
2690 2200 2792 2260 oder
2812 2200 2975 2260 Richtig
2995 2201 3229 2261 findenden
3250 2205 3351 2265 fahls
3372 2206 3433 2266 die
3453 2209 3545 2269 Sachen

2266 2291 2432 2351 Muhln
2463 2282 2701 2342 vorgetragen.

2265 2385 2418 2445 Gedel
2418 2383 2476 2443 an
2485 2381 2552 2441 H.
2571 2376 2897 2436 Großleibet,
2906 2371 3002 2431 Ihne
3031 2371 3098 2431 der
3117 2371 3337 2431 ergangenen
3356 2375 3519 2435 Urtheilen

2284 2454 2427 2514 wider
2427 2453 2505 2513 den
2527 2452 2682 2512 Werner
2759 2450 2848 2510 und
2848 2450 2936 2510 den
2958 2451 3047 2511 Zuge
3080 2452 3135 2512 mit
3180 2455 3423 2515 zusendung

2274 2525 2411 2585 deren
2440 2517 2596 2577 Copeyen
2644 2515 2878 2575 berichten.

2306 2585 2382 2645 ita

2260 2617 2337 2677 A.
2371 2611 2457 2671 hoc
2466 2606 2551 2666 dum
2611 2600 2680 2660 esse
