3024 4032
327 317 386 406 4.
328 425 467 545 N.
505 441 1899 654 Ehe und betor Min nighn ns Obere zur Behandlung
520 589 1862 727 Selbs geschritten, ist geschahe den Anzug, daß vonerst
520 672 1776 815 der Hoche Tribunal wolle zu reglieren seyn:
514 784 1856 929 Gleichwie nun Ihr Gnl. in Anstehen der Verführung
520 864 1846 993 der Procedur und deß Examinio, es bey deme
525 955 1876 1077 verbleiben laßen, was MegH die Räht verordnet,
516 1034 1833 1170 also iſt für dißmahlen, und da es einen Höchst
507 1143 1897 1274 wichtigen, den hiesigen Stand interessierenden Casum
515 1242 1863 1346 ansehen will, in fernerem, und mit einhälem Mehr
516 1316 1858 1457 bekennt worden, daß diejenige Meinegäge Hn welchedenen
494 1420 1816 1558 Inquisitan im näheren grad, als Groß Vätter,
513 1498 1864 1622 Vätter, Schwähen, Sohn, Tochtermanner, und die so
493 1591 1873 1730 in der Gegen Relation stehen, wie auch Ondes,
501 1702 1865 1831 Nevera und Geschlasterter Kind vom Geblüet Ver¬
493 1765 1816 1913 rwandt waren, so wohl in der ganzen Behandlung.
492 1858 1841 2000 dieſers Geschäffts, als in Beurtheilung der Inquisiten
504 1947 1771 2091 aller ohrten, es seye von Mein gnädigen Hrn und Oberen
496 2032 1888 2169 oder in denen Cammeren den Außtritt nemmen sollind;
474 2122 1874 2279 diejenigen Meine gäge Hn aber, welche gegen denen Inquisiten
486 2213 1886 2341 im weiteren, als oberläuterten Gnad der Verwandschafft
481 2280 1849 2413 stehen, sollen in demsamtlichen Geschäfft beywohnen
487 2365 1821 2498 können, ausgenommen, wann es um die Beurtheilung
469 2462 1887 2575 Ihres in solchem weiteren Grad befindtlichen Verwandten
491 2523 1819 2650 wird zu thun seyn, da dann nach der Urtheil Sie wider¬
501 2606 1072 2725 entretten werden
2441 390 3234 593 Senttag den 8. July 1719.
2106 510 3485 708 Fryburg. Ihr Schreiben auf dißmahlige Burgerliche
2121 648 3454 816 Ohnrichen allhier gerichtet höstlich beantworten Alsim
3052 756 3415 903 St. Miss. 3.
2099 816 2562 1074 Solturn.
2559 882 3474 1073 Ihnen über gleiche Sachen antworten
2128 1018 2246 1141 Als
3124 1081 3291 1204 Aoid.
2089 1199 3471 1388 Botingen und Aarari Civ. Sepp. Mitsonderem
2115 1353 3461 1492 Wohlgefallen haben Megh aus Ihrem Schreiben
3015 1433 3049 1493 e
2114 1448 3459 1572 verstanden Ihre Iren gemeinte Versicherung, in
2123 1543 3497 1675 gegenwärtigen in hiesiger haubt Statt entstandenen
2108 1614 3433 1762 Unruchen, da aber durch die Vorstehung deß
2120 1705 3482 1852 Allerhöchsten der Böste Anschlag der Übel Gesinten
2142 1799 3440 1942 in Zeiten entdecket, und zu Sicherheit der Statt
2139 1894 3434 2043 alles nöthige vorgekehrt worden, folglich Megh.
2124 1987 3426 2102 von dißmahlen keiner mehreren Zulß benöhtiget,
2122 2072 3438 2195 haben dieselbe dero vermiegen über Ihren Eister
2133 2153 3453 2288 und Iren hierdurch bezeugen, und Sie versicheren
2122 2211 3389 2366 wollen, daß Mine gnädigen Hen ihrer Statt zu allen
2110 2314 3045 2475 Zeiten eingedendet seyn werden.
3264 2471 3374 2564 Un
