4032 3024
521 511 615 571 48.

838 653 1054 713 Zudeme
1108 641 1203 701 nur
1230 634 1352 694 drey
1365 627 1527 687 dieser
1554 629 1892 689 ohnglückstel¬

794 733 1113 793 ponspiranten
1163 726 1233 786 mit
1283 724 1362 784 dem
1412 722 1532 782 Tode
1552 724 1851 784 bestrafft,

789 822 910 882 drey
934 810 1224 870 außgeleichen
1309 809 1455 869 darzu
1479 814 1854 874 verurtheilt

808 907 956 967 Siben
997 904 1055 964 auf
1096 901 1219 961 ewig
1260 899 1359 959 aus
1384 898 1623 958 Vnseren
1655 901 1754 961 und
1787 906 1902 966 Lobl.

779 994 869 1054 Eys
869 992 1084 1052 Großschafft
1163 987 1377 1047 Grantzen
1411 985 1671 1045 verbannet
1716 991 1931 1051 worden,

797 1077 868 1137 vor
915 1073 1233 1133 nachstehende
1257 1076 1504 1136 Urtheile
1528 1079 1598 1139 in
1634 1081 1893 1141 mehrerem

813 1162 1109 1222 ausweisen,
1120 1162 1205 1222 da
1226 1162 1364 1222 wir
1395 1163 1522 1223 auch
1554 1168 1840 1228 deroselben

809 1244 988 1304 Güeter,
999 1244 1078 1304 so
1089 1245 1313 1305 Vnserem
1346 1249 1503 1309 Toco
1537 1253 1705 1313 anheim
1761 1255 1918 1315 gefallen

792 1327 923 1387 Ihren
956 1327 1348 1387 hinterlaßenen
1380 1331 1522 1391 Weib
1554 1334 1642 1394 und
1674 1337 1881 1397 Kindere

806 1406 923 1466 nicht
969 1406 1179 1466 alleine,
1191 1408 1401 1468 sondern
1436 1409 1587 1469 anoch
1599 1409 1669 1469 mit
1704 1408 1949 1468 nachsehung

808 1488 923 1548 der
952 1487 1240 1547 ergangenen
1260 1492 1480 1552 großen
1490 1498 1692 1558 Kosten
1730 1502 1845 1562 aus

800 1574 986 1634 Gnaden
1044 1577 1327 1637 geschencket,

769 1753 1037 1813 Wan
1051 1745 1185 1805 Wir
1198 1741 1413 1801 endtlich
1440 1739 1534 1799 alle
1560 1739 1721 1799 übrige
1748 1736 1896 1796 welche

803 1832 843 1892 in
863 1832 1031 1892 dieser
1091 1832 1200 1892 unser
1299 1828 1685 1888 Comporation
1744 1822 1774 1882 in
1813 1818 1942 1878 vielen

800 1921 928 1981 oder
954 1919 1108 1979 weiniger
1185 1919 1274 1979 sich
1287 1921 1594 1981 verstricket
1633 1921 1735 1981 vnd
1748 1919 1953 1979 theil¬

794 2017 938 2077 hafftig
974 2011 1216 2071 gemachet,
1228 2008 1312 2068 mit
1360 2006 1469 2066 gar
1517 2003 1758 2063 gelinder

796 2109 1066 2169 züchtigung
1104 2104 1220 2164 oder
1258 2098 1464 2158 völliger
1502 2092 1823 2152 Begnädigung
1849 2092 1977 2152 gros¬

810 2195 954 2255 ruchtig
993 2192 1282 2252 angesehenn.

778 2374 883 2434 Es
943 2370 1018 2430 könne
1139 2366 1244 2426 Wir
1289 2365 1395 2425 nicht
1425 2365 1711 2425 zweiffelend,
1726 2363 1816 2423 dan
1846 2362 1906 2422 es

816 2459 963 2519 werden
1025 2458 1224 2518 Vnsere
1266 2458 1402 2518 liebe
1434 2458 1528 2518 und
1570 2458 1790 2518 Getrene
1821 2457 1936 2517 Mitt¬

811 2539 1012 2599 Burgere,
1046 2536 1124 2596 und
1147 2537 1516 2597 Unterthanen
1550 2542 1695 2602 durch
1717 2547 1908 2607 dieses

3408 469 3470 529 149

2294 601 2478 661 Alles
2506 604 2563 664 im
2577 607 2762 667 grund
2776 610 2932 670 Ihrer
2960 611 3088 671 Vielen
3145 612 3230 672 sich
3244 613 3471 673 geruhret,

2306 692 2489 752 finden,
2512 700 2707 760 zugleich
2742 703 2925 763 kräfftig
2936 701 3051 761 über
3063 700 3223 760 Zeugen
3280 701 3475 761 laßen;

2303 780 2402 840 Wie
2438 782 2519 842 der
2564 784 2753 844 Erhaben
2834 784 2951 844 Gott
2996 784 3059 844 mit
3113 785 3266 845 seinem
3329 788 3482 848 Seegen

2314 863 2466 923 Gnaden
2501 868 2653 928 Schutz
2677 871 2758 931 und
2794 870 3039 930 starcken
3086 868 3214 928 kein
3238 866 3366 926 aller¬

2314 946 2521 1006 Gerechten
2565 944 2652 1004 und
2674 943 2913 1003 Guetigen
2957 943 3185 1003 Obrigkeit
3240 949 3512 1009 ohngestecket,

2324 1019 2381 1079 vnd
2427 1024 2677 1084 beständig
2723 1027 2997 1087 verstehen,
3008 1024 3282 1084 hingegen
3350 1022 3441 1082 alle

2318 1106 2594 1166 Muhtwillige
2617 1110 2916 1170 außführer
2961 1112 3111 1172 gewiß
3145 1112 3226 1172 und
3272 1109 3502 1169 furtiglich

2332 1190 2502 1250 straffen
2551 1190 2721 1250 werde.

2241 1367 2456 1427 Da
2496 1351 2590 1411 den
2604 1346 2765 1406 nebst
2778 1345 3007 1405 schuldiger
3034 1347 3356 1407 demuhtiger
3397 1342 3477 1402 und

2313 1443 2572 1503 hertzlichen
2594 1438 2730 1498 danck
2752 1432 3034 1492 bezeugung
3068 1429 3135 1489 der
3158 1427 3225 1487 die
3259 1426 3473 1486 Gnädige

2318 1523 2549 1583 errettung
2582 1519 2681 1579 aus
2703 1516 2847 1576 dieser
2891 1511 3277 1571 obgeschwebten
3299 1505 3486 1565 gefahr

2319 1617 2485 1677 Wie
2496 1613 2591 1673 den
2626 1610 2756 1670 aller
2780 1604 2992 1664 höchsten
3028 1600 3323 1660 einbrünstig
3346 1602 3511 1662 erklehen

2339 1699 2453 1759 daß
2503 1698 2566 1758 Er
2604 1697 2868 1757 Unseren
2906 1696 3246 1756 Gesegneten
3297 1697 3549 1757 Stadt¬

2344 1790 2467 1850 und
2477 1790 2683 1850 wehrter
2713 1793 3011 1853 Vatterland
3042 1795 3093 1855 in
3124 1797 3288 1857 stehts
3309 1798 3463 1858 wahren

2320 1870 2509 1930 Jungkeit
2532 1875 2803 1935 Friede
2839 1880 2921 1940 und
2945 1886 3298 1946 Wohlstand
3322 1893 3392 1953 bis

2354 1959 2464 2019 Hans
2519 1964 2629 2024 ende
2662 1966 2762 2026 der
2817 1971 2960 2031 Tagen
3037 1975 3291 2035 Gnädigst
3313 1979 3522 2039 erhalten

2345 2052 2551 2112 wolle.
2561 2048 2706 2108 Geben
2757 2048 2809 2108 in
2829 2050 3015 2110 Unser
3056 2059 3273 2119 Großen
3293 2063 3489 2123 Rahts

2367 2140 2669 2200 Verstallung
2709 2135 2774 2195 den
2801 2135 2919 2195 18ten
2919 2136 3051 2196 7bris
3051 2140 3182 2200 119

2347 2320 2638 2380 folgende
2684 2314 2963 2374 Urtheiln
3044 2308 3126 2368 sind
3160 2305 3242 2365 den
3311 2298 3509 2358 Manise

2355 2398 2626 2458 beygefuegt
2678 2392 2897 2452 worden.

2357 2479 2570 2539 Urtheil
2631 2471 2733 2531 aber
2743 2470 2824 2530 in
2845 2468 2916 2528 3.
2936 2465 3211 2525 exequierte

2866 2531 2923 2591 6.
2937 2527 3044 2587 Quia
3065 2521 3308 2581 banivierte

2866 2582 2913 2642 3.
2944 2578 3338 2638 conmacierte

2663 2641 2773 2701 und
2807 2640 2917 2700 den
2950 2638 3069 2698 alius
3086 2633 3348 2693 banicierten
3373 2629 3407 2689 H.
3432 2627 3576 2687 Meini¬

2650 2704 2757 2764 und
2765 2705 2934 2765 endtlich
2943 2705 3058 2765 über
3084 2705 3155 2765 den
3190 2704 3323 2764 Michell
3367 2704 3438 2764 zu
3447 2704 3589 2764 prest¬
