4032 3024
525 527 532 587 11

855 613 1275 673 Montags
1324 600 1372 660 den
1372 598 1486 658 8ten
1502 596 1728 656 Septembris
1761 602 1874 662 19.

969 761 1159 821 Corum
1207 748 1333 808 200.

714 879 929 939 Adel
1005 871 1051 931 an
1082 866 1251 926 Mensch
1297 863 1404 923 die
1435 860 1603 920 Kriegs
1619 860 1757 920 Rahtt¬

687 967 934 1027 ber
970 955 1205 1015 angehörtes
1228 953 1346 1013 Ihres
1346 953 1546 1013 Mehl.
1569 953 1863 1013 Gutachten,

734 1054 802 1114 ob
821 1054 908 1114 und
937 1052 1005 1112 wie
1043 1051 1121 1111 viel
1169 1047 1420 1107 dißmahlen
1478 1045 1594 1105 wegen
1652 1046 1903 1106 nunmehro

735 1141 1028 1201 abgefoderten
1071 1138 1363 1198 Dinstanden
1417 1136 1504 1196 von
1536 1136 1601 1196 der
1634 1136 1753 1196 anoch
1775 1136 1818 1196 in
1829 1138 1926 1198 hier¬

733 1229 1063 1289 subsistierenden
1139 1229 1280 1289 Wacht
1309 1229 1365 1289 von
1403 1229 1498 1289 der
1526 1229 1668 1289 allher
1696 1231 1922 1291 beruffenen

732 1323 884 1383 Milis
903 1319 1198 1379 abzudanken,
1227 1318 1303 1378 und
1322 1319 1398 1379 wie
1417 1319 1493 1379 viel
1531 1321 1702 1381 darvon
1740 1324 1826 1384 bey
1826 1326 1949 1386 zube¬

717 1415 926 1475 halten.
937 1415 1069 1475 Haben
1134 1415 1277 1475 Mhhl.
1299 1415 1409 1475 und
1442 1417 1573 1477 Obere
1595 1417 1694 1477 Raht
1738 1418 1815 1478 und
1837 1420 1947 1480 Burger¬

724 1509 863 1569 hiemit
875 1506 1095 1566 befunden
1130 1505 1246 1565 und
1269 1507 1455 1567 erkent,
1466 1507 1559 1567 daß
1605 1509 1652 1569 in
1687 1510 1930 1570 Erwartung

737 1603 861 1663 das
884 1604 941 1664 von
997 1604 1145 1664 Ihnen
1179 1604 1281 1664 Mich
1303 1603 1643 1663 abzufaßen
1700 1603 1960 1663 anbefohlene

729 1699 899 1759 Haubt,
920 1699 1174 1759 zutachten,
1195 1697 1290 1757 wegen
1343 1694 1555 1754 mehrerer
1566 1693 1915 1753 Sicherstellung

730 1796 939 1856 hiesiger
972 1795 1115 1855 Haubt
1148 1793 1225 1853 Stadt
1302 1790 1400 1850 wird
1433 1787 1543 1847 konen
1609 1784 1862 1844 vorgetragen

745 1888 853 1948 und
883 1890 1118 1950 behandett
1157 1887 1363 1947 werden,
1383 1883 1451 1943 in
1451 1880 1657 1940 löschen
1677 1874 1785 1934 und
1814 1870 1883 1930 biß

745 1986 822 2046 auf
877 1987 1043 2047 rthl.
1076 1984 1242 2044 weitere
1264 1976 1574 2036 Verordnung
1596 1968 1640 2028 von
1674 1966 1806 2026 denen
1829 1960 1961 2020 allhier

730 2084 796 2144 sich
829 2083 1104 2143 befindlichen
1137 2078 1457 2138 Freyhundert
1490 2074 1622 2134 Man
1655 2071 1809 2131 Milt,
1842 2068 1919 2128 Zue

725 2174 954 2234 Sicherheit
985 2170 1079 2230 der
1110 2167 1214 2227 Stadt
1266 2165 1360 2225 150.
1391 2164 1495 2224 Man
1526 2162 1776 2222 behalten,
1807 2162 1911 2222 150.

750 2259 859 2319 aber
895 2260 1004 2320 davon
1058 2257 1322 2317 wiederumb
1367 2252 1667 2312 abgedanket,
1667 2249 1758 2309 und
1794 2248 1903 2308 nach

742 2355 898 2415 Hauß
943 2350 1167 2410 gelaßen
1223 2346 1390 2406 werden
1413 2344 1614 2404 sollen,
1647 2341 1804 2401 deßen
1837 2341 1916 2401 Sie

736 2448 938 2508 Mhhl.
960 2442 1118 2502 hiemit
1151 2435 1410 2495 nachrichtl.
1421 2431 1690 2491 verständiget
1747 2431 1949 2491 werden,

751 2537 817 2597 mit
861 2529 1138 2589 überlaßen,
1171 2524 1271 2584 einer
1271 2522 1392 2582 seits
1403 2521 1492 2581 die
1503 2519 1658 2579 Einten
1669 2519 1768 2579 150.
1802 2518 1934 2578 Man¬

761 2627 832 2687 auf
880 2625 951 2685 die
975 2622 1057 2682 gutt
1069 2617 1271 2677 findende
1318 2612 1436 2672 Zeith
1460 2610 1602 2670 wieder
1626 2608 1768 2668 heimb
1768 2607 1993 2667 zuschiken,

3353 468 3454 528 1194

2275 594 2420 654 Die
2442 592 2621 652 andere
2632 590 2722 650 30.
2755 590 2845 650 aber,
2878 590 2923 650 so
2934 592 3090 652 allhier
3113 592 3258 652 bleiben
3303 591 3504 651 sollen,

2286 685 2509 745 entweders
2543 685 2610 745 auf
2643 685 2800 745 denen
2844 684 3291 744 Gestellschafften,
3313 678 3392 738 oder
3414 674 3481 734 wo¬

2270 786 2349 846 Es
2372 781 2553 841 sonsten
2598 778 2825 838 anderswo
2882 776 3040 836 fueglich
3063 773 3256 833 geschehen
3301 767 3403 827 kan,
3448 762 3471 822 so

2282 875 2363 935 gut
2403 867 2565 927 möglich
2585 862 2706 922 einzu
2727 860 2979 920 quartieren,
3000 860 3070 920 und
3101 860 3171 920 mit
3212 859 3465 919 officiereren

2284 968 2353 1028 zu
2383 958 2629 1018 versehen;
2639 951 2845 1011 Maßen
2885 948 2963 1008 dan
3003 947 3052 1007 in
3091 946 3160 1006 fin
3209 944 3308 1004 und
3327 943 3485 1003 Anderen

2277 1054 2472 1114 zuthun
2508 1052 2581 1112 die
2606 1048 2740 1108 Melch
2838 1039 2935 1099 schen
2959 1033 3130 1093 laßen
3167 1025 3386 1085 werden.

2394 1255 2766 1315 Selow
2831 1249 3006 1309 den
3028 1246 3028 1306 1.
3137 1243 3312 1303 Septemb.
3312 1238 3487 1298 Mi¬

2648 1341 2783 1401 coram
2825 1337 2918 1397 200

2328 1497 2506 1557 Edel
2550 1490 2628 1550 an
2662 1483 2862 1543 Mhhl.
2896 1476 2974 1536 die
2985 1469 3274 1529 Geheimbde
3330 1458 3453 1518 Raht

2264 1573 2426 1633 mit
2469 1572 2598 1632 zuthun
2652 1570 2813 1630 Mehl.
2845 1567 2921 1627 H.
2953 1564 3093 1624 Rahts
3093 1561 3158 1621 H.
3190 1556 3373 1616 Tilliers
3394 1549 3534 1609 Jun¬

2290 1672 2404 1732 Hl.
2426 1659 2551 1719 Rahts
2551 1652 2631 1712 H.
2654 1646 2972 1706 Breudenreichs
3017 1645 3108 1705 und
3154 1645 3233 1705 H.
3256 1641 3483 1701 Zeugk.

2788 1735 3058 1795 Demnach
3068 1732 3228 1792 Mehl.
3268 1729 3378 1789 und
3408 1722 3508 1782 Obere

2312 1739 2562 1799 scheffelit.

2302 1835 2380 1895 G.
2402 1829 2491 1889 und
2513 1826 2580 1886 G.
2602 1825 2680 1885 aus
2713 1825 2825 1885 Ihrem
2880 1826 3103 1886 Mhh.
3125 1822 3459 1882 Schrifftlichen

2315 1919 2526 1979 Vortrag
2548 1915 2837 1975 verstanden,
2870 1910 2959 1970 vnd
2981 1906 3181 1966 gestalten
3248 1903 3326 1963 die
3326 1903 3559 1963 leydige¬

2331 2009 2577 2069 nunmehro
2598 2007 2726 2067 durch
2759 2003 2919 2063 Gottes
2951 2000 3068 2060 gute
3100 1996 3314 2056 verstorte
3325 1993 3560 2053 conspera¬

2307 2095 2412 2155 tion
2459 2095 2535 2155 von
2554 2092 2801 2152 etwelchen
2839 2086 3143 2146 Getreuwen,
3172 2078 3390 2138 Personen
3419 2072 3533 2132 aus

2328 2179 2450 2239 dero
2450 2178 2738 2238 angehörigen
2760 2173 2993 2233 entdebet
3016 2168 3215 2228 worden,
3237 2167 3293 2227 so
3293 2166 3393 2226 daß
3426 2165 3537 2225 ver¬

2337 2270 2517 2330 mitlest
2540 2267 2720 2327 deßen
2754 2264 2867 2324 der,
2867 2263 2923 2323 von
2979 2260 3092 2320 denen
3160 2255 3498 2315 Conspiranten

2323 2352 2555 2412 gefaßte
2589 2347 2832 2407 Ruchloste
2867 2344 3087 2404 Anschlag
3110 2341 3260 2401 annoch
3272 2339 3318 2399 in
3341 2339 3527 2399 Zeithen

2329 2440 2397 2500 hat
2431 2438 2601 2498 mögen
2624 2435 2896 2495 zerrichtet,
2930 2434 3021 2494 und
3055 2434 3123 2494 die
3146 2432 3373 2492 schuldige
3384 2431 3497 2491 Zue

2329 2533 2546 2593 Straaff
2571 2528 2716 2588 gezogen
2776 2526 3006 2586 werden;
3019 2524 3127 2584 Als
3140 2522 3261 2582 haben
3297 2519 3491 2579 Mhhl.
3503 2515 3563 2575 und

3149 2614 3272 2674 Ober
3303 2608 3374 2668 H.
3395 2606 3467 2666 vnd
3467 2607 3559 2667 G.
