4032 3024
530 536 574 596 110

641 592 833 652 zugleich
845 590 954 650 dan
990 586 1086 646 auch
1098 584 1158 644 zu
1206 582 1495 642 respectieren
1519 583 1604 643 und
1628 586 1856 646 bedacht¬

665 674 723 734 zu
757 674 895 734 seyn,
907 673 988 733 wo
999 670 1207 730 allfahlig
1218 667 1379 727 Selbige
1425 667 1656 727 inzwischen
1714 675 1783 735 ein
1817 683 1886 743 zu¬

667 755 904 815 quartieren
930 752 1018 812 und
1062 751 1114 811 zu
1149 751 1307 811 logiren
1369 752 1526 812 wäre,
1544 755 1614 815 und
1640 759 1746 819 dan
1781 766 1886 826 über¬

675 838 792 898 alles
824 836 888 896 ein
920 835 1238 895 wolbedachtes
1270 835 1483 895 zutachten
1515 844 1844 904 abzufaßen,

675 922 756 982 und
807 917 950 977 Mulles
981 916 1062 976 und
1093 914 1256 974 Oberen
1286 915 1378 975 N.
1378 916 1470 976 und
1500 916 1582 976 G.
1602 917 1653 977 im
1684 918 1867 978 Kauff¬

670 1018 756 1078 der
781 1010 1003 1070 künfftigen
1028 1007 1163 1067 Wochen
1200 1010 1583 1070 vorzutragen,
1595 1016 1706 1076 Wie
1731 1019 1817 1079 dan

673 1114 721 1174 zu
750 1112 836 1172 thun
855 1108 903 1168 etc.

700 1201 756 1261 te

657 1255 732 1315 7.
764 1252 913 1312 Für
945 1249 1191 1309 abstehenden
1212 1247 1329 1307 Jedell
1383 1247 1500 1307 sind.
1521 1249 1564 1309 I.
1596 1249 1767 1309 Simen
1788 1252 1905 1312 aus¬

671 1349 884 1409 gefallen,
913 1345 1039 1405 gegen
1087 1340 1165 1400 30.
1184 1337 1329 1397 welche
1349 1335 1436 1395 die
1455 1334 1794 1394 gegenwertig
1832 1341 1871 1401 in

667 1446 761 1506 der
771 1444 907 1504 Statt
928 1441 1001 1501 sich
1032 1438 1262 1498 befindtliche
1324 1435 1449 1495 Wacht
1481 1436 1585 1496 von
1596 1437 1689 1497 der
1700 1444 1856 1504 Mutz¬

680 1539 738 1599 so
757 1537 853 1597 lang
882 1532 1161 1592 subsistiren
1199 1531 1334 1591 laßen
1392 1534 1574 1594 wollen,
1603 1537 1671 1597 biß
1690 1542 1863 1602 Mhhl.

661 1627 740 1687 die
740 1630 910 1690 Kriegs
932 1633 1023 1693 Raht
1091 1633 1181 1693 Ihr
1193 1633 1521 1693 anbefohlenes
1555 1631 1793 1691 gutachten

661 1712 801 1772 wegen
833 1718 1059 1778 mehrerer
1091 1728 1393 1788 Sicherstellung
1425 1736 1608 1796 hiesiger
1618 1738 1780 1798 Haubt
1812 1738 1919 1798 Statt

678 1807 819 1867 werden
869 1804 1151 1864 hinterbracht
1191 1816 1372 1876 haben.

743 1925 980 1985 Montag
1004 1922 1075 1982 1.
1075 1921 1359 1981 Septembris
1371 1921 1477 1981 1719.
1513 1921 1619 1981 Coram
1643 1922 1820 1982 senatu

1162 1999 1230 2059 und
1230 2002 1466 2062 Reichtschreiber

666 2052 855 2112 Jedel
866 2050 919 2110 an
940 2050 982 2110 H.
1013 2050 1276 2110 Großleibet,
1287 2055 1403 2115 Aber
1403 2060 1613 2120 angehörte
1634 2069 1813 2129 schrifftlich
1834 2074 1918 2134 ein¬

662 2125 860 2185 gegebene
896 2122 1122 2182 projecten,
1122 2124 1204 2184 wan
1213 2125 1303 2185 und
1312 2128 1393 2188 mit
1429 2131 1502 2191 was
1511 2137 1827 2197 formaliteten
1845 2144 1908 2204 die¬

662 2196 741 2256 von
750 2194 924 2254 May,
933 2194 1003 2254 und
1020 2195 1055 2255 D.
1081 2195 1116 2255 S.
1134 2197 1212 2257 und
1230 2198 1273 2258 G.
1300 2204 1553 2264 anbefohlene
1553 2212 1745 2272 Executio
1762 2216 1797 2276 in
1797 2220 1955 2280 effigie¬

668 2269 760 2329 deß
788 2267 936 2327 Gabriel
955 2267 1122 2327 Peters
1140 2267 1214 2327 und
1224 2268 1390 2328 Herber
1390 2270 1520 2330 kuhns
1539 2272 1566 2332 zu
1576 2279 1928 2339 belerbestelligen,

647 2341 772 2401 haben
813 2341 875 2401 Ihr
886 2342 948 2402 N.
948 2342 1031 2402 das
1042 2344 1312 2404 angemeßenste
1343 2346 1385 2406 zu
1405 2348 1468 2408 seyn
1509 2355 1738 2415 befunden,
1748 2365 1821 2425 daß
1842 2374 1925 2434 deren

661 2413 847 2473 bildung
873 2414 926 2474 auf
961 2416 1050 2476 bey
1076 2418 1288 2478 verschidene
1314 2422 1464 2482 Bürger,
1491 2426 1553 2486 oben
1579 2431 1667 2491 und
1685 2436 1800 2496 ander
1835 2443 1906 2503 mit

662 2477 780 2537 einer
780 2477 953 2537 Hane,
981 2479 1054 2539 mit
1063 2482 1254 2542 Vollends
1272 2486 1309 2546 in
1318 2489 1482 2549 lebens,
1509 2496 1646 2556 sonder
1655 2502 1728 2562 von
1755 2512 1947 2572 mittlerer

658 2547 794 2607 größe,
823 2548 900 2608 mit
919 2550 1122 2610 beysetzung
1142 2552 1258 2612 Ihrer
1277 2555 1441 2615 Nahmen
1461 2561 1577 2621 sollen
1615 2570 1818 2630 gemahlet,
1847 2581 1925 2641 und

667 2616 829 2676 darmit
857 2619 893 2679 in
928 2620 1034 2680 allem
1090 2623 1126 2683 so
1140 2623 1323 2683 verfahren
1359 2626 1500 2686 werden
1528 2629 1655 2689 solle,
1662 2634 1747 2694 alß
1775 2639 1860 2699 wan

664 2684 743 2744 die
760 2688 1056 2748 delinquenten
1083 2689 1248 2749 anlesen
1301 2689 1440 2749 bären,
1457 2692 1675 2752 Inmaßen
1710 2703 1893 2763 demnach

2183 547 2219 607 Er
2254 539 2289 599 he
2325 525 2537 585 großleibe
2573 512 2773 572 befelchnet
2797 508 2915 568 werde,
2938 508 2974 568 zu
2985 508 3044 568 dem
3080 508 3151 568 End
3174 509 3316 569 hinzley
3328 511 3434 571 solche

2183 613 2350 673 Bucher
2375 605 2442 665 mit
2475 599 2584 659 Ihrer
2601 592 2785 652 Geldnuß
2801 587 2893 647 und
2918 586 3018 646 neben
3077 586 3252 646 stehendem
3286 590 3436 650 nahmen

2186 682 2387 742 versorgen
2417 667 2599 727 zulaßen,
2609 661 2690 721 und
2710 657 2780 717 dan
2811 653 2992 713 Selbige,
3012 653 3083 713 kan
3103 653 3153 713 auf
3174 655 3224 715 den
3224 655 3254 715 16
3285 659 3375 719 diß
3385 664 3446 724 nach

2174 753 2246 813 hin
2256 747 2328 807 die
2348 736 2626 796 hochberkeitl.
2646 727 2790 787 Urthel
2800 725 2872 785 vor
2893 724 2955 784 dem
2975 725 3263 785 Richterstuhl
3283 728 3489 788 gewohnli¬

2173 827 2273 887 cher
2273 821 2415 881 maßen
2431 815 2532 875 wird
2548 809 2682 869 verlesen
2707 805 2890 865 worden,
2890 803 2982 863 und
2991 803 3082 863 alle
3099 806 3399 866 formaliteten
3399 814 3508 874 vor¬

2183 894 2387 954 gegangen
2413 886 2489 946 seyn,
2515 881 2591 941 dem
2630 876 2783 936 Scharff
2796 874 2936 934 Richter
2949 874 2987 934 zu
3012 875 3229 935 übergeben,
3229 878 3319 938 und
3357 883 3510 943 selbige

2185 964 2342 1024 hinauß
2372 954 2441 1014 auf
2450 950 2509 1010 die
2529 944 2715 1004 Richtstadt
2755 941 2794 1001 zu
2794 940 3039 1000 begleiten,
3049 941 3138 1001 alls
3177 943 3255 1003 die
3255 946 3383 1006 sollen
3393 948 3471 1008 her¬

2192 1033 2393 1093 stublet,
2422 1017 2508 1077 und
2508 1013 2555 1073 so
2555 1011 2632 1071 dan
2661 1006 2794 1066 under
2804 1006 2880 1066 das
2900 1006 3110 1066 hochgricht
3139 1011 3330 1071 vergraben
3349 1016 3492 1076 werden,

2197 1116 2333 1176 deßen
2354 1106 2438 1166 nun
2438 1100 2500 1160 Er
2500 1097 2553 1157 H.
2584 1089 2814 1149 Breßleibel
2814 1085 2856 1145 zu
2877 1084 3076 1144 behoriger
3087 1085 3317 1145 locecutione
3338 1088 3495 1148 Veran¬

2190 1179 2384 1239 staltung
2412 1165 2523 1225 hiemit
2560 1153 2726 1213 berichtet
2754 1149 2921 1209 werde.

2186 1279 2333 1339 Bedel
2354 1274 2407 1334 an
2438 1270 2585 1330 Mehl.
2585 1265 2669 1325 der
2680 1264 2785 1324 großen
2806 1262 3005 1322 Criminal
3026 1262 3247 1322 Comission,
3257 1265 3320 1325 mit
3352 1267 3467 1327 zuthun¬

2191 1349 2244 1409 H.
2262 1335 2527 1395 Großleibell
2545 1327 2598 1387 und
2642 1325 2678 1385 H.
2704 1325 2810 1385 Beich
2828 1327 3067 1387 schreibers,
3076 1330 3155 1390 zu
3173 1337 3394 1397 Execution
3429 1343 3491 1403 der

2180 1404 2476 1464 hochvberheitten
2505 1396 2610 1456 Urthel
2648 1393 2687 1453 in
2706 1393 2859 1453 effigie
2878 1393 2983 1453 wider
3002 1394 3060 1454 den
3069 1396 3251 1456 Gabriel,
3279 1401 3432 1461 furter
3432 1403 3509 1463 vnnd

2181 1478 2347 1538 Herber
2359 1470 2478 1530 kuhn,
2502 1465 2597 1525 haben
2620 1463 2656 1523 Ihr
2691 1462 2739 1522 g.
2739 1462 2798 1522 kan
2822 1462 2988 1522 bestimb
3012 1464 3154 1524 hinstag
3178 1466 3225 1526 den
3237 1467 3273 1527 16.
3308 1469 3368 1529 diß
3391 1471 3510 1531 nechst

2187 1543 2402 1603 künfftig,
2410 1535 2481 1595 und
2505 1533 2592 1593 zwar
2608 1532 2640 1592 in
2656 1532 2751 1592 beiß
2767 1532 2854 1592 und
2878 1534 3021 1594 form,
3037 1537 3100 1597 wie
3116 1539 3211 1599 Ihnen
3235 1541 3338 1601 Muhle
3354 1544 3497 1604 albereit

2198 1606 2362 1666 bestens
2362 1598 2527 1658 bekant,
2536 1595 2655 1655 Gleich
2655 1594 2710 1654 die
2729 1593 2811 1653 nun
2820 1593 2902 1653 Ihr
2912 1594 2967 1654 gl.
2976 1595 3104 1655 nöhtig
3122 1599 3296 1659 erachtet,
3305 1602 3369 1662 daß
3378 1607 3516 1667 hierbey

2189 1671 2272 1731 alle
2283 1661 2585 1721 formaliteten
2595 1657 2793 1717 vorgehen,
2825 1657 2971 1717 mithin
2992 1659 3096 1719 auch
3117 1662 3169 1722 die
3190 1668 3492 1728 hochverbeitt¬

2199 1735 2361 1795 Urthell
2379 1730 2415 1790 im
2442 1727 2722 1787 Richterstuhl
2731 1727 2893 1787 verlesen
2938 1730 3064 1790 werden
3092 1733 3209 1793 solle,
3218 1736 3317 1796 gleich
3326 1738 3398 1798 alß
3407 1739 3497 1799 lan¬

2190 1800 2261 1860 die
2261 1793 2534 1853 Delinquenten
2566 1789 2745 1849 anbesend
2753 1789 2910 1849 baren,
2917 1789 3003 1849 also
3011 1791 3105 1851 haben
3136 1795 3207 1855 Ihr
3207 1797 3285 1857 g.
3293 1800 3355 1860 die
3363 1805 3496 1865 Mehll

2190 1863 2307 1923 deßen
2316 1858 2442 1918 hiemit
2451 1855 2486 1915 zu
2522 1855 2621 1915 Ihrer
2639 1853 2809 1913 Nachricht
2818 1853 2917 1913 und
2944 1855 3105 1915 verhalt
3114 1859 3365 1919 verständigen
3374 1863 3527 1923 wollen.

2187 1954 2337 2014 Redel
2367 1951 2407 2011 an
2427 1947 2577 2007 Mhhlen
2587 1945 2707 2005 addit.
2717 1942 2787 2002 Ihne
2807 1942 2877 2002 deßen
2897 1942 2997 2002 auch
3007 1942 3187 2002 berichten,
3197 1945 3257 2005 mit
3277 1947 3367 2007 feln
3387 1954 3527 2014 gesinnen,

2181 2008 2237 2068 zu
2237 2003 2508 2063 veranstalten,
2517 2000 2583 2060 daß
2602 2000 2676 2060 auff
2686 2000 2929 2060 obangeregten
2966 2005 3041 2065 tag
3050 2006 3125 2066 der
3134 2013 3378 2073 Richterstuhl
3387 2021 3443 2081 zu
3443 2025 3536 2085 pro¬

2193 2068 2440 2128 mulgation
2469 2064 2526 2124 der
2545 2063 2688 2123 Urtheil
2716 2065 2897 2125 geöfnet,
2907 2067 2983 2127 und
3002 2069 3059 2129 die
3078 2073 3287 2133 Schrauben
3316 2077 3506 2137 dargethan

2191 2134 2395 2194 verdind,
2405 2128 2470 2188 wie
2470 2126 2544 2186 dan
2553 2125 2600 2185 zu
2609 2126 2721 2186 thun.

2181 2230 2301 2290 Redel
2320 2223 2375 2283 an
2375 2220 2440 2280 H.
2449 2216 2560 2276 Stadt
2597 2213 2828 2273 Majoren,
2838 2213 2958 2273 Ihne
2986 2216 3078 2276 deßen
3115 2219 3208 2279 auch
3226 2223 3420 2283 berichten,
3448 2226 3513 2286 mit

2188 2297 2368 2357 befelch,
2389 2291 2484 2351 seiner
2516 2288 2601 2348 seits
2612 2288 2643 2348 zu
2654 2287 2982 2347 veranstalten,
2993 2289 3067 2349 daß
3088 2291 3162 2351 auch
3173 2295 3384 2355 obgemelten
3416 2301 3490 2361 tag

2183 2374 2266 2434 der
2284 2362 2534 2422 Richterstuhl
2552 2359 2626 2419 und
2645 2359 2710 2419 die
2728 2359 2959 2419 Schrauben
2978 2365 3218 2425 gewohnter
3236 2372 3375 2432 maßen
3421 2379 3542 2439 beler¬

2170 2445 2273 2505 rehet
2295 2436 2455 2496 werden;
2466 2431 2580 2491 Wie
2592 2431 2660 2491 dan
2683 2431 2717 2491 zu
2740 2431 2843 2491 thun
2854 2433 2923 2493 Er
2945 2434 2991 2494 H.
3025 2438 3116 2498 Stadt
3162 2443 3310 2503 Major
3333 2446 3447 2506 schon

2186 2511 2321 2571 bußen
2330 2502 2492 2562 werde.
