4032 3024
509 522 581 582 104

956 549 1181 609 Prelow
1293 535 1365 595 den
1385 531 1487 591 22.
1518 529 1692 589 Aug.
1692 529 1815 589 1749.

1177 641 1242 701 200

946 760 1018 820 und
1041 756 1097 816 D.
1105 752 1192 812 R.
1192 748 1295 808 und
1311 745 1366 805 6.
1390 742 1453 802 by
1469 740 1564 800 Eden
1611 736 1809 796 versamlet

618 777 753 837 Dazu
778 782 926 842 Mahl.
926 801 1099 861 werden

623 970 753 1030 Als
763 963 932 1023 Mag.
932 960 1021 1020 G.
1031 958 1101 1018 und
1101 957 1150 1017 G.
1170 956 1240 1016 zu
1250 955 1528 1015 beurtheilung
1558 955 1637 1015 der
1677 955 1866 1015 außge¬

654 1032 816 1092 tredenen
846 1028 1108 1088 consperaten
1162 1027 1292 1087 schreiben
1354 1027 1515 1087 wollen,
1523 1027 1592 1087 Ist
1607 1025 1684 1085 zur
1707 1024 1800 1084 fraw
1815 1019 1938 1079 komen,

634 1101 673 1161 Ob
704 1096 819 1156 junge
835 1092 1143 1152 suplication,
1151 1091 1205 1151 so
1228 1091 1298 1151 von
1336 1091 1398 1151 deß
1444 1090 1560 1150 datis
1575 1090 1622 1150 zu
1699 1084 1907 1144 Verwenten

636 1169 707 1229 und
739 1163 1016 1223 prorogierung
1071 1162 1134 1222 deß
1174 1162 1363 1222 Termini
1387 1159 1553 1219 patalis
1592 1155 1655 1215 by
1679 1150 1837 1210 Vhrthel.
1861 1143 1908 1203 un¬

631 1231 777 1291 geleget
793 1228 915 1288 worden
964 1225 1135 1285 wollen,
1143 1223 1477 1283 abzulesen,
1485 1219 1599 1279 und
1623 1217 1696 1277 ob
1729 1212 1794 1272 die
1810 1208 1884 1268 von

644 1288 808 1348 Magk.
829 1281 911 1341 den
952 1277 1095 1337 Rahten
1143 1276 1218 1336 mit
1245 1275 1313 1335 den
1354 1274 1504 1334 Stinen
1552 1271 1634 1331 der
1641 1267 1859 1327 Statores

641 1345 815 1405 deßhalb
849 1338 996 1398 gegante
1043 1334 1190 1394 acceps
1223 1330 1545 1390 competenter
1612 1323 1705 1383 und
1745 1315 1893 1375 Woll¬

642 1402 819 1462 ertheilt
848 1398 1003 1458 worden
1084 1396 1224 1456 sey,
1231 1393 1386 1453 Vnnd
1423 1390 1512 1450 für
1534 1386 1607 1446 die
1629 1376 1924 1436 Affirmativam

644 1463 754 1523 10.
762 1459 871 1519 und
902 1457 973 1517 für
1012 1455 1090 1515 die
1121 1452 1356 1512 negativam
1427 1448 1520 1508 29.
1536 1445 1685 1505 sinnen
1724 1438 1919 1498 außge¬

1007 1508 1260 1568 Nachwerts
1309 1507 1390 1567 und
1431 1505 1464 1565 in
1521 1502 1619 1562 folge
1659 1498 1700 1558 ist
1733 1495 1798 1555 die
1814 1492 1921 1552 Sup¬

655 1513 834 1573 fallenn,

638 1586 855 1646 plication
905 1582 1130 1642 verlesen,
1138 1579 1371 1639 derselben
1421 1573 1638 1633 begehren,
1680 1564 1805 1624 durch
1838 1554 1913 1614 das

648 1654 885 1714 Belottes
902 1649 1021 1709 mehr
1063 1648 1131 1708 mit
1174 1646 1241 1706 19.
1267 1645 1402 1705 Gegen
1445 1642 1521 1702 A.
1547 1637 1716 1697 seinen,
1742 1629 1792 1689 so
1835 1619 1903 1679 in¬

646 1708 825 1768 abschlag
866 1706 1028 1766 weren,
1053 1705 1297 1765 Gnedigst
1354 1700 1648 1760 quortirt,
1672 1690 1770 1750 und
1794 1681 1884 1741 der

643 1774 798 1834 Termin
845 1772 907 1832 dem
953 1771 1031 1831 fug
1085 1768 1147 1828 biß
1194 1766 1271 1826 heut
1318 1762 1434 1822 über
1457 1759 1512 1819 8.
1535 1756 1605 1816 tag
1636 1750 1721 1810 seyn
1783 1740 1923 1800 wird,

649 1839 722 1899 der
758 1836 852 1896 29.
874 1833 947 1893 daß
1012 1831 1223 1891 monats,
1245 1829 1543 1889 verlängeret
1616 1822 1820 1882 worden.

1628 1964 1868 2024 Ihme

637 1999 761 2059 Zell
817 1999 873 2059 an
907 1997 1110 2057 Mhghl.
1144 1993 1347 2053 Schultzens
1392 1984 1561 2044 Steiger

646 2071 760 2131 frl.
788 2069 1025 2129 Ausian,
1054 2065 1196 2125 auß
1253 2057 1490 2117 obbedenten
1518 2047 1632 2107 29.
1661 2036 1831 2096 Aug.
1841 2024 1936 2084 über¬

660 2128 720 2188 den
771 2125 941 2185 Dotis
950 2122 1035 2182 zur
1086 2121 1197 2181 urtel
1256 2115 1512 2175 ergehen,
1538 2110 1648 2170 und
1682 2101 1887 2161 Menschl.

650 2193 694 2253 bey
738 2189 860 2249 Eiden
904 2185 1043 2245 darzu
1069 2180 1297 2240 versamen
1332 2177 1393 2237 zu
1410 2176 1541 2236 laßen

639 2379 790 2439 Wir
833 2372 1166 2432 Schultzeß
1219 2365 1391 2425 Klein
1488 2358 1638 2418 vnd
1671 2346 1886 2406 Groß¬

668 2446 814 2506 Raht
838 2437 919 2497 der
952 2431 1082 2491 Stadt
1123 2425 1309 2485 Hernn,
1318 2419 1553 2479 Vrkundenn
1610 2411 1748 2471 hiemit
1789 2403 1911 2463 dene¬

651 2506 748 2566 noch
777 2503 864 2563 wir
874 2500 999 2560 heute
1038 2492 1289 2552 Abermahlen
1338 2486 1386 2546 bey
1444 2482 1531 2542 Eide
1589 2474 1821 2534 verfaculet,
1831 2470 1908 2530 Und

644 2571 850 2631 referieren
915 2566 1138 2626 laßen,
1162 2560 1286 2620 daß
1335 2555 1409 2615 nun
1451 2548 1673 2608 digunge
1722 2540 1796 2600 vnd
1838 2537 1895 2597 ver¬

652 2638 842 2698 stechen,
872 2635 1052 2695 welchen
1072 2631 1162 2691 wir
1202 2629 1292 2689 sub
1302 2627 1372 2687 B.
1422 2623 1492 2683 Juli
1542 2618 1752 2678 jungsthin,
1762 2611 1862 2671 als

3363 446 3445 506 105

2132 535 2365 595 Terminum
2415 522 2590 582 patalem
2689 518 2881 578 gesetzet,
2889 518 3039 578 inert,
3072 519 3230 579 welchem
3289 517 3347 577 die
3372 514 3455 574 Aus¬

2129 602 2400 662 geruhen,
2424 590 2512 650 der
2552 584 2727 644 leidigen
2775 581 3077 641 Consponation
3133 577 3428 637 mitschuldigen

2120 665 2313 725 Bürger
2388 653 2455 713 sich
2477 650 2529 710 zu
2574 644 2768 704 sistiren
2842 640 2931 700 und
2946 639 2998 699 zu
3036 634 3318 694 rechtfertigen
3363 628 3467 688 durch

2125 731 2336 791 Ostentlich
2383 711 2617 771 geschehenen
2671 699 2890 759 Außruff
2929 692 3022 752 und
3069 688 3475 748 angeheutte¬

2126 789 2324 849 tationem
2384 769 2577 829 geladen
2643 755 2919 815 worden,

2118 862 2271 922 Als
2316 848 2452 908 haben
2515 836 2651 896 Wir,
2660 825 2868 885 Gabriel
2922 813 3039 873 Vater
3067 806 3148 866 den
3157 797 3446 857 Handelsmann

2153 917 2352 977 Gottfrie
2379 902 2524 962 Kuhn
2569 893 2642 953 den
2669 881 2950 941 Rahtserber
3013 869 3104 929 und
3131 863 3249 923 Daniel
3303 854 3439 914 Gutter

2127 984 2207 1044 den
2248 976 2353 1036 Geld
2361 968 2506 1028 scheid,
2530 953 2805 1013 nochmahlen
2870 932 3193 992 proclamiren
3257 918 3338 978 und
3354 912 3467 972 Vor¬

2144 1039 2278 1099 laden
2329 1027 2538 1087 laßen,
2547 1016 2690 1076 daß
2732 1010 2799 1070 sie
2832 999 3051 1059 dermahlen
3135 985 3235 1045 sich
3269 978 3336 1038 ins
3361 972 3462 1032 recht

2135 1094 2309 1154 stellen
2364 1082 2435 1142 und
2450 1077 2561 1137 oder
2576 1068 2813 1128 entschutten
2868 1058 3002 1118 sollen
3041 1047 3199 1107 genger
3254 1029 3482 1089 Anklagten

2149 1154 2237 1214 und
2276 1133 2657 1193 beschuldigunge,
2721 1119 2864 1179 deren
2935 1111 3038 1171 Sie
3086 1104 3197 1164 durch
3221 1096 3292 1156 die
3308 1085 3483 1145 Vrgicht

2141 1209 2229 1269 und
2265 1192 2623 1252 Depositionen
2682 1174 2806 1234 der
2850 1163 3033 1223 vortus
3076 1151 3259 1211 abscheu
3325 1140 3427 1200 und

2152 1274 2353 1334 würklich
2401 1255 2715 1315 justificirten
2771 1237 2860 1297 und
2900 1224 3117 1284 bestrafften
3181 1204 3495 1264 conspiranten

2153 1340 2362 1400 beschweret
2435 1324 2626 1384 werden.

2146 1429 2220 1489 Da
2252 1421 2378 1481 aber
2420 1410 2526 1470 auf
2568 1392 2863 1452 dreymalige
2905 1369 3116 1429 Citation
3158 1353 3264 1413 deren
3306 1340 3443 1400 keiner

2157 1484 2246 1544 zu
2276 1470 2513 1530 erscheinen
2563 1457 2672 1517 sich
2721 1441 3028 1501 getrauwet,
3038 1424 3186 1484 haben
3225 1411 3314 1471 wir
3354 1399 3453 1459 Uns

2164 1539 2364 1599 vorlegen
2419 1523 2583 1583 laßen,
2619 1512 2710 1572 das
2728 1502 2901 1562 jenige,
2929 1493 2992 1553 so
3020 1487 3074 1547 in
3129 1475 3247 1535 der,
3266 1465 3329 1525 mit
3357 1453 3484 1513 Gedt¬

2160 1586 2571 1646 conferenten,
2579 1565 2880 1625 verführten
2935 1544 3156 1604 Criminae
3172 1529 3417 1589 procetur,
3449 1516 3496 1576 zu

2151 1664 2247 1724 Ihr
2287 1650 2367 1710 der
2391 1632 2711 1692 proclamirten
2775 1616 2896 1676 last,
2904 1601 3328 1661 herausgekommen,
3336 1580 3440 1640 und

2166 1714 2302 1774 deßen,
2343 1701 2399 1761 sie
2423 1694 2519 1754 dann
2592 1684 2721 1744 durch
2761 1677 2873 1737 ihre
2914 1669 3083 1729 flucht,
3107 1662 3187 1722 und
3211 1654 3324 1714 nicht
3356 1643 3420 1703 Er¬

2181 1770 2374 1830 scheinung
2414 1760 2546 1820 sich
2577 1753 2719 1813 selbst
2749 1741 3024 1801 bekanntlich,
3044 1726 3146 1786 und
3176 1706 3450 1766 gnugsamb

2200 1832 2340 1892 schuldig,
2364 1824 2527 1884 Geben

2160 1901 2313 1961 Aus
2340 1888 2475 1948 diesem
2538 1877 2610 1937 nun
2636 1870 2771 1930 haben
2798 1861 2897 1921 wir
2924 1852 3059 1912 höchst
3112 1842 3193 1902 unß
3220 1833 3373 1893 fellig,
3400 1822 3517 1882 An¬

2172 1959 2245 2019 mit
2272 1951 2500 2011 hertzlichen
2591 1932 2783 1992 bedangen
2883 1914 3066 1974 ersehen
3111 1902 3184 1962 und
3239 1887 3522 1947 überführet,

2181 2025 2365 2085 werden
2427 2007 2637 2067 mußen,
2663 1993 2794 2053 Was
2838 1978 3005 2038 maßen
3048 1965 3162 2025 diese
3189 1950 3460 2010 Abermuge

2180 2092 2277 2152 und
2316 2075 2589 2135 Treullose
2608 2057 2803 2117 Burger
2871 2040 3085 2100 Gabriel
3143 2024 3299 2084 guter,
3328 2009 3522 2069 Gestru¬

2177 2148 2330 2208 Kuhn
2381 2130 2483 2190 und
2524 2116 2688 2176 Daniel
2739 2102 2923 2162 Gueter
3005 2090 3107 2150 nicht
3158 2080 3271 2140 allein
3352 2064 3465 2124 und

2186 2206 2363 2266 bloßer
2383 2190 2521 2250 dingen
2609 2176 2688 2236 dem
2727 2160 3062 2220 Verdamlichen
3131 2138 3357 2198 Anschlag,
3387 2124 3426 2184 so
3446 2116 3514 2176 nebst

2187 2256 2513 2316 Abgewichener
2556 2241 2677 2301 tagen
2754 2228 2951 2288 wieder
3003 2217 3106 2277 Uns
3149 2207 3252 2267 und
3295 2191 3535 2251 Vnsere

2178 2321 2465 2381 Regierung
2524 2301 2819 2361 angezeiget
2903 2282 3105 2342 worden,
3156 2260 3510 2320 beygetretten,

2202 2383 2401 2443 sonderen
2447 2371 2538 2431 daß
2584 2364 2645 2424 sie
2676 2358 2760 2418 gar
2813 2353 2913 2413 als
2959 2345 3043 2405 von
3096 2337 3188 2397 denen
3211 2326 3447 2386 Urtheteren

2198 2448 2305 2508 und
2322 2434 2632 2494 anführeren
2686 2419 2845 2479 dieser
2889 2402 3244 2462 Verrichterischen
3297 2378 3527 2438 Nottirung

2896 2470 3007 2530 daß
3054 2463 3128 2523 sie
3166 2453 3203 2513 in
3249 2436 3491 2496 Salverbunt

2207 2499 2433 2559 anzustehen
2485 2492 2598 2552 sagen

2198 2562 2285 2622 vnd
2303 2555 2581 2615 Verführung
2625 2544 2764 2604 ihrer
2799 2531 3094 2591 Mitburgeren
3129 2516 3190 2576 zu
3225 2502 3399 2562 Ihrem

2202 2617 2433 2677 Gottlosen,
2473 2606 2685 2666 Anschlag
2725 2593 3098 2653 Allereissigst
3138 2577 3219 2637 sich
3259 2562 3460 2622 bezeiget,
