4032 3024
563 477 637 537 192.

509 528 616 588 Jason
626 528 781 588 Molt¬

484 595 548 655 der
548 586 746 646 Geheimen

515 650 663 710 Rahten

859 557 1326 617 Gelenburgst
1326 551 1464 611 Man
1482 550 1603 610 und
1620 550 1707 610 Raht

797 655 932 715 Kuster
968 656 1013 716 etc.

785 758 910 818 Euch
924 755 966 815 E.
994 754 1022 814 g.
1063 754 1133 814 können
1230 754 1313 814 Wir
1369 754 1480 814 nicht
1508 759 1814 819 verhalten,
1841 766 1897 826 was

811 847 986 907 maßen
1021 847 1056 907 in
1125 847 1218 907 der
1242 847 1486 907 Vergichtt
1521 849 1649 909 einer
1661 851 1754 911 der
1777 857 1952 917 conom¬

797 940 970 1000 kanten
993 941 1178 1001 wieder
1190 941 1409 1001 hiesigen
1455 944 1605 1004 Stand
1629 946 1709 1006 und
1744 954 1929 1014 Regier¬

790 1031 941 1091 rung,
974 1031 1103 1091 benant
1168 1033 1265 1093 das
1276 1033 1362 1093 mit
1427 1036 1514 1096 dem
1568 1039 1773 1099 Schwert
1816 1046 1924 1106 hinge¬

790 1130 1035 1190 richteten
1071 1129 1181 1189 Stadt
1230 1129 1500 1189 Lieutenant
1537 1132 1794 1192 Gueters,
1794 1140 1904 1200 sich

788 1231 932 1291 neben
970 1234 1181 1294 anderem
1248 1235 1382 1295 auch
1411 1235 1555 1295 hervor
1602 1232 1813 1292 gethan,
1832 1231 1919 1291 daß

768 1331 913 1391 Euer
945 1333 1257 1393 verburgerte
1298 1333 1381 1393 der
1423 1334 1621 1394 Advocat
1662 1337 1922 1397 Leibelet

796 1424 885 1484 von
918 1430 1074 1490 diesen
1108 1433 1275 1493 Kosten
1297 1433 1453 1493 sachen
1520 1433 1598 1493 nit
1621 1432 1732 1492 nur
1766 1433 1955 1493 leußen,

783 1526 935 1586 schafft
967 1532 1151 1592 gehabt,
1162 1534 1357 1594 sondern
1433 1532 1552 1592 auch
1563 1532 1671 1592 mit
1714 1531 1942 1591 demselben

796 1628 899 1688 sich
908 1628 1086 1688 allhier
1143 1628 1189 1688 in
1227 1628 1386 1688 Vnter
1396 1628 1536 1688 Rede
1564 1627 1939 1687 eingelaßen,

790 1718 885 1778 und
938 1725 1244 1785 bedenkliche
1307 1726 1466 1786 Worte
1508 1724 1782 1784 gebraucht,
1814 1724 1930 1784 derge¬

763 1824 1027 1884 stalten,
1051 1823 1147 1883 daß
1195 1822 1243 1882 Er
1255 1822 1542 1882 Lambelet,
1554 1819 1782 1879 darumb
1806 1817 1926 1877 Sied¬

787 1921 889 1981 und
923 1927 1150 1987 Antwort
1173 1928 1229 1988 zu
1241 1927 1377 1987 geben
1445 1922 1536 1982 sich
1547 1919 1740 1979 schuldig
1774 1916 1978 1976 gemacht.

774 2019 891 2079 Wir
891 2026 1084 2086 ersuchen
1149 2031 1200 2091 zu
1239 2032 1329 2092 dem
1368 2032 1471 2092 End
1510 2030 1613 2090 Euch
1626 2030 1691 2090 A.
1716 2030 1755 2090 G.
1794 2030 1936 2090 freund¬

768 2131 1092 2191 Nachbahrlich,
1131 2138 1454 2198 ietzgedachten
1506 2137 1726 2197 Eueren
1739 2135 1946 2195 Burger¬

766 2227 880 2287 dahin
915 2234 995 2294 zu
1018 2239 1235 2299 haltenn,
1269 2239 1361 2299 daß
1406 2239 1464 2299 Er
1498 2239 1612 2299 auch
1612 2239 1898 2299 Martin,

779 2324 893 2384 als
916 2329 974 2389 zu
1008 2335 1271 2395 Außgang
1317 2336 1455 2396 derer
1500 2336 1684 2396 Herbst
1706 2338 1821 2398 ferner

771 2430 966 2490 allhero
988 2434 1063 2494 sich
1074 2436 1280 2496 begebe,
1312 2438 1420 2498 und
1463 2440 1550 2500 vor
1582 2440 1669 2500 dem
1712 2441 1928 2501 Richter

769 2530 989 2590 stelle,
1002 2533 1136 2593 die
1149 2533 1418 2593 billicheit
1443 2533 1639 2593 Unsers
1688 2534 1982 2594 begehren,

3377 449 3447 509 133.

2298 540 2521 600 sowohl,
2552 536 2637 596 als
2658 535 2849 595 Euwere
2881 535 2944 595 in
2997 533 3421 593 gegenwertigem

2309 630 2518 690 leidigen
2529 626 2816 686 Emergenti
2827 629 2927 689 und
2960 631 3236 691 bezeugete
3258 628 3489 688 Freundschaft

2302 728 2410 788 vnd
2446 727 2626 787 gütige
2674 722 3034 782 theilnemung
3070 718 3130 778 an
3178 713 3346 773 deme,
3370 709 3418 769 so

2288 821 2531 881 Vnseren
2578 820 2728 880 Stand
2786 818 3122 878 Interessiert,
3145 814 3295 874 laßet
3342 810 3434 870 vnd

2296 922 2376 982 an
2416 919 2496 979 der
2547 917 2818 977 Willfahr
2868 915 2968 975 nicht
3008 913 3119 973 den
3169 908 3480 968 mündesten

2294 1016 2562 1076 zweyffel,
2600 1012 2703 1072 Wir
2728 1009 2907 1069 werden
2932 1006 3060 1066 auch
3085 1003 3264 1063 keines
3277 1000 3404 1060 lege¬

2295 1112 2630 1172 ermanglen,
2664 1109 2720 1169 in
2753 1108 3189 1168 vorfallenheiten
3234 1105 3301 1165 ein
3357 1101 3503 1161 solches

2301 1217 2451 1277 gegen
2485 1211 2600 1271 Euch
2612 1208 2669 1268 A.
2681 1207 2738 1267 G.
2761 1205 2957 1265 mittlest
3003 1204 3279 1264 gebuhrend,
3313 1204 3486 1264 Erstadtung

2298 1331 2435 1391 des
2460 1321 2697 1381 Reciproci
2747 1317 2810 1377 zu
2822 1312 3122 1372 verschulden
3209 1305 3296 1365 und
3321 1299 3546 1359 Empfehlen.

3419 1352 3498 1412 dd

2300 1426 2480 1486 Datum
2524 1421 2603 1481 den
2603 1420 2727 1480 18ten
2749 1418 2850 1478 7bris
2873 1417 2985 1477 119

2993 1535 3222 1595 Ehr
3271 1527 3369 1587 und
3386 1523 3467 1583 Raht

2327 1735 2494 1795 An
2558 1731 2661 1791 Ihro
2686 1726 2917 1786 Fürstlich
2930 1720 3302 1780 durchlaucht,
3315 1708 3507 1768 Herren

2510 1819 2690 1879 Marg
2726 1816 2894 1876 Graffen
2943 1817 3015 1877 von
3051 1815 3303 1875 Bareit¬

2327 1886 2429 1946 dit.

2326 1991 2502 2051 Vnnd
2525 1989 2572 2049 ist
2619 1987 2794 2047 dieser
2818 1981 2958 2041 tagen
3005 1975 3145 2035 gantz
3169 1964 3578 2024 ohnvermuhtet,

2320 2076 2667 2136 vorgekowen,
2699 2072 2793 2132 was
2804 2070 2867 2130 in
2909 2068 2993 2128 dem
3046 2065 3119 2125 zu
3140 2060 3361 2120 Christian
3382 2052 3529 2112 Erlang

2316 2168 2375 2228 in
2414 2170 2649 2230 offenen
2707 2166 2834 2226 trub
2874 2161 3255 2221 außgebenden
3314 2149 3548 2209 Zeitung,

2314 2258 2453 2318 Bladt
2503 2260 2602 2320 sub
2632 2260 2692 2320 n.
2712 2258 2791 2318 71.
2821 2254 3109 2314 Occasione
3139 2248 3248 2308 der
3268 2244 3377 2304 hier
3397 2237 3536 2297 Ohrts

2330 2348 2416 2408 vnd
2438 2347 2609 2407 deren
2642 2344 2867 2404 leidigen
2921 2337 3264 2397 Conspiration
3307 2328 3554 2388 eingerubt¬

2318 2435 2534 2495 worden,
2562 2434 2647 2494 da
2684 2432 2807 2492 nicht
2835 2432 2938 2492 nur
2976 2431 3089 2491 mit
3126 2428 3286 2488 vielen
3324 2419 3559 2479 Umstän¬

2324 2525 2461 2585 den
2514 2522 2652 2582 man
2683 2521 2789 2581 sich
2810 2518 3085 2578 verlegenn,
3106 2510 3222 2570 einen
3265 2501 3539 2561 allerdings

3245 2596 3497 2656 verlehrten

3519 550 3543 610 de¬
