4032 3024
500 522 549 582 68.

683 659 1044 719 Der
1101 653 1424 713 Schultze
1500 650 1652 710 Raht
1709 651 1804 711 und
1823 654 1975 714 ge¬

676 748 773 808 der
794 748 891 808 Stadt
945 745 1127 805 Hern,
1138 745 1417 805 Vrkunden
1460 749 1654 809 hiemit,
1664 755 1858 815 Alsdan

666 845 756 905 Wir
779 842 847 902 bey
870 841 983 901 Eyden
1006 838 1255 898 verstandet
1289 839 1425 899 vnd
1447 843 1685 903 nochmahlen
1742 854 1912 914 vortra¬

669 944 730 1004 gen
755 940 952 1000 laßen,
964 937 1038 997 die
1050 937 1271 997 Vergichten
1321 940 1530 1000 Jeniger
1554 947 1923 1007 imglichhafftiger

670 1039 855 1099 Unserer
885 1038 1167 1098 Burgeren,
1196 1040 1343 1100 welche
1352 1043 1499 1103 Einer,
1528 1047 1684 1107 wieder
1723 1052 1918 1112 Vnsere

664 1141 914 1201 Regierung
927 1139 1040 1199 und
1065 1140 1165 1200 auch
1177 1141 1265 1201 des
1277 1143 1578 1203 Vatterlandt
1640 1151 1903 1211 angestehenen

660 1242 950 1302 conspiration
975 1240 1157 1300 wegen,
1181 1240 1205 1300 in
1253 1244 1532 1304 gefänglicher
1556 1249 1666 1309 hafft
1702 1252 1799 1312 sich
1823 1254 1932 1314 auch

666 1349 910 1409 befinden;
921 1351 1099 1411 haben
1143 1352 1232 1412 Wir
1254 1353 1354 1413 aus
1377 1356 1710 1416 denenselben,
1710 1358 1810 1418 mit

664 1457 959 1517 schmertzlichem
1004 1457 1265 1517 bedauen
1299 1460 1582 1520 vornemen
1616 1462 1718 1522 und
1729 1464 1888 1524 erstehen

679 1559 890 1619 müßen,
922 1558 1017 1618 was
1038 1558 1206 1618 maßen
1259 1561 1428 1621 Frantz
1449 1562 1628 1622 Sauuel
1681 1562 1860 1622 Roder,
1871 1560 1934 1620 der

654 1661 899 1721 Küeffer,
932 1661 1133 1721 Abraham
1200 1663 1345 1723 Meyer
1390 1663 1468 1723 der
1501 1663 1713 1723 Schloßer,
1746 1659 1925 1719 quae

655 1757 763 1817 Ochs,
795 1757 870 1817 der
892 1759 1171 1819 Marchand,
1182 1763 1408 1823 Friederich
1419 1763 1623 1823 Kupfer,
1655 1761 1720 1821 der
1730 1758 1902 1818 Pfister

655 1856 737 1916 Joh.
772 1856 925 1916 Rudolff
995 1856 1217 1916 Küter,
1229 1858 1416 1918 indiene
1440 1858 1721 1918 abricant,
1721 1858 1873 1918 Frantz¬

669 1954 935 2014 Herrnn,
956 1955 1028 2015 der
1058 1955 1222 2015 Eyden,
1253 1955 1540 2015 Fabricant,
1571 1955 1735 2015 Damuel
1766 1955 1971 2015 Christen,

664 2052 770 2112 der
790 2053 1108 2113 Marchand,
1137 2053 1321 2113 Daniel
1360 2050 1562 2110 Gueter,
1591 2048 1688 2108 auch
1688 2047 1959 2107 Marchand

671 2153 811 2213 und
844 2150 1124 2210 Hieronus
1178 2152 1361 2212 Kütter
1404 2152 1479 2212 der
1511 2149 1770 2209 Haubtman,
1802 2142 1835 2202 an

675 2260 873 2320 dieser
906 2257 1223 2317 verdamlichen
1267 2258 1574 2318 Conjuration
1607 2253 1870 2313 theilhafftig

681 2356 945 2416 geworden,
955 2354 1155 2414 Indeme
1208 2354 1313 2414 Sie
1335 2354 1440 2414 die,
1472 2353 1535 2413 von
1587 2350 1735 2410 denen
1767 2344 1956 2404 Gottlosen

664 2452 922 2512 Absichten
945 2454 1050 2514 der
1074 2455 1413 2515 Conspiranten
1472 2452 1659 2512 gehabte
1682 2445 1940 2505 Müßenschaft

689 2545 874 2605 gehenn,
914 2546 1007 2606 und
1020 2549 1140 2609 bey
1140 2550 1232 2610 sich
1246 2551 1471 2611 gehalten,
1498 2549 1630 2609 durch
1630 2544 1895 2604 besuchung

682 2638 945 2698 gehenner,
956 2641 1048 2701 und
1082 2642 1127 2702 in
1162 2642 1425 2702 Unseren
1459 2641 1642 2701 Grund
1687 2635 1904 2695 gestoßen,

3408 485 3460 545 69

2289 641 2441 701 Höchst
2473 643 2743 703 verbotener
2765 649 3089 709 Verstandungen
3133 653 3262 713 durch
3284 655 3435 715 eydtliche

2287 731 2567 791 Verbindung
2577 734 2640 794 zu
2660 739 3024 799 Geheimhaltung
3055 741 3138 801 und
3159 742 3460 802 gewalthätiger

2281 827 2593 887 Außführung
2627 830 2754 890 Ihres
2777 835 2985 895 vorhabens,
3020 838 3112 898 auch
3135 839 3400 899 Verführung
3435 838 3516 898 und

2288 928 2581 988 Einflechtung
2613 933 2808 993 anderer
2841 936 2960 996 Ihrer
2992 938 3382 998 Mittburgeren,
3415 938 3502 998 den

2290 1028 2564 1088 boßhafften
2585 1031 2701 1091 und
2722 1034 3144 1094 ausführerischen
3176 1036 3397 1096 Anschlag
3408 1039 3555 1099 befor¬

2286 1133 2437 1193 deren
2491 1135 2706 1195 helffen,
2727 1137 2943 1197 wordurch
2953 1138 3082 1198 dan,
3104 1138 3190 1198 und
3222 1139 3276 1199 so
3298 1139 3373 1199 der
3394 1139 3523 1199 Aller¬

2278 1235 2442 1295 höchste
2465 1237 2628 1297 dieser
2652 1238 2850 1298 Boßheit
2885 1238 3107 1298 ferneren
3142 1238 3305 1298 kauff
3328 1237 3445 1297 hatte

2290 1337 2533 1397 gestatten
2589 1339 2766 1399 wollen,
2799 1340 2988 1400 Unsere
2988 1342 3154 1402 lehrte,
3187 1343 3242 1403 Von
3264 1345 3342 1405 der
3364 1345 3519 1405 Stadt,

2296 1444 2376 1504 aus
2388 1444 2480 1504 der
2514 1445 2767 1505 gesegneten
2801 1447 2927 1507 Auch,
2939 1447 3031 1507 und
3077 1444 3456 1504 aufnehmendem

2283 1538 2569 1598 Wohlstan,
2591 1541 2622 1601 in
2665 1543 2824 1603 welchem
2866 1544 2951 1604 sie
2962 1547 3121 1607 unter
3152 1549 3396 1609 Göttlichen

2284 1640 2450 1700 Schutze
2484 1642 2639 1702 Bluhet,
2673 1643 2728 1703 in
2739 1644 2828 1704 die
2861 1647 3017 1707 große
3050 1651 3361 1711 Verlierung,
3384 1654 3528 1714 seiner

2289 1742 2389 1802 und
2409 1745 2610 1805 villeicht
2640 1747 2891 1807 gäntzliches
2911 1749 3182 1809 Verderben,
3202 1750 3353 1810 hätte
3383 1751 3493 1811 konen

2281 1846 2501 1906 gestürzet
2535 1847 2766 1907 werden.

2258 1987 2505 2047 Obschon
2542 1985 2641 2045 nun
2678 1984 2974 2044 vorgenante
2999 1985 3407 2045 unglüchafftige
3407 1988 3567 2048 Burger¬

2292 2083 2442 2143 durch
2463 2081 2581 2141 diese
2592 2080 2838 2140 attentata,
2881 2081 3095 2141 Unsere
3106 2083 3384 2143 Regierung
3405 2088 3544 2148 ange¬

2281 2182 2458 2242 Vastet,
2505 2182 2600 2242 und
2647 2182 2765 2242 Ihrer
2776 2182 3154 2242 Rechtmäßigen
3224 2183 3295 2243 von
3342 2182 3495 2242 Gott¬

2281 2284 2492 2344 gesetzten
2526 2282 2749 2342 Obrigkeit
2804 2281 2905 2341 nach
2927 2279 3005 2339 dem
3049 2278 3272 2338 Siegter
3306 2279 3562 2339 gegriffen,

2295 2383 2394 2443 also
2431 2381 2506 2441 des
2506 2380 2815 2440 abscheulichen
2853 2380 3051 2440 Lasters
3088 2380 3175 2440 der
3200 2380 3571 2440 Hoch-Verrahts¬

2283 2479 2493 2539 schuldig
2516 2475 2772 2535 geworden,
2796 2473 2936 2533 haben
2982 2473 3075 2533 Wir
3099 2473 3297 2533 Vnsere
3320 2477 3565 2537 Neigung

2281 2579 2405 2639 zur
2405 2578 2529 2638 Gnad
2579 2576 2666 2636 und
2703 2573 3125 2633 Barmhertzigkeit
3137 2572 3311 2632 denoch
3336 2570 3386 2630 so
3410 2570 3510 2630 weit
