4032 3024
344 341 390 401 20

481 451 666 511 Zel
712 454 820 514 an
850 458 1081 518 Mhhl.
1081 464 1174 524 die
1204 474 1404 534 Kriegs
1404 488 1605 548 Raht,
1620 506 1774 566 Sie

1441 529 1453 589 in

539 544 641 604 des
662 547 816 607 tags
836 552 1103 612 Berichtten,
1133 558 1216 618 mit
1257 564 1410 624 frundtl.
1431 576 1718 636 Gesen,
1718 588 1800 648 von

538 634 592 694 vnnd
682 638 755 698 an
791 646 1162 706 Nachdenkens
1226 657 1280 717 zu
1316 663 1515 723 haben,
1525 669 1615 729 und
1669 676 1742 736 ein

530 730 848 790 Disposition
915 739 983 799 zu
1031 743 1262 803 machen,
1282 749 1426 809 derer
1465 762 1802 822 inditarischen

516 826 860 886 Anstalten,
860 832 941 892 so
971 835 1072 895 auf
1103 839 1204 899 den
1254 844 1356 904 tag
1396 847 1467 907 der
1497 855 1781 915 allfhligen

523 933 783 993 Execution
828 940 930 1000 die
942 942 1123 1002 Mehr
1213 946 1530 1006 angemeen
1542 955 1757 1015 erachten

451 1162 663 1222 Dedel
701 1162 776 1222 an
826 1163 1050 1223 Muhhl.
1075 1169 1250 1229 Rahts
1250 1175 1437 1235 Herren
1475 1183 1687 1243 Manne

454 1255 703 1315 Sec.
747 1268 1185 1328 approbieren,
1200 1280 1317 1340 was
1346 1283 1405 1343 Er
1419 1287 1624 1347 Muhl.
1624 1291 1887 1351 sorgfaltige

508 1362 943 1422 Veranstaltet,
955 1372 1126 1432 wegen
1195 1376 1275 1436 de
1310 1378 1378 1438 im
1424 1380 1470 1440 so
1481 1383 1733 1443 genanten

498 1474 763 1534 Bittlinger
797 1480 959 1540 thuen
982 1483 1315 1543 enthaltenen
1350 1486 1534 1546 Michel
1592 1490 1845 1550 Buet

503 1582 573 1642 und
633 1585 784 1645 finden
854 1586 1045 1646 nhtig,
1075 1585 1175 1645 da
1215 1583 1496 1643 allegen,
1526 1582 1627 1642 wan
1667 1583 1767 1643 Ihme

503 1681 613 1741 das
635 1683 778 1743 een
789 1684 1108 1744 hingetragen
1174 1682 1328 1742 wird,
1339 1681 1405 1741 ein
1449 1678 1636 1738 officier
1680 1676 1790 1736 nebst

498 1774 632 1834 paar
666 1779 834 1839 Mann
868 1784 1092 1844 mitgehe,
1126 1786 1193 1846 Er
1205 1787 1294 1847 der
1328 1786 1564 1846 officiero
1586 1784 1676 1844 auch
1710 1780 1788 1840 die

496 1876 722 1936 Schluel
759 1880 897 1940 hinter
897 1882 997 1942 sich
1022 1885 1198 1945 behalte,
1198 1887 1511 1947 Maen
1536 1889 1573 1949 Er
1623 1892 1799 1952 Mut

493 1979 555 2039 ein
607 1979 763 2039 solches
794 1979 1002 2039 ferners
1043 1979 1137 2039 also
1178 1981 1427 2041 verfuegen
1479 1981 1666 2041 werde.
1697 1981 1749 2041 etc.

450 2170 667 2230 Edel
740 2168 812 2228 An
885 2165 1066 2225 Herren
1114 2164 1259 2224 Gro
1295 2161 1477 2221 Weibell
1549 2156 1658 2216 Ihne
1670 2154 1803 2214 davon

499 2259 620 2319 ber
642 2262 818 2322 einen
862 2261 1027 2321 anzug
1049 2258 1401 2318 verstndigen

3366 440 3396 500 21

2363 486 2638 546 Montagk
2702 485 2807 545 den
2850 484 2924 544 14.
2955 482 3093 542 July
3146 481 3273 541 1749

2512 563 2694 623 Coram
2766 560 2890 620 60

2182 706 2305 766 zer
2349 703 2416 763 an
2439 701 2684 761 Mechthl.
2684 700 2751 760 die
2762 696 3120 756 Caminatores,
3164 685 3377 745 Nachdeme

2157 780 2378 840 Meghl.
2387 776 2461 836 und
2498 772 2525 832 G.
2571 770 2663 830 G.
2673 767 2756 827 und
2774 764 2829 824 G.
2857 759 3078 819 heutigen
3115 753 3244 813 tags,
3281 748 3456 808 ablesend

2168 850 2367 910 angehrt
2401 841 2470 901 die
2522 834 2755 894 verschidene
2824 829 2901 889 mit
2953 826 3091 886 denen
3126 822 3324 882 dreyen

2147 919 2316 979 groben
2360 907 2698 967 inhafftirten
2751 901 2866 961 und
2875 898 3124 958 lckseeligen
3159 889 3408 949 Burgeren

2159 984 2385 1044 bekanter
2442 977 2762 1037 hchstschwren
2809 971 3054 1031 verbrechen
3130 966 3299 1026 halber
3328 963 3441 1023 ver

2169 1065 2308 1125 fuhrte
2360 1054 2664 1114 examina,
2681 1049 2785 1109 als
2838 1045 3107 1105 benantlich
3150 1041 3228 1101 mit
3298 1036 3393 1096 dem

2160 1135 2501 1195 Handelsmann
2579 1124 2784 1184 Niclau
2832 1121 3037 1181 Werner
3085 1116 3261 1176 Stadt
3280 1106 3426 1166 Lieut

2170 1210 2306 1270 Pter
2365 1202 2462 1262 und
2510 1198 2821 1258 Haubtmann
2860 1194 3083 1254 Cantz,
3093 1188 3336 1248 daraus
3365 1179 3404 1239 dan

2158 1277 2484 1337 verstanden,
2513 1270 2715 1330 deen
2753 1267 2830 1327 der
2859 1264 3002 1324 Eine,
3022 1259 3223 1319 andere
3252 1253 3377 1313 und

2135 1358 2338 1418 Fride
2382 1348 2594 1408 bekentlich
2629 1343 2823 1403 werden
2876 1339 3114 1399 men,
3149 1330 3457 1390 abend

2140 1431 2381 1491 Meghl.
2381 1424 2480 1484 und
2497 1421 2569 1481 E.
2596 1419 2703 1479 G.
2712 1416 2837 1476 und
2872 1413 2962 1473 G.
2971 1411 3060 1471 die
3078 1407 3158 1467 mit
3221 1398 3399 1458 diesen

2157 1501 2391 1561 benanten
2431 1494 2604 1554 dreyen
2645 1484 3001 1544 Delinquenten
3062 1472 3336 1532 verfhrte

2082 1585 2392 1645 procetur
2445 1570 2531 1630 fur
2563 1564 2787 1624 complet
2851 1557 3160 1617 angesehen,
3171 1547 3288 1607 und
3320 1539 3406 1599 sich

2158 1660 2199 1720 an
2271 1654 2426 1714 denen
2478 1650 2561 1710 mit
2622 1647 2777 1707 Ihnen
2829 1640 3139 1700 gehaltenem
3190 1619 3480 1679 Examinibus

2155 1734 2447 1794 ersettiget,
2459 1731 2634 1791 unthin
2693 1728 2903 1788 Erkent,
2915 1723 3043 1783 da
3090 1717 3160 1777 mit
3207 1707 3335 1767 der

2163 1812 2532 1872 Burtheillung,
2563 1807 2675 1867 au
2716 1801 3014 1861 knfftigen
3065 1786 3352 1846 Mitwochen

2161 1894 2279 1954 solle
2300 1889 2397 1949 fort
2418 1884 2675 1944 gefahren,
2718 1876 2985 1936 selbigen
3049 1866 3188 1926 tags,
3199 1857 3360 1917 Ihret

2141 1971 2296 2031 wegen
2358 1964 2482 2024 das
2523 1957 2854 2017 Guttrucht
2895 1946 3205 2006 verstatet
3247 1930 3443 1990 werden

2147 2049 2243 2109 und
2283 2043 2371 2103 Ich
2427 2035 2658 2095 nachdeme
2722 2028 2810 2088 die
2842 2022 3010 2082 Urtel
3050 2016 3129 2076 es
3153 2004 3449 2064 mitbringen

2141 2128 2204 2188 so
2236 2122 2467 2182 eine
2540 2115 2740 2175 sonstag
2793 2105 3003 2165 darauff
3045 2097 3140 2157 die
3171 2084 3423 2144 Execution

2130 2205 2261 2265 vor
2283 2198 2381 2258 sich
2403 2193 2555 2253 gehen
2599 2189 2730 2249 solle,
2773 2187 2882 2247 und
2926 2184 3057 2244 zwar
3111 2177 3296 2237 auert
3340 2166 3438 2226 der

2158 2272 2303 2332 Stadt
2375 2270 2458 2330 am
2489 2265 2758 2325 Gewohnten
2841 2256 3182 2316 Richtslatze,
3213 2245 3389 2305 ander

2134 2360 2253 2420 denn
2348 2352 2502 2412 einigen
2561 2341 2988 2401 praecautionen,
3024 2332 3083 2392 die
3095 2322 3403 2382 vorzulehren

2135 2442 2428 2502 Michghl.
2428 2437 2538 2497 den
2562 2430 2941 2490 Kriegerichten
3002 2411 3369 2471 aufgetragen

2606 2515 2809 2575 deen
2862 2509 2959 2569 nun
3033 2505 3129 2565 die
3161 2494 3418 2554 Mhhl.

2124 2515 2409 2575 worden.

2136 2593 2335 2653 hiemit
2385 2587 2584 2647 berichtet
2659 2584 2896 2644 werden,
2921 2580 2995 2640 mit
3045 2576 3157 2636 frl.
3182 2567 3431 2627 Gesien,
