4032 3024
499 528 558 588 14.

684 580 902 640 Gelan
921 568 969 628 H.
969 557 1196 617 Großbeibell.
1206 544 1376 604 Hintemal
1405 536 1509 596 Much
1557 533 1632 593 und
1632 534 1680 594 E.
1689 535 1727 595 G.
1727 537 1784 597 und
1822 540 1841 600 G.

700 647 848 707 heutigen
877 638 936 698 tags
965 633 995 693 gut
1015 625 1191 685 befunden,
1221 616 1289 676 und
1309 613 1437 673 Erkent,
1466 610 1525 670 daß
1535 610 1584 670 in
1604 611 1721 671 ansehen
1751 615 1820 675 deß
1829 618 1869 678 in

703 710 946 770 Bekändischen
955 701 1062 761 diensten
1101 695 1140 755 im
1159 689 1363 749 Regiment
1373 685 1547 745 vorstehen
1567 687 1751 747 stehenden
1761 698 1877 758 haubt¬

702 780 921 840 Alexander
938 769 1106 829 Herrorts,
1123 763 1267 823 gleichwie
1283 762 1342 822 mit
1368 761 1494 821 übrigen
1519 761 1595 821 der
1604 765 1865 825 Conspiration

695 851 830 911 halber
844 842 1028 902 eradierten
1043 835 1256 895 verfahren,
1277 833 1348 893 und
1369 833 1405 893 Er
1412 835 1689 895 proclamirt,
1710 841 1788 901 und
1810 846 1874 906 auf

712 922 755 982 den
764 919 790 979 15.
833 914 910 974 Nov.
945 908 1065 968 nechst
1065 905 1203 965 kunfftig
1212 904 1341 964 citirt
1375 904 1487 964 werden
1522 907 1625 967 solle,
1634 909 1711 969 Alß
1737 913 1849 973 beide
1866 917 1909 977 Er¬

726 988 790 1048 H.
790 983 1009 1043 Großleibet
1009 978 1118 1038 deßen
1136 973 1237 1033 hiemit
1273 970 1447 1030 berichtet,
1456 970 1520 1030 mit
1538 973 1675 1033 befelch,
1702 979 1730 1039 zu
1730 986 1894 1046 veraufell

734 1059 801 1119 daß
820 1057 858 1117 Er
868 1054 1020 1114 haubtman
1059 1050 1202 1110 Hergorth
1230 1048 1297 1108 auf
1316 1048 1488 1108 künfftigen
1517 1050 1651 1110 dienstag
1660 1053 1708 1113 den
1717 1058 1813 1118 dieß
1832 1065 1899 1125 ge¬

726 1129 889 1189 wohnter
889 1125 986 1185 form
1019 1121 1094 1181 nach
1094 1120 1214 1180 durch
1224 1118 1311 1178 einen
1333 1118 1441 1178 Weibe
1506 1121 1593 1181 alhier
1625 1126 1679 1186 auf
1712 1129 1766 1189 dem
1798 1137 1928 1197 Reht¬

730 1202 834 1262 hauß
860 1194 1094 1254 proclamirt,
1103 1192 1190 1252 und
1190 1192 1250 1252 biß
1276 1192 1328 1252 auf
1354 1193 1432 1253 den
1450 1196 1666 1256 obangesetzten
1701 1205 1822 1265 Termin

752 1271 870 1331 under
888 1270 943 1330 dem
979 1267 1188 1327 aufgeschten
1206 1267 1461 1327 Cominatorio
1479 1271 1589 1331 alhier
1616 1276 1689 1336 vor
1698 1279 1752 1339 dem
1789 1286 1907 1346 gebüh¬

730 1349 885 1409 erenden
893 1344 1039 1404 Richter
1056 1342 1073 1402 zu
1108 1342 1279 1402 erscheinen
1305 1342 1459 1402 citiret
1476 1346 1631 1406 werde,
1639 1355 1914 1415 Welchemnach

726 1413 782 1473 zu
798 1411 878 1471 thun,
902 1410 941 1470 Er
941 1409 981 1469 he
1021 1408 1260 1468 Großleibel
1284 1409 1419 1469 bestens
1419 1411 1554 1471 laßen
1570 1414 1689 1474 werde

709 1470 792 1530 ta
826 1468 909 1528 von
951 1466 1042 1526 denen
1084 1465 1317 1525 Citationen
1342 1465 1434 1525 sind
1442 1466 1501 1526 7.
1509 1467 1642 1527 Toppel
1667 1468 1717 1528 ex
1717 1470 1850 1530 pediere
1875 1474 1967 1534 condi¬

724 1517 757 1577 n.
757 1522 835 1582 2.
868 1531 1079 1591 Frylage
1112 1529 1135 1589 den
1168 1528 1179 1588 5.
1212 1522 1434 1582 Septembris
1468 1520 1590 1580 1749.

1105 1598 1247 1658 Coram
1299 1594 1364 1654 200

734 1686 878 1746 Wir
898 1676 1073 1736 Schultheiß
1093 1671 1186 1731 klein
1206 1667 1268 1727 und
1289 1666 1371 1726 groß
1381 1665 1494 1725 Rähte
1504 1664 1545 1724 etc.
1556 1664 1607 1724 daß
1617 1664 1700 1724 wie
1720 1666 1771 1726 hat
1792 1666 1936 1726 abermal

744 1760 822 1820 bey
831 1753 935 1813 Eyden
961 1747 1160 1807 convociret
1195 1744 1281 1804 Unß
1299 1742 1498 1802 Vortragen
1541 1744 1688 1804 laßen,
1688 1744 1749 1804 die
1766 1748 1957 1808 verführte

740 1827 948 1887 Coramina
978 1819 1037 1879 und
1057 1815 1205 1875 Vergicht
1245 1811 1393 1871 Rudolff
1433 1811 1660 1871 Werners,
1660 1812 1719 1872 deß
1749 1814 1927 1874 gelesenen

721 1909 894 1969 pithal
932 1894 1134 1954 etirung,
1144 1888 1288 1948 welcher
1288 1885 1394 1945 wegen
1432 1885 1595 1945 theilhafft
1634 1885 1787 1945 machung
1826 1886 1864 1946 an
1874 1887 1941 1947 der

753 1983 949 2043 bekanten
949 1970 1123 2030 leidigen
1123 1963 1400 2023 Conspiration
1423 1963 1585 2023 flüchtig
1596 1964 1804 2024 geworden,
1804 1967 1966 2027 seithero

749 2065 845 2125 aber
863 2061 915 2121 sich
933 2056 1143 2116 freywillig
1151 2053 1195 2113 zu
1204 2050 1396 2110 Unserer
1405 2047 1492 2107 hafft
1518 2047 1606 2107 und
1623 2047 1693 2107 zur
1693 2050 1947 2110 verantwor¬

734 2140 865 2200 ptung
883 2132 1031 2192 gestellet
1040 2128 1145 2188 hat,
1154 2126 1337 2186 darauß
1346 2126 1433 2186 wir
1451 2125 1529 2185 dan,
1547 2125 1739 2185 ohngeacht
1774 2123 1879 2183 dieser

747 2209 970 2269 gemüßig
991 2204 1214 2264 scheinbahren
1225 2201 1489 2261 ausführung
1499 2200 1621 2260 höchst
1631 2200 1845 2260 bedaurend
1865 2202 1957 2262 bahr¬

750 2286 892 2346 nemmen
909 2284 1086 2344 müßen,
1113 2282 1192 2342 wie
1210 2280 1316 2340 diser
1333 2278 1492 2338 Andelß
1528 2276 1704 2336 Werne
1749 2276 1846 2336 durch
1881 2279 1934 2339 die

754 2361 928 2421 Außagen
962 2357 1014 2417 der
1023 2355 1153 2415 vorhin
1170 2350 1430 2410 beurtheilten
1439 2347 1751 2407 Conspirariter,
1768 2348 1942 2408 meistens

737 2443 850 2503 aber
850 2438 963 2498 durch
973 2434 1056 2494 seine
1087 2429 1200 2489 eigene
1220 2423 1508 2483 angangene
1529 2420 1776 2480 bekantnuß
1796 2427 1982 2487 überführt,

746 2509 908 2569 worden,
917 2505 999 2565 daß
1026 2501 1062 2561 Er
1080 2498 1189 2558 ander
1216 2494 1424 2554 ruchloßen,
1451 2491 1696 2551 verbindung
1705 2491 1877 2551 einicher
1895 2493 1958 2553 un¬

744 2584 998 2644 glubhafftigen
1039 2569 1227 2629 Bürgeren
1260 2562 1383 2622 wider
1399 2559 1490 2619 Unß
1506 2558 1588 2618 und
1613 2557 1768 2617 Unsere
1785 2558 1982 2618 Regierung

758 2655 914 2715 Antheil
938 2644 1129 2704 genomen,
1165 2637 1189 2697 in
1225 2634 1332 2694 Ihren
1356 2629 1607 2689 Versamlung
1619 2628 1679 2688 vnd
1715 2632 1954 2692 verschlichunge

3395 455 3395 515 13

2184 536 2282 596 sich
2282 528 2416 588 finden
2452 519 2585 579 laßenn,
2612 516 2701 576 auch
2710 514 2853 574 andere
2853 512 2906 572 zu
2924 512 3129 572 verführen,
3156 512 3218 572 und
3227 514 3450 574 seditione

2191 609 2362 669 Schrifften
2398 597 2434 657 zu
2452 586 2740 646 communicieren
2758 577 3011 637 getrachtet,
3020 576 3101 636 Wan
3137 575 3227 635 wir
3227 575 3380 635 anbey
3389 574 3479 634 und

2198 683 2488 743 Haubtsachlich
2488 671 2534 731 in
2557 664 2789 724 betrachtung
2812 661 2963 721 gezogen,
2986 659 3044 719 daß
3067 659 3148 719 eine
3159 659 3345 719 geraume
3368 658 3484 718 Zeith

2205 767 2295 827 die
2313 753 2547 813 gewalthätige
2574 745 2665 805 und
2674 742 2863 802 greuliche
2881 740 3043 800 anschlag
3070 740 3125 800 der
3134 740 3368 800 conjurierten
3404 740 3512 800 aller¬

2192 832 2492 892 weitläuffigkeit
2522 819 2602 879 nach
2612 814 2731 874 Ihme
2731 812 2871 872 bekant
2911 811 3091 871 gewesen,
3101 812 3190 872 daß
3200 812 3270 872 die
3270 815 3520 875 Freübles¬

2202 901 2301 961 keit,
2328 894 2391 954 mit
2427 887 2563 947 welcher
2563 884 2599 944 Er
2617 882 2689 942 alß
2698 880 2762 940 ein
2771 878 2997 938 Bücklicher
2997 877 3349 937 Veneficiarium,
3367 878 3430 938 und
3439 880 3475 940 in

2204 967 2419 1027 begrübten
2458 956 2644 1016 umständen
2673 953 2751 1013 sich
2761 953 3005 1013 befindender
3005 953 3171 1013 Burger
3171 955 3289 1015 wider
3308 955 3396 1015 Unß
3425 955 3503 1015 und

2211 1043 2351 1103 Unsere
2386 1030 2632 1090 Rechtmäßige
2632 1025 2877 1085 Regierung
2901 1024 2959 1084 sich
2971 1026 3181 1086 verschuldet,
3216 1030 3286 1090 auß
3310 1034 3485 1094 verlehrten

2209 1110 2496 1170 indankbarem
2537 1103 2685 1163 herzen,
2701 1102 2775 1162 und
2799 1102 3226 1162 unterantwortlicher
3234 1105 3480 1165 abneigung

2220 1180 2442 1240 herrühre,
2452 1176 2529 1236 So
2538 1174 2664 1234 hatten,
2693 1172 2760 1232 wie
2779 1172 2818 1232 die
2866 1172 2992 1232 schlehre
3030 1174 3213 1234 Vorgehung
3252 1177 3329 1237 und
3329 1180 3522 1240 verbre¬

2215 1259 2296 1319 schen
2343 1251 2435 1311 nach
2447 1247 2528 1307 deren
2563 1241 2899 1301 beithausehenheit
2922 1241 3015 1301 mit
3038 1242 3131 1302 denen
3166 1248 3363 1308 härtesten
3375 1254 3502 1314 straffen

2240 1331 2390 1391 belegen
2424 1324 2574 1384 sollen,
2583 1319 2675 1379 wir
2675 1318 2767 1378 haben
2808 1318 2892 1378 aber
2900 1318 3051 1378 Unsere
3068 1321 3302 1381 angebohrne
3327 1329 3477 1389 Milde¬

2228 1404 2327 1464 noch
2327 1399 2416 1459 itzo
2416 1394 2548 1454 balten
2593 1390 2736 1450 laßen,
2747 1387 2858 1447 und
2880 1387 3079 1447 Erben,

2262 1499 2340 1559 daß
2372 1488 2583 1548 obgedeuter
2598 1483 2763 1543 Siedoch
2786 1481 3013 1541 Werner
3052 1483 3114 1543 alß
3130 1483 3193 1543 ein
3232 1486 3458 1546 unbürdig

2232 1569 2326 1629 und
2345 1563 2496 1623 geführl.
2524 1559 2590 1619 glid
2637 1556 2694 1616 von
2722 1555 2902 1615 Unserem
2949 1555 3081 1615 Standt
3100 1558 3345 1618 abgetret,
3354 1564 3496 1624 seiner

2251 1636 2447 1696 alhiesigen
2479 1629 2708 1689 bürgerlichen
2725 1627 2863 1687 Rechten
2896 1628 3117 1688 beraubet,
3141 1633 3305 1693 Eliglich
3321 1639 3386 1699 von
3403 1644 3533 1704 Unsere

2248 1705 2382 1765 Stadt
2418 1699 2480 1759 und
2498 1696 2623 1756 Landen
2667 1694 2863 1754 verbaret,
2890 1695 2970 1755 und
2988 1698 3265 1758 nimmermehr
3265 1704 3389 1764 beider
3407 1708 3523 1768 darein

2267 1769 2425 1829 gelaßen
2450 1764 2584 1824 werden
2626 1760 2751 1820 solle,
2759 1760 2859 1820 also
2859 1760 2976 1820 noch,
3001 1762 3076 1822 daß
3101 1763 3143 1823 Er
3160 1766 3393 1826 gleichfahls
3402 1771 3493 1831 auß

2260 1838 2451 1898 Städten
2469 1833 2556 1893 und
2573 1829 2729 1889 Landen
2747 1828 2842 1888 Löbl.
2860 1828 3060 1888 Eydtgueß
3086 1829 3138 1889 ist,
3155 1830 3225 1890 und
3242 1835 3485 1895 zugelauter

2280 1902 2440 1962 ohrten,
2460 1897 2551 1957 auch
2571 1894 2651 1954 dero
2671 1894 2802 1954 Hundt
2812 1894 3003 1954 genoßen,
3033 1896 3093 1956 alß
3103 1899 3264 1959 istum
3294 1903 3465 1963 Gesell

2283 1975 2584 2035 Neulenburg,
2599 1975 2915 2035 Müllhausen,
2923 1979 3084 2039 dienst,
3092 1981 3262 2041 wollest
3285 1984 3354 2044 und
3362 1987 3508 2047 funden

2272 2047 2474 2107 verbenet
2499 2045 2575 2105 seyn,
2600 2045 2667 2105 und
2684 2045 2827 2105 bleiben
2852 2047 2978 2107 solle,
2995 2052 3323 2112 widerhandenden
3340 2059 3433 2119 fahls
3449 2062 3542 2122 und

2278 2124 2342 2184 auf
2363 2120 2555 2180 betreten,
2587 2118 2629 2178 Er
2651 2117 2725 2177 ohne
2757 2116 2917 2176 ferner
2970 2117 3087 2177 Urthel
3129 2119 3214 2179 nach
3214 2121 3300 2181 gnad
3342 2124 3417 2184 mit
3438 2126 3523 2186 dem

2286 2205 2467 2265 Schwert
2492 2197 2550 2257 vom
2591 2192 2698 2252 leben
2731 2191 2805 2251 zum
2830 2191 2921 2251 Tod
2929 2191 3019 2251 solle
3052 2192 3300 2252 hingerichtet
3324 2198 3531 2258 werden.

2292 2278 2417 2338 Welch
2438 2272 2573 2332 gnädige
2594 2270 2708 2330 Urthel
2729 2269 2781 2329 an
2791 2269 2895 2329 Ihme
2927 2269 3124 2329 Wernied
3124 2271 3384 2331 vollstrebet,
3384 2273 3467 2333 und
3488 2275 3530 2335 Er¬

2291 2348 2380 2408 mit
2419 2347 2528 2407 einem
2577 2344 2814 2404 Corperlichen
2824 2344 2922 2404 Eyd
2932 2344 2991 2404 zu
3011 2344 3090 2404 Godt
3139 2344 3188 2404 die
3208 2347 3445 2407 demühtige

2300 2412 2606 2472 Underziehung
2616 2410 2706 2470 und
2724 2408 2950 2468 Religiore
2977 2410 3247 2470 beobachtung
3275 2415 3464 2475 derselbenn,
3491 2419 3554 2479 wie

2300 2486 2420 2546 auch
2438 2484 2493 2544 deß
2521 2482 2715 2542 gebohrten
2752 2480 2955 2540 Urthodts
2973 2480 3185 2540 versicheren
3222 2484 3305 2544 und
3324 2490 3527 2550 beschlehren

2308 2557 2491 2617 wolle.
2502 2554 2605 2614 geben
2628 2552 2685 2612 in
2708 2552 2834 2612 Unser
2845 2553 3005 2613 großen
3028 2555 3119 2615 Rahts
3119 2560 3496 2620 versamlung,

2299 2626 2398 2686 Sagt
2398 2620 2467 2680 ut
2477 2615 2625 2675 supra.
