4032 3024
493 471 549 531 48.

717 535 802 595 deß
839 535 1095 595 Studiosi
1107 536 1437 596 Scheinhardts
1462 538 1620 598 halber
1645 540 1694 600 in
1742 542 1840 602 dem

717 610 966 670 Verstand,
985 608 1077 668 daß
1105 607 1336 667 derselbe
1364 607 1502 667 wegen
1567 607 1650 667 der
1659 616 1955 676 ungehaltenen

721 694 808 754 und
834 691 1103 751 Custenden
1146 686 1337 746 manien,
1363 686 1432 746 mit
1475 686 1605 746 deren
1605 687 1657 747 Er
1701 688 1822 748 einer
1848 694 1926 754 und

720 781 865 841 andere
898 780 943 840 in
954 779 1054 839 den
1088 776 1322 836 Gottlosen
1345 776 1534 836 compet
1612 778 1668 838 zu
1713 785 1947 845 bringen¬

726 877 991 937 getrachtett,
1003 872 1118 932 noch
1141 869 1326 929 mehren
1395 868 1499 928 solle
1510 873 1902 933 examiniert,

717 969 842 1029 und
861 965 928 1025 wo
937 962 1177 1022 vonnöhten
1244 961 1320 1021 mit
1378 964 1569 1024 denen,
1579 965 1617 1025 so
1655 967 1703 1027 es
1741 971 1933 1031 angehet¬

712 1061 983 1121 Confrontiert
1014 1064 1244 1124 werden;
1254 1066 1442 1126 Und
1484 1069 1578 1129 wie
1619 1072 1870 1132 demnach

718 1158 896 1218 Messen
1000 1157 1095 1217 und
1147 1159 1304 1219 Obere
1335 1162 1429 1222 A.
1440 1165 1534 1225 und
1565 1169 1639 1229 G.
1660 1172 1869 1232 zugleich

715 1235 924 1295 Erbent,
934 1237 1039 1297 daß
1091 1241 1352 1301 nunmehro
1394 1247 1530 1307 über
1571 1252 1665 1312 alle
1707 1253 1853 1313 diese

729 1321 1041 1381 Inhafftierte
1073 1325 1170 1385 und
1213 1327 1277 1387 im
1309 1331 1503 1391 Hauß,
1503 1335 1717 1395 Arrest
1750 1339 1868 1399 ent¬

726 1411 938 1471 haltene
1013 1416 1235 1476 Personen
1299 1420 1405 1480 eine
1437 1423 1766 1483 passierung
1809 1427 1915 1487 ge¬

737 1512 846 1572 macht
894 1514 1052 1574 werden
1088 1514 1258 1574 solle,
1270 1514 1501 1574 woraus
1537 1516 1610 1576 zu
1622 1516 1877 1576 ersehen,

726 1612 757 1672 in
808 1612 911 1672 was
952 1610 1045 1670 fur
1076 1607 1209 1667 einem
1250 1604 1425 1664 fehler
1446 1600 1518 1660 ein
1549 1596 1785 1656 Jeglicher
1816 1592 1857 1652 in

721 1705 955 1765 mehreren
1016 1699 1108 1759 oder
1149 1699 1200 1759 in
1230 1699 1475 1759 minderen
1546 1700 1628 1760 sich
1658 1699 1893 1759 befinde,

735 1801 823 1861 Als
848 1799 986 1859 haben
1048 1796 1237 1856 Mehl:
1237 1795 1387 1855 und
1425 1795 1575 1855 Obere
1600 1797 1751 1857 Kund
1788 1801 1863 1861 G.

715 1897 873 1957 Ihnen
906 1896 1076 1956 Muchow
1076 1894 1267 1954 als
1301 1891 1414 1951 denen
1448 1889 1560 1949 alle
1605 1888 1741 1948 dieser
1763 1889 1899 1949 Sachen

732 1990 792 2050 am
822 1988 992 2048 besten
1052 1985 1222 2045 bekant
1262 1984 1342 2044 und
1382 1984 1622 2044 familiar
1642 1985 1772 2045 sind,
1782 1987 1882 2047 daß

695 2083 928 2143 Censum
981 2081 1140 2141 hiermit
1193 2080 1489 2140 aufgeben,
1500 2081 1585 2141 und
1616 2081 1712 2141 die
1722 2083 1955 2143 Meson¬

707 2177 854 2237 hiemit
899 2173 1102 2233 frundtl.
1125 2174 1328 2234 ansinen
1396 2179 1621 2239 wollen,
1633 2180 1689 2240 in
1723 2178 1881 2238 Ihrer

708 2286 795 2346 biß
845 2279 994 2339 hieher
1019 2278 1131 2338 hierin
1181 2280 1467 2340 erzeigten
1491 2287 1927 2347 Ohnverdroßenheit

731 2371 797 2431 noch
841 2369 1048 2429 ferners
1070 2368 1180 2428 fort
1201 2366 1485 2426 zufahren,
1507 2366 1584 2426 und
1606 2366 1726 2426 dan
1759 2366 1901 2426 das

710 2455 954 2515 Werde,
962 2452 1105 2512 wan
1155 2452 1239 2512 die
1281 2452 1525 2512 Mehren
1558 2453 1836 2513 werden

721 2537 977 2597 absolviert
1033 2535 1212 2595 haben,
1223 2537 1346 2597 Mith
1390 2543 1625 2603 und
1636 2549 1803 2609 Oberen

3422 470 3465 530 49

2258 557 2357 617 M.
2455 554 2517 614 und
2542 554 2603 614 G.
2640 554 2739 614 zur
2764 558 3072 618 Burtheilung
3109 570 3491 630 vorzutragen,

2330 637 2450 697 Wie
2500 641 2570 701 zu
2610 646 2700 706 thun
2740 648 2770 708 so
2770 652 2970 712 ist

2323 790 2455 850 Ist,
2485 791 2558 851 Ob
2588 792 2646 852 man
2705 795 2911 855 hieruber
2940 797 2984 857 hin
3014 799 3263 859 zutachten
3322 800 3513 860 haben¬

2344 872 2468 932 oder
2499 874 2614 934 aber
2634 875 2748 935 eine
2790 879 3070 939 foderung
3111 883 3246 943 machen
3298 883 3443 943 lassen

2349 962 2485 1022 wolle,
2512 965 2575 1025 ist
2612 968 2693 1028 für
2711 969 2802 1029 der
2838 970 3020 1030 bestere
3056 971 3128 1031 37.
3147 970 3382 1030 Stinen,
3391 970 3482 1030 und

2328 1065 2447 1125 für
2479 1066 2576 1126 das
2587 1066 2813 1126 letstene
2846 1066 2964 1126 in
2986 1064 3094 1124 sehr
3115 1063 3320 1123 großes
3352 1061 3503 1121 Mehr¬

2348 1163 2444 1223 aus
2480 1165 2696 1225 gefallen,
2720 1165 2768 1225 so
2792 1165 2900 1225 nicht
2912 1163 3092 1223 gezahlt
3152 1160 3308 1220 werden

2261 1319 2677 1379 Diesemnach
2701 1307 2808 1367 aber
2843 1307 2903 1367 ob
2927 1306 2998 1366 die
3022 1307 3128 1367 Sache
3164 1307 3283 1367 recta
3342 1306 3449 1366 vor

2344 1416 2524 1476 Mehl.
2548 1415 2681 1475 und
2693 1412 2838 1472 Obene
2874 1408 2958 1468 R.
2994 1406 3054 1466 und
3103 1403 3175 1463 B.
3199 1403 3512 1463 gelangen,

2349 1504 2456 1564 oder
2492 1501 2610 1561 aber
2646 1500 2705 1560 ob
2741 1495 2907 1555 Selbige
2954 1488 3203 1548 vorderst
3251 1486 3334 1546 von
3334 1488 3523 1548 Mechen

2333 1597 2443 1657 die
2465 1595 2574 1655 Rahtt
2629 1591 2728 1651 solle
2760 1584 2968 1644 getragen
3023 1576 3089 1636 und
3111 1572 3209 1632 von
3242 1568 3384 1628 Ihnen
3428 1565 3527 1625 be¬

2335 1691 2559 1751 ertheilet
2594 1685 2806 1745 werden.
2817 1683 2947 1743 Sind
2958 1682 3052 1742 fur
3088 1681 3182 1741 das
3217 1679 3382 1739 Erster
3417 1676 3534 1736 We¬

2351 1790 2450 1850 für
2489 1784 2588 1844 das
2607 1778 2814 1838 letstern
2873 1774 2982 1834 aber
3021 1772 3100 1832 60.
3129 1771 3317 1831 Stinen
3366 1772 3543 1832 gezahlt

2343 1884 2477 1944 worden

2552 2007 2792 2067 Cristow
2822 1997 2882 2057 den
2897 1996 2927 2056 13
2957 1994 3122 2054 Augusti
3167 1991 3287 2051 1669.

2778 2105 2938 2165 Wolliß

2475 2192 2530 2252 Ann
2574 2189 2939 2249 Landthaubtman
2983 2183 3061 2243 und
3083 2182 3160 2242 Raht

2337 2329 2508 2389 Just.

2356 2427 2378 2487 so
2422 2424 2466 2484 hat
2499 2419 2674 2479 Rudelß
2707 2416 2871 2476 Werner
2882 2416 3003 2476 Unser
3025 2416 3167 2476 Burger
3189 2417 3255 2477 und
3255 2419 3332 2479 von
3354 2421 3551 2481 Possession

2356 2509 2396 2569 die
2428 2504 2619 2564 Chirurgus,
2643 2501 2691 2561 sich
2707 2498 2842 2558 schwerer
2866 2494 2970 2554 Standt
2985 2492 3177 2552 verbrechen,
3200 2492 3264 2552 mit
3296 2494 3447 2554 anderen
3471 2496 3559 2556 nicht

2344 2594 2425 2654 benig
2482 2585 2666 2645 verdächtig
2666 2579 2850 2639 zumahlen
2885 2575 2965 2635 durch
2977 2573 3161 2633 genomene
3195 2573 3322 2633 Flucht,
3322 2575 3517 2635 Schuldig¬
