3024 4032
3369 396 3473 467 A.
2133 481 3398 682 Rodel an Mehl Staats Schreiber. Damit
2166 630 3368 782 die Hoch Oberkeitl. Deliberationen in dem
2163 724 3436 838 traurigen, die bekandte Inquisiten ansehende
2151 809 3492 922 Geschafft: eben wie im geheimbden Raht beschicht
2154 900 3494 1042 nicht bekant werdind. Gesinnend methen und obere
2157 1011 3463 1112 So. und 3. an Muhl. Staats Schreiber so wohl die
2157 1074 3468 1209 vorgestrige als heutige Erkantnuß, und was in
2142 1172 3507 1268 fernerem erfolgen wird, in ein besonderes Manuali
2793 1250 3501 1386 zwar durch einen beeydigten
2156 1249 2789 1366 schreiben zu laßen, und
2150 1334 3499 1460 von der Canzleÿ, welches Buech dan Er Mühll. sorge
2143 1420 3513 1543 fältig zu verwahren laußen, und hintern sich ver¬
2138 1512 2794 1622 schloßen behalten werde.
2824 1514 3456 1634 Actum Coram 200
2138 1584 2699 1734 den 9t July 1779.
2724 1676 3089 1853 Caniter
3117 1759 3470 1940 Den
2146 1889 3204 2106 Sontags den sein haben 19.
2576 2052 2762 2186 206.
2084 2110 3434 2274 Nachdeme Mechghl. Amts cons. Mehl und
2156 2211 3432 2338 Oberen R. und 3. eröfnet, was gesteigen Tags
2141 2298 3410 2436 Mehl: die Rält sorgfältig veranstaltet bey
2150 2370 3436 2512 dermahlig, betrüebtem Emergeriti, da verschiedene
2116 2447 3477 2610 dero Burgeren den so grausamen und ohnerhörten
