4032 3024
359 392 380 452 8.

502 518 661 578 Mahl
807 517 1006 577 gethane
1032 517 1178 577 fura
1244 521 1430 581 ratione
1470 527 1536 587 der
1563 539 1841 599 Inhaftierten

524 617 781 677 Personen,
790 620 946 680 welche
974 622 1047 682 sich
1075 622 1112 682 in
1158 625 1415 685 ohngleichem
1461 630 1562 690 casu
1599 639 1829 699 befinden,

530 712 589 772 da
628 708 892 768 namblichen
931 707 1000 767 die
1029 709 1196 769 einen
1215 710 1313 770 den
1352 719 1714 779 conjurationes

521 801 820 861 beschworen,
829 800 906 860 und
925 801 993 861 den
1022 805 1339 865 Verstamlungen
1388 813 1705 873 beygewohnt,
1715 817 1792 877 die¬

528 892 709 952 anderen
741 892 837 952 ohne
858 895 1135 955 beschwehrung
1167 900 1241 960 des
1273 905 1411 965 Eydts
1433 911 1614 971 lediglich
1646 914 1709 974 die

529 986 886 1046 Verstandungen
925 991 1118 1051 besucht,
1147 993 1224 1053 die
1253 996 1398 1056 dritten
1456 1000 1543 1060 dan
1582 1004 1630 1064 in
1659 1006 1804 1066 keinem

529 1082 625 1142 von
645 1079 799 1139 diesen
818 1078 1001 1138 beyden
1030 1080 1155 1140 fahlen
1213 1081 1290 1141 sich
1329 1085 1550 1145 befinden,
1560 1088 1695 1148 denoch
1704 1088 1810 1148 aber

513 1170 590 1230 von
623 1168 776 1228 diesen
787 1166 941 1226 Sachen
985 1168 1324 1228 Wißenschafft
1357 1173 1533 1233 gehabt,
1555 1177 1631 1237 Ob
1653 1181 1796 1241 dahero

519 1260 738 1320 diejenige
790 1264 1009 1324 Personen
1050 1263 1092 1323 so
1113 1262 1165 1322 am
1217 1262 1456 1322 connigsten
1498 1262 1800 1322 beschuldiget,

520 1345 649 1405 wegen
709 1352 907 1412 Mangel
947 1357 1155 1417 Platzens
1195 1357 1235 1417 in
1264 1357 1334 1417 den
1354 1357 1770 1417 Gefangenschafften

523 1442 611 1502 nicht
659 1444 795 1504 wider
814 1444 873 1504 in
902 1442 999 1502 den
1038 1441 1183 1501 Hanß
1222 1441 1406 1501 Arrest
1435 1443 1649 1503 versetzt
1668 1449 1804 1509 werden

873 1537 1134 1597 Nachdeme
1168 1535 1270 1595 und
1316 1537 1497 1597 Mhhl.
1532 1540 1725 1600 hierüber
1747 1543 1793 1603 die

516 1540 671 1600 könten,

518 1630 837 1690 erforderlichen
855 1627 1165 1687 reflectionen
1201 1625 1438 1685 gemachtt,
1447 1622 1611 1682 mithin
1647 1621 1866 1681 betrachtet,

519 1720 625 1780 daß
672 1721 790 1781 Ihnen
861 1719 1061 1779 Muhthl.
1096 1717 1191 1777 alle
1238 1714 1497 1774 Umbstände
1544 1715 1744 1775 bekant¬

504 1816 642 1876 hiemit
682 1813 741 1873 am
800 1808 958 1868 besten
978 1804 1214 1864 urtheilen
1274 1799 1461 1859 können,
1471 1796 1619 1856 welche
1648 1797 1717 1857 von
1747 1798 1816 1858 den

498 1902 815 1962 Inhafftierten
864 1897 894 1957 in
943 1893 1071 1953 mehr
1111 1888 1200 1948 uns
1230 1882 1447 1942 minderem
1486 1876 1546 1936 zu
1556 1872 1842 1932 verwahrene

501 1999 693 2059 seyen,
703 1995 818 2055 oder
847 1991 934 2051 aus
953 1986 1039 2046 der
1049 1977 1404 2037 Gefangenschafft
1452 1967 1568 2027 wider
1597 1963 1625 2023 in
1664 1959 1827 2019 Hauß¬

496 2091 677 2151 arrest
700 2089 882 2149 versetzt
904 2083 1063 2143 werden
1120 2075 1313 2135 könten,
1347 2068 1438 2128 ohne
1449 2063 1540 2123 das
1563 2057 1721 2117 hierbey

501 2175 649 2235 etwas
686 2176 747 2236 zu
772 2175 969 2235 befahren
1031 2169 1179 2229 seyn,
1191 2163 1339 2223 Haben
1376 2155 1548 2215 Mehl.
1585 2149 1647 2209 am
1696 2144 1832 2204 nah¬

494 2272 692 2332 sonsten
703 2269 912 2329 erachtet,
945 2267 1055 2327 alles
1055 2266 1243 2326 lediglich
1254 2262 1397 2322 Ihrer
1430 2258 1573 2318 Mehr
1661 2250 1837 2310 prident¬

504 2348 584 2408 und
607 2352 938 2412 behutsankeit
1006 2356 1063 2416 zu
1097 2356 1451 2416 überlaßen,
1463 2348 1599 2408 denoch
1634 2339 1748 2399 aber

508 2436 674 2496 werden
737 2434 814 2494 Sie
839 2434 1043 2494 gezweien
1107 2435 1247 2495 Muhls
1272 2435 1400 2495 den
1463 2431 1756 2491 Geheimen

1573 2500 1764 2560 Rähte.

2004 1074 2046 1134 E.

3335 427 3375 487 9.

2081 517 2259 577 Mevio
2290 511 2457 571 geben,
2467 511 2582 571 wan
2614 512 2687 572 die
2708 514 2875 574 jemand
2917 517 2990 577 der
3000 523 3366 583 Gefangenschafft

2096 607 2392 667 entledigen,
2401 605 2506 665 wie
2544 608 2783 668 demnach
2830 612 2888 672 zu
2935 616 3021 676 thun

2055 769 2268 829 Redel
2294 764 2348 824 an
2374 763 2547 823 Mhhl.
2547 764 2641 824 die
2667 767 2880 827 Gehenden
2933 773 3080 833 Raht,
3093 777 3240 837 Sie
3266 785 3399 845 deßen
3399 787 3439 847 en

2093 854 2223 914 über
2262 850 2381 910 Ihren
2401 850 2620 910 Vortrag
2660 856 2828 916 berichten

2204 956 2592 1016 Gerstow
2644 954 2670 1014 den
2709 956 2748 1016 10.
2800 958 2903 1018 Julÿ
2968 958 3033 1018 169

2115 1064 2406 1124 ausanne
2478 1065 2655 1125 Praes.
2665 1066 2779 1126 Mitt
2821 1069 3008 1129 sonderem
3070 1072 3299 1132 Vermögen

2106 1159 2266 1219 verstehen
2327 1159 2499 1219 Mehl.
2536 1159 2623 1219 aus
2635 1159 2795 1219 seinem
2844 1158 3053 1218 Schreiben
3090 1156 3164 1216 und
3213 1152 3373 1212 bey¬

2078 1252 2355 1312 gelegener
2392 1249 2753 1309 repreventation
2799 1246 2892 1306 von
2910 1244 3003 1304 der
3030 1243 3151 1303 Statt
3160 1240 3419 1300 Laudanne

2096 1348 2247 1408 sowohl
2279 1349 2397 1409 seine
2419 1347 2537 1407 H.
2548 1344 2827 1404 Landtvogts
2860 1339 3279 1399 Aufmerckestanndt
3300 1341 3408 1401 über¬

2101 1447 2224 1507 die
2258 1445 2314 1505 in
2337 1444 2494 1504 Unser
2539 1441 2685 1501 Haubt
2685 1439 2809 1499 Statt
2809 1438 3123 1498 entstandene
3123 1441 3393 1501 Ohnruhen,

2101 1547 2231 1607 Als
2261 1545 2360 1605 auch
2380 1543 2460 1603 der
2500 1540 2620 1600 Statt
2639 1534 2898 1594 causanne
2938 1532 3008 1592 diß
3028 1534 3177 1594 Ohrts
3187 1537 3257 1597 an
3287 1543 3377 1603 tag

2103 1652 2309 1712 Wagende
2322 1649 2504 1709 Fraw,
2516 1647 2662 1707 Eister
2674 1644 2759 1704 und
2796 1642 3233 1702 dienstfertigkeit,
3246 1643 3416 1703 worüber

2092 1757 2277 1817 Mhhl.
2300 1754 2473 1814 Ihme
2496 1745 2727 1805 befehlend,
2762 1737 2808 1797 in
2820 1731 3074 1791 geseßenem
3131 1730 3235 1790 Raht
3293 1735 3351 1795 zu

2079 1849 2340 1909 Dauoare
2369 1851 2466 1911 das
2495 1845 2747 1905 Oberkeitl.
2757 1830 3095 1890 wohlgefallen,
3095 1824 3163 1884 ob
3202 1823 3337 1883 dieser

2085 1936 2262 1996 Ihrer
2300 1936 2579 1996 Ausführung
2630 1928 2845 1988 Nahmens
2870 1922 3060 1982 Mehl.
3085 1917 3161 1977 zu
3161 1916 3377 1976 bezeugen

2109 2035 2186 2095 mit
2230 2036 2307 2096 der
2329 2030 2670 2090 Versicherung,
2703 2018 2780 2078 daß
2802 2010 2967 2070 Mehl.
3011 2000 3231 2060 jederzeit
3286 1999 3385 2059 für¬

2093 2132 2229 2192 Ihre
2267 2128 2393 2188 Statt
2422 2124 2490 2184 vnd
2529 2116 2732 2176 derselben
2790 2103 3032 2163 Wohlstand
3061 2096 3138 2156 alle
3148 2089 3438 2149 consideration

2101 2229 2293 2289 tragen
2311 2219 2475 2279 werden
2530 2206 2695 2266 übrigen
2759 2195 2850 2255 den
2877 2186 3014 2246 werde
3042 2180 3097 2240 Er
3124 2175 3252 2235 Ihnen
3298 2169 3371 2229 be¬

2108 2320 2368 2380 deuten,
2379 2311 2466 2371 daß
2509 2302 2628 2362 durch
2661 2294 2726 2354 die
2747 2286 2942 2346 Gnädige
2953 2274 3213 2334 Furstehung
3246 2270 3397 2330 Gottes

2117 2402 2199 2462 der
2229 2400 2322 2460 böse
2352 2394 2568 2454 Anschlag
2588 2385 2660 2445 der
2670 2373 2998 2433 Conjuratoren
3029 2362 3090 2422 in
3121 2360 3193 2420 Zeit
3234 2360 3418 2420 mitdel¬

2111 2491 2229 2551 und
2241 2491 2311 2551 zu
2347 2485 2582 2545 Sicherheit
2606 2474 2677 2534 der
2712 2464 2830 2524 Statt
2853 2454 2959 2514 solche
2971 2441 3254 2501 Gestalten

3213 2482 3298 2542 vor
