4032 3024
478 432 520 492 36.

630 2051 706 2111 X.

725 585 851 645 Redel
901 582 952 642 von
977 577 1166 637 Muhl.
1178 573 1304 633 Cons.
1317 572 1493 632 Seiger
1581 573 1720 633 Ihne
1758 580 1896 640 deßen

755 650 1013 710 berichten,
1046 648 1110 708 mit
1164 644 1314 704 sandl.
1347 643 1583 703 Gesinnen,
1615 643 1691 703 aus
1723 649 1927 709 könstige

743 728 1031 788 Mitwochen,
1050 727 1155 787 Melch
1232 724 1328 784 und
1347 722 1510 782 obigen
1539 722 1606 782 S.
1645 722 1731 782 und
1769 724 1827 784 G.
1856 727 1923 787 zu¬

764 801 845 861 dem
891 799 960 859 vnd
994 797 1087 857 bey
1110 796 1260 856 Eyden
1317 794 1617 854 Versanden
1674 793 1732 853 zu
1744 794 1893 854 laßen

738 921 923 981 da
955 919 988 979 es
1031 919 1118 979 aus
1140 919 1238 979 diß
1259 919 1346 979 hin
1390 919 1422 979 zu
1476 917 1574 977 thun
1596 915 1769 975 hatt,
1802 911 1867 971 Ob

753 995 857 1055 auch
877 995 919 1055 an
960 995 1043 1055 H.
1064 993 1376 1053 Großleibte
1417 989 1573 1049 wegen
1635 986 1988 1046 verzuschreihung

765 1074 931 1134 diser
968 1067 1135 1127 leuten
1209 1066 1292 1126 und
1339 1066 1394 1126 an
1422 1066 1524 1126 die
1552 1065 1709 1125 Herren
1728 1061 1913 1121 Großliche

766 1147 926 1207 selbige
961 1141 1201 1201 allsehlig
1224 1138 1464 1198 inzwischen
1544 1136 1636 1196 zum
1670 1132 1796 1192 tod
1819 1129 1876 1189 zu¬

768 1223 948 1283 bereiten
1053 1217 1157 1277 der
1195 1214 1385 1274 nöthige
1442 1209 1622 1269 befelch
1651 1201 1898 1261 abzugeben

760 1298 841 1358 sein
887 1291 1005 1351 wolle
1051 1289 1160 1349 oder
1196 1286 1378 1346 nicht,
1387 1283 1506 1343 Ist
1560 1275 1770 1335 hierüber
1806 1264 1861 1324 in

755 1375 877 1435 das
903 1371 1034 1431 mihr
1069 1366 1226 1426 gesetzt
1269 1358 1522 1418 worden,
1548 1350 1609 1410 ob
1635 1343 1749 1403 man
1792 1336 1845 1396 in

764 1444 922 1504 seiner
1034 1439 1162 1499 ewer
1252 1433 1432 1493 oder
1469 1426 1604 1486 aber
1642 1420 1694 1480 ob
1732 1412 1867 1472 man

774 1514 869 1574 nicht
935 1512 1097 1572 beiter
1173 1507 1401 1567 erkennen
1477 1496 1629 1556 wolle,
1695 1485 1866 1545 da

759 1584 831 1644 fur
876 1582 975 1642 das
1002 1579 1146 1639 ersten
1210 1576 1291 1636 fur
1390 1570 1498 1630 zehen
1562 1559 1778 1619 seinen,
1805 1544 1886 1604 fur¬

760 1657 854 1717 das
869 1653 1025 1713 lesten
1095 1648 1235 1708 Abet
1274 1643 1383 1703 als
1406 1636 1523 1696 das
1547 1630 1694 1690 nichts
1726 1619 1850 1679 weiter

749 1727 965 1787 erkennen
1022 1720 1113 1780 G.
1158 1713 1317 1773 seinen
1363 1702 1578 1762 gezehlet
1624 1688 1931 1748 worden.

775 1871 1129 1931 Mittwochen
1210 1873 1251 1933 den
1292 1873 1387 1933 6ten
1387 1874 1604 1934 Augusti
1645 1876 1781 1936 1649.

996 1961 1163 2021 Coram
1202 1957 1297 2017 200

780 2056 865 2116 In
878 2059 988 2119 folge
1012 2062 1270 2122 verleichenen
1306 2063 1502 2123 Montag
1514 2065 1588 2125 das
1600 2065 1674 2125 wen
1698 2065 1772 2125 dis
1821 2066 1919 2126 er¬

750 2140 986 2200 gangenen
1009 2148 1303 2208 Erkäntnuß
1339 2152 1421 2212 ist
1444 2153 1633 2213 heutigen
1668 2149 1880 2209 Morgend
1892 2143 1962 2203 vor¬

749 2237 925 2297 Mhhl.
958 2240 1047 2300 und
1080 2243 1223 2303 Oberen
1268 2245 1345 2305 B.
1356 2246 1455 2306 und
1488 2246 1544 2306 G.
1577 2246 1654 2306 mit
1698 2240 1974 2300 Beuetheilung

747 2331 833 2391 der,
865 2337 1100 2397 bekanter
1132 2344 1409 2404 Conspiration
1441 2342 1591 2402 halber
1623 2339 1762 2399 droben
1794 2333 1943 2393 annoch

739 2432 1043 2492 Inhafftierten
1090 2435 1312 2495 Persohnen
1394 2435 1475 2495 der
1475 2434 1674 2494 Anfang
1709 2425 1919 2485 gemacht,

749 2527 943 2587 denstage
994 2525 1084 2585 und
1110 2524 1290 2584 Gstags
1316 2524 1509 2584 darauff
1509 2521 1690 2581 darmit
1690 2519 1767 2579 fort
1806 2512 1973 2572 gefahren,

773 2614 868 2674 und
899 2612 1004 2672 über
1036 2611 1162 2671 einen
1215 2611 1372 2671 Jeden
1415 2611 1698 2671 absonderlich
1720 2609 1867 2669 Erkent
1867 2606 1993 2666 worden,

747 2703 813 2763 wie
845 2699 1161 2759 nachstehende
1194 2698 1357 2758 Urtheil
1390 2695 1466 2755 das
1477 2693 1673 2753 mehreren
1695 2687 1869 2747 inhaltet

1726 2792 1850 2852 Wir

3412 461 3470 521 57.

2345 556 2563 616 Er
2688 565 3000 625 Schultzens
3031 568 3187 628 Raht
3249 570 3342 630 und
3342 574 3514 634 Burger¬

2370 644 2457 704 der
2490 648 2587 708 Stadt
2642 654 2815 714 Hern,
2826 661 3086 721 Vrkunden
3130 667 3336 727 hiemit,
3347 668 3531 728 Alsdan

2369 742 2475 802 Wir
2487 745 2581 805 auf
2605 751 2935 811 Endtgemelten
2970 757 3135 817 Datis
3147 760 3241 820 bey
3265 761 3406 821 Eyden

2362 845 2654 905 verstandet,
2665 850 2800 910 Und
2821 856 3103 916 wiedermahlen
3166 862 3291 922 haben
3333 865 3510 925 vortragen

2363 947 2563 1007 laßen,
2574 947 2645 1007 die
2668 949 2915 1009 Vergichten
2962 952 3067 1012 der,
3067 956 3231 1016 wegen
3278 958 3349 1018 der
3360 959 3501 1019 leidigen

2370 1049 2650 1109 Conspiration
2682 1048 2854 1108 wieder
2887 1051 3080 1111 Unsere
3112 1054 3403 1114 Regierung
3424 1052 3489 1112 in

2368 1152 2652 1212 gefänglicher
2687 1151 2877 1211 Verhafft
2936 1151 3148 1211 sitzender
3184 1150 3503 1210 Burgeren¬

2372 1260 2509 1320 haben
2551 1257 2656 1317 Wir
2667 1255 2772 1315 aus
2793 1255 2962 1315 selbigen
3025 1254 3162 1314 höchst
3173 1253 3499 1313 bedauend¬

2366 1357 2534 1417 erstehen
2601 1352 2825 1412 mußen,
2859 1351 2938 1411 was
2960 1349 3106 1409 maßen
3151 1348 3296 1408 Johan
3330 1349 3476 1409 Friedern

2343 1457 2570 1517 Küsen,
2613 1451 2807 1511 Indine
2839 1448 3077 1508 Dabucan
3163 1444 3400 1504 Rudolff

2359 1548 2599 1608 Reinhard
2640 1540 2901 1600 Theologiae
2943 1538 3193 1598 studiosus,
3224 1540 3506 1600 Friederich

2367 1646 2563 1706 haus,
2596 1638 2868 1698 Lieutenant
2912 1631 3042 1691 Reat
3086 1628 3293 1688 Ludwig
3336 1628 3489 1688 Herber

2368 1742 2561 1802 quamuel
2595 1737 2788 1797 Knecht
2811 1734 2913 1794 der
2924 1731 3129 1791 Herber,
3163 1730 3254 1790 und
3288 1729 3515 1789 Friederich

2378 1845 2530 1905 Christen
2601 1835 2671 1895 der
2683 1829 2999 1889 Goldschunde,
3011 1825 3140 1885 lauth
3163 1825 3280 1885 Ihrer
3280 1825 3479 1885 eigenen

2372 1942 2520 2002 freyen
2581 1932 2852 1992 bekantnuß
2889 1928 2939 1988 in
2975 1927 3025 1987 ein
3086 1927 3493 1987 höchst-straff¬

2381 2038 2541 2098 bahren
2541 2032 2837 2092 Gündtnuß,
2861 2024 3034 2084 wieder
3046 2021 3182 2081 und
3206 2019 3317 2079 Ihre
3354 2020 3502 2080 Recht¬

2390 2135 2598 2195 mäßige
2635 2131 2721 2191 von
2758 2128 2856 2188 Godt
2930 2120 3151 2180 gestehte,
3163 2113 3445 2173 Gnädige

2371 2245 2605 2305 Obrigkeit
2640 2235 2721 2295 sich
2721 2224 3048 2284 eingelaßen,
3060 2215 3141 2275 zu
3176 2208 3410 2268 deßelben

2365 2337 2744 2397 geheinhaltung,
2756 2326 2825 2386 wie
2859 2321 2951 2381 auch
2974 2311 3296 2371 gewalthätiger
3342 2306 3526 2366 Auß¬

2375 2440 2611 2500 führung
2634 2430 2746 2490 ihrer
2758 2416 3073 2476 verdamlichen
3095 2401 3354 2461 Absichten
3399 2398 3478 2458 mit

2381 2538 2787 2598 Hinderstehung
2818 2520 2865 2580 Ihrer
2974 2505 3240 2565 Burgerlichen
3287 2498 3396 2558 und
3427 2498 3536 2558 auch
