4032 3024
814 598 966 658 Oder
980 602 1310 662 Vergeßenheit
1365 601 1572 661 verstanden
1655 607 1710 667 zu
1724 620 1958 680 konen¬

811 751 905 811 Da
940 747 1033 807 Wir
1057 741 1150 801 aber
1162 739 1255 799 auch
1290 732 1629 792 anderweitiger
1629 735 1898 795 Erfahrung

806 834 997 894 besorgt
1031 833 1143 893 seyn
1177 830 1357 890 mueßen,
1379 827 1469 887 daß
1492 826 1581 886 die
1581 826 1874 886 Großmuht¬

800 902 885 962 vnd
923 907 1328 967 außerordentliche
1356 910 1564 970 Remens
1583 913 1677 973 mit
1715 917 1931 977 welcher

804 983 927 1043 Wir
958 985 1051 1045 nur
1092 983 1195 1043 eine
1216 983 1411 1043 geringe
1452 985 1617 1045 anzahl
1669 991 1823 1051 deren

821 1061 1117 1121 Ausführern
1200 1065 1460 1125 bestraffen
1495 1071 1696 1131 laßen,
1731 1076 1802 1136 zu
1838 1079 1932 1139 all¬

802 1145 869 1205 zu
903 1147 1140 1207 großem
1174 1151 1366 1211 sampt
1388 1158 1681 1218 derselben,
1681 1164 1783 1224 und
1817 1169 1952 1229 soweit

810 1226 1065 1286 mißdeutet
1124 1229 1272 1289 werden
1330 1231 1527 1291 dörffte,
1556 1231 1615 1291 als
1644 1231 1762 1291 wan
1792 1234 1919 1294 das

815 1312 1056 1372 Verbrechen
1106 1309 1207 1369 der
1227 1307 1569 1367 Justificierten
1589 1307 1690 1367 und
1730 1306 1921 1366 übriger

818 1393 1129 1453 propiranten
1187 1393 1429 1453 geringe,
1439 1397 1585 1457 Ihr
1633 1399 1905 1459 vornemen

812 1477 870 1537 und
929 1474 1173 1534 Anschläge,
1219 1474 1359 1534 weder
1406 1478 1545 1538 blutig
1592 1480 1673 1540 ja
1708 1478 1836 1538 gar

825 1554 917 1614 ben
975 1552 1078 1612 nicht
1136 1553 1193 1613 so
1205 1558 1654 1618 ohnrechtmäßig,
1665 1555 1780 1615 noch
1803 1551 1884 1611 auch

809 1634 881 1694 die
905 1631 1083 1691 daherige
1142 1632 1285 1692 folgen
1356 1634 1416 1694 so
1428 1636 1713 1696 entstehlich
1725 1632 1844 1692 und

809 1714 1043 1774 gefährlich
1067 1712 1228 1772 gelesen
1289 1711 1437 1771 wären,

806 1876 1116 1936 die
1116 1877 1240 1937 und
1256 1877 1364 1937 bey
1380 1876 1550 1936 derley
1581 1876 1628 1936 so
1628 1874 1891 1934 ohngleichen

811 1951 1024 2011 Gerichten
1069 1951 1203 2011 Vnsere
1271 1952 1461 2012 getrene
1517 1954 1719 2014 burgers
1775 1950 1876 2010 und

820 2032 1052 2092 angehörige
1105 2032 1390 2092 gewunschet,
1411 2033 1559 2093 dieser
1601 2033 1654 2093 so
1675 2032 1960 2092 bedencklichen

819 2117 1160 2177 Vorgangenheit
1192 2113 1277 2173 und
1298 2111 1585 2171 gefährlicher
1607 2111 1894 2171 Umständen

821 2201 967 2261 welche
979 2201 1064 2261 Sie
1089 2201 1174 2261 so
1186 2200 1393 2260 treulich
1418 2200 1491 2260 zu
1539 2198 1722 2258 kurzen
1759 2195 1990 2255 genomen,

814 2276 1022 2336 gründtlich
1045 2278 1253 2338 berichtet
1311 2282 1392 2342 zu
1427 2285 1589 2345 seyn,
1600 2287 1693 2347 So
1716 2287 1901 2347 können

823 2353 947 2413 Wir
981 2351 1083 2411 nicht
1106 2353 1264 2413 muchin
1321 2357 1400 2417 zu
1422 2364 1592 2424 Ihrem
1626 2373 1852 2433 Post,
1863 2379 1943 2439 zu

826 2428 959 2488 Steur
1003 2428 1092 2488 der
1137 2428 1403 2488 Wahrheit,
1415 2432 1537 2492 und
1570 2437 1670 2497 auch
1703 2440 1770 2500 zu
1792 2445 1926 2505 Ehren

808 2503 1015 2563 Unserer
1052 2502 1125 2562 in
1162 2507 1577 2567 Außgesprochenen
1601 2526 1906 2586 Gnädigsten

817 2587 1087 2647 Vrtheilen,
1098 2589 1334 2649 bezeigten
1357 2602 1863 2662 Großenement,
1874 2618 1975 2678 diese

3419 466 3457 526 14

2319 603 2515 663 Kleidige
2527 601 2882 661 Conspiration
2931 606 3176 666 abzudewen
3213 610 3323 670 und
3348 611 3556 671 denselben

2307 706 2451 766 Weit
2502 704 2852 764 Ausstehenheit,
2862 703 2955 763 auß
3017 703 3089 763 der
3120 701 3336 761 Vrgicht
3377 701 3531 761 selbsten

2324 799 2432 859 vnd
2454 796 2908 856 ohngezwungenen
2929 790 3253 850 freywilligen
3318 784 3534 844 Bekantnuß

2327 881 2423 941 der
2459 881 2795 941 hingerichteten
2819 881 3035 941 Rädels
3035 879 3239 939 führeren
3287 874 3371 934 und
3395 868 3515 928 andere

2314 974 2446 1034 Ihrer
2479 964 2799 1024 Michelsteren,
2833 964 2932 1024 der
2965 965 3241 1025 Ehrbahren
3274 962 3407 1022 Weld
3451 954 3550 1014 vor¬

2332 1053 2415 1113 und
2427 1048 2510 1108 an
2558 1046 2665 1106 was
2712 1048 2771 1108 zu
2807 1045 2985 1105 legen.

2303 1204 2467 1264 Wan
2521 1198 2652 1258 durch
2684 1194 2848 1254 Gottes
2870 1187 3065 1247 guetige
3131 1175 3468 1235 verhängnuß

2331 1274 2387 1334 in
2421 1277 2533 1337 denen
2567 1279 2736 1339 ersten
2758 1275 2938 1335 tagen
3006 1265 3310 1325 abgeleichenen
3332 1259 3512 1319 Monahts

2306 1367 2401 1427 sub
2474 1364 2580 1424 Uns
2590 1360 2916 1420 glaubwurdig
2958 1355 3253 1415 vorgebracht
3295 1351 3526 1411 worden.

2338 1439 2437 1499 als
2462 1436 2561 1496 wan
2602 1435 2669 1495 von
2727 1432 2925 1492 einichen
2983 1430 3090 1490 Miß
3140 1429 3479 1489 Vermuegten

2341 1514 2556 1574 Unseren
2577 1513 2845 1573 Burgeren,
2877 1510 3123 1570 gefährliche
3156 1510 3466 1570 Unserer

2337 1594 2677 1654 sonstitutionen
2718 1592 2800 1652 und
2831 1591 3202 1651 Herrlichkeiten
3254 1585 3532 1645 entgegen,

2353 1675 2593 1735 kauffende
2617 1672 2761 1732 Sachen
2797 1670 3048 1730 verhandelt
3060 1669 3168 1729 und
3204 1665 3468 1725 beybredet,

2340 1758 2535 1818 wurden.
2548 1754 2716 1814 Haben
2781 1753 2885 1813 Wie
2924 1751 2975 1811 so
3001 1751 3118 1811 gleich
3157 1753 3338 1813 Vnsere
3364 1754 3546 1814 befehle,

2345 1843 2478 1903 ergehen
2540 1841 2725 1901 laßen,
2736 1840 2808 1900 die
2849 1840 3167 1900 Verdächtige
3209 1838 3260 1898 in
3281 1837 3517 1897 Gefängk¬

2342 1930 2474 1990 hafft
2515 1924 2565 1984 zu
2606 1921 2809 1981 bringen,
2830 1915 3033 1975 welches
3074 1912 3186 1972 aber
3216 1912 3287 1972 mit
3338 1912 3552 1972 bewehrter

2337 2008 2451 2068 hand
2472 2002 2721 2062 exequiert
2762 1999 2928 2059 werden
2970 1997 3198 2057 mueßen,
3260 1994 3530 2054 zumahlen

2353 2087 2458 2147 die
2481 2084 2678 2144 schuldige,
2713 2083 2795 2143 mit
2841 2081 3073 2141 heimlichen
3108 2080 3213 2140 uns
3236 2080 3445 2140 anderen

2346 2168 2502 2228 gebehr
2546 2171 2769 2231 verstehen,
2769 2170 2836 2230 auf
2869 2169 3036 2229 solchen
3092 2166 3181 2226 fahl
3225 2163 3315 2223 mit
3359 2159 3493 2219 gewalt

2358 2260 2465 2320 sich
2498 2257 2551 2317 zu
2583 2252 2840 2312 widerstehen
2873 2249 3130 2309 entschloßen
3173 2251 3408 2311 hatten,
3419 2255 3548 2315 Wie

2370 2333 2462 2393 dan
2503 2330 2606 2390 auch
2636 2331 2760 2391 einer
2811 2334 2903 2394 der
2944 2338 3108 2398 Radels
3129 2342 3334 2402 führenen
3385 2341 3488 2401 auf¬

2360 2413 2597 2473 Vnseren
2643 2411 2937 2471 beorderten
2948 2418 3231 2478 officialen
3299 2422 3412 2482 seine
3446 2420 3593 2480 Sach¬

2338 2494 2609 2554 Protolte
2631 2494 2858 2554 würcklich
2890 2497 3031 2557 wol
3064 2500 3107 2560 zu
3139 2503 3280 2563 könen
3345 2506 3410 2566 sich
3432 2506 3572 2566 unter¬

2352 2563 2525 2623 winden
2548 2563 2766 2623 dörffen.
