4032 3024
526 499 623 559 182.

748 604 934 664 seiner
945 594 1328 654 ohntadelhafften
1363 583 1688 643 Ausführung
1711 583 1862 643 gleich

811 688 998 748 anderen
1026 684 1176 744 seinen
1223 676 1457 736 Mithafften
1495 668 1532 728 in
1542 665 1823 725 Bürgerliche

805 785 970 845 Pflicht
1014 782 1091 842 und
1123 776 1277 836 Rechte
1332 768 1452 828 wider
1496 762 1781 822 angenomen
1825 763 1946 823 werde,

795 873 954 933 Geben
986 869 1039 929 in
1071 862 1294 922 Unserer
1337 854 1538 914 Großen
1581 854 1751 914 Rahte

765 955 1127 1015 Verstandung
1159 950 1201 1010 den
1223 948 1350 1008 17ten
1371 947 1520 1007 Nov.
1531 947 1680 1007 1709.

891 1105 1086 1165 Beylage
1124 1093 1176 1153 den
1176 1090 1254 1150 28.
1293 1087 1577 1147 Novembris
1590 1088 1746 1148 1749.

1111 1151 1135 1211 p.
1189 1142 1321 1202 200

807 1259 982 1319 Wedell
982 1254 1044 1314 an
1064 1251 1136 1311 H.
1157 1249 1445 1309 Großleibet,
1455 1251 1713 1311 Nachdehme
1733 1255 1898 1315 Mughl.
1908 1258 1960 1318 vnd

810 1334 857 1394 E.
886 1329 914 1389 A.
942 1324 1009 1384 vnd
1028 1322 1075 1382 G.
1103 1318 1283 1378 ablesend
1302 1319 1519 1379 angehört,
1529 1322 1605 1382 das
1605 1324 1680 1384 mit
1727 1327 1794 1387 dem
1822 1332 1926 1392 ad¬

797 1402 934 1462 vocat
958 1395 1177 1455 Lambelet
1201 1393 1396 1453 verführte
1420 1394 1622 1454 locamen
1647 1396 1727 1456 und
1752 1397 1962 1457 informa¬

800 1473 976 1533 tion,
976 1467 1161 1527 ansehend
1197 1463 1294 1523 seine
1320 1463 1470 1523 gehabte
1487 1468 1796 1528 bekantschafft
1805 1471 1893 1531 mit

807 1549 891 1609 dem
917 1542 1203 1602 Lieutenant,
1229 1538 1406 1598 Fuetter,
1431 1540 1515 1600 und
1541 1543 1667 1603 dahero
1675 1547 1819 1607 (laut
1853 1554 1945 1614 deßel¬

795 1626 856 1686 ben
890 1619 1159 1679 deposition
1185 1616 1574 1676 (vermuhtlicher
1600 1626 1903 1686 Wißenschafft

804 1701 866 1761 von
907 1696 969 1756 dem
1010 1690 1205 1750 leidigen
1226 1687 1555 1747 Conspiration
1597 1694 1772 1754 geschafft

796 1819 990 1879 Haben
1001 1816 1087 1876 Ihr
1098 1816 1152 1876 S.
1184 1814 1400 1874 angedeuten
1432 1814 1659 1874 Lambetets
1659 1815 1960 1875 Verantwortung

808 1888 920 1948 vnd
941 1885 1177 1945 Entschickung
1187 1883 1392 1943 zukommen
1412 1882 1453 1942 in
1463 1883 1627 1943 gnaden
1648 1885 1709 1945 sich
1720 1887 1935 1947 geleubet,

797 1960 941 2020 wollen
985 1957 1119 2017 mithin
1155 1957 1245 2017 Euch
1254 1957 1325 2017 H.
1343 1957 1647 2017 Großlebel
1665 1958 1853 2018 befohlen

783 2039 956 2099 haben,
964 2039 1076 2099 Ihne
1094 2039 1301 2099 Lambelet
1335 2038 1490 2098 seines
1499 2039 1715 2099 arrests
1740 2041 1784 2101 zu
1809 2043 1956 2103 libe¬

792 2122 995 2182 rieren,
1017 2118 1118 2178 und
1147 2116 1220 2176 mit
1271 2117 1401 2177 einer
1430 2119 1634 2179 bräfftigen
1677 2124 1895 2184 Vermah¬

802 2198 933 2258 nung
963 2198 1003 2258 zu
1023 2197 1285 2257 hinkäufftig
1305 2195 1608 2255 Vorsichtiger
1628 2200 1910 2260 Ausführung

805 2276 904 2336 und
927 2274 971 2334 ohn
993 2273 1271 2333 außagender
1271 2275 1437 2335 Kreul
1470 2279 1559 2339 gegen
1603 2286 1803 2346 Magen
1859 2296 1914 2356 zu

805 2360 1116 2420 dimittieren.
1125 2356 1262 2416 Act.
1280 2353 1427 2413 Coram
1472 2353 1591 2413 200.
1619 2355 1692 2415 dat
1765 2362 1957 2422 supra¬

1072 2562 1402 2622 Dins
