4032 3024
433 2309 486 2369 H.

448 2455 640 2515 Ducest

466 496 528 556 88

614 568 824 628 Worauff
873 564 993 624 dann
1023 559 1232 619 Hochgel.
1252 551 1471 611 Mechl.
1471 546 1571 606 und
1581 544 1660 604 G.
1660 541 1780 601 Ihr

658 641 917 701 Gnädigstes
962 631 1147 691 befinden
1221 620 1340 680 und
1370 614 1525 674 Urtel
1577 608 1703 668 dahin
1740 605 1866 665 aus¬

644 709 874 769 zustrechen
933 692 1156 752 beliebet,
1164 686 1245 746 daß
1275 681 1423 741 sowohl
1475 675 1557 735 die
1587 671 1750 731 Weitt,
1772 670 1861 730 als

660 776 756 836 feste
790 766 921 826 Klahr
955 759 1025 819 von
1059 753 1181 813 Ihnen
1242 745 1476 805 Mhghl.
1502 741 1563 801 zu
1606 734 1849 794 beliebiger

662 835 793 895 stund
836 825 1171 885 vorbescheiden,
1178 814 1491 874 denenselben
1527 807 1600 867 die
1629 803 1877 863 leichtfertig¬

662 897 742 957 keit
800 891 924 951 ihrer
975 883 1207 943 geleisteten
1266 874 1396 934 eiden
1462 868 1564 928 oder
1607 861 1847 921 Gelubden

660 952 746 1012 zu
780 942 1046 1002 verholung
1115 933 1201 993 der
1235 925 1681 985 conspiration,
1690 916 1853 976 Ihre

658 1007 916 1067 übersehung
961 995 1278 1055 bürgerlicher
1322 987 1426 1047 und
1463 979 1795 1039 allgemeiner

662 1068 929 1128 pflichten,
929 1056 1094 1116 Auch
1141 1050 1251 1110 weit
1274 1045 1502 1105 außstehen
1565 1039 1651 1099 und
1682 1033 1902 1093 beführ¬

662 1128 826 1188 ligkeit
876 1121 954 1181 deß
1004 1116 1139 1176 Ihnen
1204 1105 1632 1165 anvertrauten,
1696 1093 1796 1153 und
1831 1089 1903 1149 be¬

659 1182 866 1242 wusten
919 1168 1172 1228 anschlags
1248 1159 1623 1219 nachtrublichst
1676 1153 1898 1213 verweiß¬

668 1242 780 1302 lich
828 1222 1203 1282 vorgehalten,
1219 1216 1323 1276 sie
1363 1214 1427 1274 zu
1475 1211 1754 1271 mehrer
1794 1201 1922 1261 liebe

1821 1255 1846 1315 7

675 1298 803 1358 treu
910 1284 981 1344 und
1003 1275 1295 1335 Gehorsamb
1352 1270 1502 1330 gegen
1531 1267 1638 1327 ihre
1695 1261 1809 1321 recht¬

672 1354 849 1414 mäßige
918 1342 1140 1402 Obrigkeit
1186 1335 1409 1395 Meghl.
1432 1330 1524 1390 N.
1524 1327 1616 1387 und
1639 1322 1693 1382 B.
1716 1316 1831 1376 der

680 1418 817 1478 Stadt
847 1409 977 1469 hern
1030 1397 1350 1457 vermahnet,
1372 1387 1509 1447 und
1540 1381 1677 1441 durch
1715 1371 1912 1431 solem¬

674 1480 791 1540 niche
850 1469 1182 1529 abschwehrung
1241 1460 1309 1520 deß
1368 1450 1602 1510 Expresse
1641 1435 1797 1495 dahin

665 1546 948 1606 componirten
981 1535 1075 1595 fide
1129 1519 1472 1579 verbunden,
1492 1504 1606 1564 und
1633 1490 1862 1550 alsdann

1168 1588 1384 1648 dabey
1449 1576 1506 1636 zu
1534 1568 1684 1628 Ihrer
1693 1553 1919 1613 Mhghl.

662 1606 908 1666 dimittirt
958 1596 1132 1656 werden

669 1674 862 1734 belieben
902 1661 1119 1721 gestellet
1152 1651 1248 1711 ist,
1256 1645 1377 1705 ob
1409 1635 1586 1695 selbige,
1618 1622 1747 1682 beide
1788 1607 1892 1667 diese

672 1744 855 1804 klahren
912 1726 1187 1786 zugleich,
1199 1710 1336 1770 oder
1371 1689 1657 1749 absonderlich
1691 1661 1932 1721 notirten

675 1817 768 1877 und
795 1803 990 1863 beeidigen
1046 1784 1213 1844 wollen

679 1877 941 1937 belangend
974 1863 1050 1923 die
1061 1855 1235 1915 dritte
1279 1839 1442 1899 Raht,
1475 1822 1671 1882 wollens
1682 1799 1922 1859 Ihrsel¬

677 1956 710 2016 an
755 1948 833 2008 der
855 1936 1101 1996 scheinbaren,
1145 1915 1379 1975 unschuld
1402 1901 1491 1961 der
1491 1894 1558 1954 hulff
1647 1875 1770 1935 darin

677 2012 949 2072 begriffener
1003 1992 1231 2052 Burgeren
1307 1979 1405 2039 sich
1427 1965 1677 2025 ersettigen
1753 1939 1872 1999 und

696 2077 908 2137 dieselbige
975 2056 1332 2116 dermahlen,
1343 2043 1410 2103 so
1432 2035 1543 2095 weit
1577 2024 1655 2084 die
1677 2005 1900 2065 vorgelegt

684 2147 934 2207 Examina
986 2136 1048 2196 sie
1079 2126 1288 2186 berühren
1329 2109 1569 2169 mögen,
1579 2089 1798 2149 liberirt
1850 2070 1943 2130 haben

680 2242 756 2302 Vnd
782 2239 850 2299 wie
875 2231 1054 2291 demnach
1079 2222 1130 2282 bey
1181 2215 1258 2275 unde
1275 2208 1334 2268 der
1368 2193 1623 2253 Versamlung
1648 2175 1801 2235 Mehl.
1827 2165 1869 2225 N.
1869 2161 1929 2221 und

675 2289 727 2349 B.
756 2286 794 2346 zu
823 2279 986 2339 befehlen
1008 2268 1209 2328 beliebet,
1216 2260 1290 2320 daß
1327 2254 1379 2314 die
1394 2243 1587 2303 Criminal
1631 2223 1802 2283 procetur
1846 2206 1898 2266 deß

688 2328 956 2388 inhirten,
970 2317 1020 2377 in
1041 2313 1098 2373 dem
1126 2302 1430 2362 Conspirations
1451 2284 1579 2344 geschaft
1607 2266 1840 2326 implicirten

698 2369 813 2429 Michel
859 2358 1035 2418 Suchen,
1058 2350 1112 2410 auf
1127 2342 1319 2402 kunfftigen
1342 2329 1487 2389 menda,
1502 2320 1564 2380 zue
1579 2308 1770 2368 beillung
1778 2287 1977 2347 vorgeweg¬

1116 2410 1170 2470 g.
1211 2394 1524 2454 Stadthalter
1592 2364 1741 2424 Otth.
1755 2349 1864 2409 deß¬

701 2398 819 2458 werden
838 2387 914 2447 solle,

730 2429 820 2489 Sed
858 2428 923 2488 an
935 2417 1038 2477 Mich,
1038 2379 1371 2439 worden

722 2498 962 2558 Michel,
998 2482 1238 2542 durest
1274 2461 1526 2521 procedure
1586 2437 1694 2497 auff
1706 2418 1934 2478 kunfftigen

711 2565 921 2625 montag
941 2559 1012 2619 1.
1072 2552 1142 2612 diß
1182 2545 1302 2605 zue
1353 2526 1664 2586 beurtheillung
1724 2495 1904 2555 vorzu¬

711 2631 952 2691 tragen,
980 2622 1082 2682 und
1110 2616 1268 2676 darzu
1305 2604 1500 2664 Mehl.
1500 2595 1555 2655 bey
1602 2584 1732 2644 Eiden
1769 2568 1843 2628 zu

703 2690 979 2750 convociren

3363 444 3400 504 29

3184 537 3337 597 Ihne

2226 558 2334 618 Ze
2402 549 2460 609 an
2509 547 2724 607 Mhhl.
2724 547 2870 607 Gener
2919 544 3085 604 Siner

2212 622 2380 682 deßen
2436 614 2513 674 mit
2562 613 2815 673 zusendung
2871 614 2955 674 der
2976 613 3236 673 procedur
3285 599 3460 659 berichten

2217 682 2329 742 umb
2367 673 2442 733 die
2472 670 2606 730 erste
2621 670 2756 730 Vrtel
2801 673 2853 733 zu
2891 671 3078 731 geben.

2232 838 2336 898 Ze
2402 827 2468 887 an
2477 822 2553 882 H.
2572 815 2864 875 Großweibel
2902 807 3194 867 Willing,
3204 799 3289 859 sich
3336 791 3421 851 zur

2225 890 2656 950 verfursprechung
2706 880 2772 940 deß
2813 872 3162 932 Delinquenten
3211 852 3418 912 verfast

2220 959 2291 1019 zu
2322 944 2487 1004 machen

2570 1004 2598 1064 1.

2201 1115 2294 1175 An
2349 1109 2415 1169 die
2442 1097 2730 1157 Freyheibel
2768 1083 2814 1143 zu
2823 1073 3065 1133 Waren
3121 1058 3204 1118 und
3223 1047 3511 1107 Hoffstedten¬

2242 1169 2427 1229 Indeme
2443 1160 2519 1220 die
2536 1156 2595 1216 in
2637 1147 2855 1207 hiesiger
2888 1129 3174 1189 Gefängnuß
3216 1109 3460 1169 beseßene

2244 1235 2376 1295 zwey
2411 1222 2619 1282 soldaten,
2660 1214 2757 1274 aus
2813 1207 2896 1267 der
2937 1194 3270 1254 Stadtbacht,
3291 1178 3443 1238 nahmen

2229 1299 2371 1359 bloch
2405 1288 2466 1348 und
2506 1276 2824 1336 Markthaw,
2851 1262 3121 1322 nunmehro
3182 1250 3243 1310 des
3284 1240 3473 1300 arresto

2227 1361 2446 1421 liberiret
2483 1346 2703 1406 werden,
2710 1334 2900 1394 Als
2929 1321 3120 1381 wirden
3164 1307 3244 1367 sie
3288 1298 3383 1358 be¬

2250 1427 2448 1487 gelehret,
2476 1413 2627 1473 selbige
2693 1402 2769 1462 des
2825 1390 3014 1450 arresto
3042 1380 3099 1440 zu
3155 1365 3353 1425 erlaßen

2237 1496 2373 1556 Artl.
2397 1481 2655 1541 Branden,
2695 1469 2752 1529 den
2776 1464 2864 1524 11.
2880 1456 3049 1516 Aug.
3065 1446 3210 1506 1710.

2558 1709 2650 1769 den
2681 1698 2773 1758 14.
2803 1687 3008 1747 August
3079 1668 3253 1728 1749.

2301 1807 2401 1867 An
2410 1801 2492 1861 die
2519 1793 2656 1853 Löbl.
2674 1781 2938 1841 Eidgroßische
2975 1767 3075 1827 M.
3075 1762 3148 1822 Ort
3193 1755 3257 1815 und
3266 1744 3512 1804 zugewante,

2307 1884 2421 1944 Stein
2492 1872 2549 1932 an
2563 1867 2627 1927 die
2649 1856 2884 1916 verbündete
2926 1843 3033 1903 und
3069 1827 3382 1887 benachbarte,
3404 1813 3482 1873 als

2318 1939 2533 1999 Wollis,
2541 1926 2733 1986 Geicht,
2756 1912 3048 1972 Pundten,
3048 1891 3370 1951 Milhausen

2320 1998 2607 2058 Neuenburg,
2648 1980 2837 2040 Fürstl.
2845 1969 2976 2029 Raht
3025 1958 3124 2018 und
3148 1947 3345 2007 Stadt,
3370 1936 3526 1996 Neuensto¬

3252 2006 3342 2066 Abt

2335 2069 2437 2129 und
2471 2062 2539 2122 H.
2565 2053 2709 2113 Bischoff
2752 2039 2854 2099 von
2880 2025 3101 2085 Haßel¬

2344 2130 2444 2190 H.
2460 2120 2630 2180 Gallen
2676 2107 2753 2167 und
2784 2095 2946 2155 Viel¬

2464 2264 2561 2324 In
2571 2257 2657 2317 dem
2700 2245 2840 2305 wieder
2872 2231 3043 2291 hiesigen
3065 2217 3226 2277 Stand
3247 2204 3440 2264 ausge¬

2238 2275 2330 2335 et¬

2273 2337 2508 2397 brochenen
2557 2316 2714 2376 leidigen
2763 2298 2969 2358 Anschlag
3028 2282 3126 2342 und
3135 2267 3449 2327 Conspiration

2259 2410 2367 2470 von
2399 2399 2528 2459 seiten
2581 2376 2861 2436 verschiedener
2893 2347 3215 2407 unglücklicher
3269 2321 3462 2381 burgeren

2281 2474 2423 2534 haben
2499 2459 2587 2519 sich
2608 2441 2903 2501 insonderheit
2968 2418 3077 2478 auch
3110 2403 3328 2463 diejenige
3382 2388 3524 2448 schuldig

2281 2533 2540 2593 gemacht,
2562 2513 2723 2573 welche
2745 2501 2810 2561 die
2820 2485 3101 2545 mitkommende
3133 2459 3510 2519 specification

2692 2571 2733 2631 als
2760 2557 2882 2617 sind
2895 2537 3166 2597 derowegen
3234 2516 3450 2576 dieselben

2277 2599 2487 2659 enthaltet

2287 2659 2400 2719 nach
2431 2638 2780 2698 wohlverdienen
2872 2598 3211 2658 angesehen,
3232 2579 3334 2639 und
3355 2573 3447 2633 von

3474 505 3492 565 d

3533 1685 3553 1745 A¬
