4032 3024
512 523 581 583 516

699 604 798 664 Ob
810 599 954 659 nemlich
954 595 1043 655 diser
1065 589 1154 649 Sachen
1187 583 1309 643 halber
1320 579 1409 639 etwas
1442 575 1475 635 zu
1497 575 1620 635 trüben
1642 575 1730 635 und
1753 578 1786 638 zu
1797 583 1930 643 pub¬

707 678 865 738 plicieren
895 672 974 732 seyn
974 667 1072 727 wolle
1112 662 1201 722 oder
1211 659 1260 719 nit
1299 655 1437 715 vor
1447 653 1595 713 Muth
1635 656 1704 716 und
1733 658 1763 718 §.
1793 664 1832 724 in
1842 669 1911 729 pro¬

717 751 772 811 et
772 747 910 807 contra
937 739 1140 799 beitläuffig
1167 734 1425 794 rationirt,
1452 734 1498 794 ist
1517 736 1655 796 endlich
1673 741 1737 801 zum
1765 749 1903 809 mehr¬

720 832 834 892 gesetzt
851 826 1009 886 worden,
1017 823 1061 883 ob
1070 821 1166 881 Man
1201 820 1323 880 etwas
1323 820 1437 880 volle
1454 820 1576 880 teuren
1620 827 1716 887 laßen
1760 835 1830 895 oder
1847 841 1908 901 nicht

720 921 789 981 da
808 918 857 978 dan
877 916 945 976 für
964 913 1023 973 das
1043 911 1101 971 mit
1121 909 1238 969 zeubern
1287 906 1433 966 laßen,
1443 905 1511 965 alß
1531 907 1589 967 die
1599 910 1707 970 Erste
1707 917 1912 977 meinung

725 1007 795 1067 deß
822 1000 1015 1060 guttachten
1050 993 1164 1053 Ad-
1173 991 1243 1051 und
1278 990 1357 1050 für
1374 991 1444 1051 das
1462 991 1585 1051 druben
1629 995 1725 1055 laßen
1769 1001 1795 1061 3.
1822 1007 1918 1067 seinen

722 1087 1003 1147 außgefallen,
1012 1084 1096 1144 und
1115 1082 1228 1142 weilen
1246 1082 1312 1142 die
1331 1082 1424 1142 Zeith
1443 1084 1612 1144 verfloßen
1658 1088 1790 1148 Erbent
1808 1095 1939 1155 worden

717 1234 919 1294 Jedelan
937 1233 1121 1293 Michel.
1139 1231 1240 1291 Cons.
1249 1229 1424 1289 Steigen,
1433 1229 1515 1289 Ihm
1552 1230 1635 1290 deßen
1681 1235 1901 1295 berichten,

731 1315 803 1375 mit
839 1315 1073 1375 freündlichen
1109 1313 1280 1373 gesinnen,
1280 1312 1343 1372 auf
1379 1313 1613 1373 mandigen
1649 1318 1712 1378 kan
1739 1322 1802 1382 mit
1829 1329 1946 1389 tran¬

721 1390 872 1450 tation
896 1389 959 1449 diß
983 1387 1236 1447 Butachten,
1260 1387 1323 1447 sie
1331 1387 1426 1447 und
1442 1388 1513 1448 das
1537 1390 1577 1450 zu
1593 1391 1719 1451 trüben
1759 1396 1854 1456 vor¬

724 1462 942 1522 Mughl.
959 1460 1026 1520 und
1051 1460 1110 1520 G.
1118 1460 1169 1520 G.
1194 1460 1269 1520 und
1278 1462 1337 1522 G.
1353 1466 1580 1526 fortfahren
1613 1470 1655 1530 zu
1664 1474 1823 1534 laßen;
1832 1479 1916 1539 Wie

723 1532 798 1592 zu
798 1534 894 1594 thun
915 1534 958 1594 Er
958 1535 1139 1595 Michsehl.
1171 1535 1267 1595 Cons.
1267 1536 1438 1596 bestens
1459 1538 1566 1598 laßen
1609 1544 1769 1604 werde.

868 1744 1124 1804 Zinstags
1138 1738 1210 1798 den
1252 1733 1324 1793 16.
1324 1729 1466 1789 7bris
1466 1723 1609 1783 179.

713 1927 865 1987 Ward
891 1923 972 1983 die
998 1917 1141 1977 Urtheil
1194 1911 1221 1971 in
1265 1901 1541 1961 contumaciam
1595 1891 1639 1951 de
1648 1889 1728 1949 22.
1755 1884 1915 1944 Augusti¬

728 2023 876 2083 letsthin
929 2017 1051 2077 wider
1077 2011 1155 2071 die
1173 2003 1478 2063 Außgewichene
1530 1986 1844 2046 Conspiranten,
1870 1977 1931 2037 als

734 2130 908 2190 Gabriel
932 2125 1071 2185 Fuetes
1083 2117 1176 2177 den
1199 2106 1489 2166 handelsman,
1513 2091 1733 2151 Gottfried
1757 2084 1849 2144 kuhn
1896 2080 1954 2140 den

728 2224 1002 2284 Rothgerber,
1021 2218 1109 2278 und
1119 2213 1285 2273 Daniel
1324 2203 1470 2263 Gueter
1490 2196 1578 2256 den
1607 2185 1822 2245 Goldschmidt,
1851 2177 1939 2237 Wor¬

721 2323 796 2383 dem
834 2317 1060 2377 geöffneten
1069 2306 1361 2366 Richterstuhl
1399 2295 1437 2355 an
1474 2290 1559 2350 der
1587 2280 1842 2340 Kreutgaß,
1851 2273 1917 2333 mit

730 2423 844 2483 allen
878 2415 1131 2475 soleniteten,
1157 2406 1227 2466 als
1253 2401 1340 2461 wan
1375 2396 1436 2456 die
1462 2386 1741 2446 Delinquenten
1759 2379 1837 2439 bey
1854 2378 1933 2438 der

715 2514 872 2574 Stelle
883 2510 1061 2570 waren,
1093 2503 1177 2563 von
1187 2500 1250 2560 H.
1282 2491 1565 2551 Gerichtschreibern
1618 2480 1880 2540 abgelesen,

2196 2089 2269 2149 W.

2288 2056 2327 2116 A¬

3394 446 3402 506 22

2300 545 2399 605 da
2417 542 2489 602 dan
2533 540 2596 600 die
2605 539 2811 599 bildunge
2847 539 2909 599 deß
2927 541 3089 601 Gabriel
3097 542 3259 602 Fueter,
3286 541 3357 601 und
3357 541 3429 601 deß

2295 643 2495 703 Gottfried
2525 637 2685 697 Kuhns,
2685 635 2735 695 in
2745 628 3085 688 mittelmäßiger
3115 623 3255 683 größe,
3265 622 3385 682 auff
3395 620 3475 680 auch

2299 737 2511 797 gemahlt,
2528 730 2590 790 und
2608 727 2687 787 mit
2714 722 2828 782 ihrem
2872 717 3040 777 nahmen
3075 710 3401 770 überschrieben,
3419 708 3471 768 von

2293 829 2450 889 zweyen
2487 822 2626 882 thuen
2645 816 2802 876 Weybeln
2821 810 2876 870 in
2886 808 2960 868 die
2969 802 3182 862 Schrancken
3210 794 3450 854 gebracht,

2311 916 2613 976 vorgezeiget,
2622 904 2722 964 nach
2750 897 2978 957 Verlesener
2997 889 3161 949 Urtheil
3216 884 3308 944 aber
3326 880 3408 940 dem

2297 1008 2669 1068 hervorgerupten
2704 989 2989 1049 Scharffrichter
3015 976 3421 1036 überantwortet,
3430 968 3491 1028 von

2307 1100 2446 1160 deßen
2479 1090 2700 1150 Knechten,
2700 1082 2856 1142 under
2873 1075 2988 1135 einer
3020 1068 3242 1128 bedeckung
3275 1062 3340 1122 von
3365 1060 3414 1120 16
3431 1056 3521 1116 Mau¬

2325 1188 2406 1248 der
2416 1177 2680 1237 Stattbacht,
2731 1169 2823 1229 auch
2833 1164 3107 1224 Vorreitung
3138 1157 3300 1217 Mehl.
3300 1152 3433 1212 Groß¬

2301 1280 2514 1340 beybels
2549 1269 2628 1329 und
2664 1263 2832 1323 Gerichts
2832 1256 3088 1316 substituten,
3132 1249 3203 1309 oben
3238 1244 3327 1304 auß
3362 1236 3442 1296 auff

2308 1376 2396 1436 die
2405 1365 2619 1425 gewohnte
2649 1354 2853 1414 Richtstatt
2901 1345 3174 1405 getragen;
3183 1336 3407 1396 Alldorten
3436 1326 3495 1386 auf

2317 1460 2438 1520 einem
2490 1451 2602 1511 Block
2663 1444 2732 1504 der
2757 1441 2852 1501 Kopf
2887 1437 2982 1497 mit
2999 1433 3129 1493 einem
3181 1429 3258 1489 viel
3301 1419 3526 1479 abgehauwen,

2317 1551 2429 1611 dem
2460 1543 2562 1603 Volde
2593 1533 2889 1593 vorgezeiget,
2900 1523 3084 1583 hernach
3114 1516 3196 1576 der
3196 1511 3309 1571 leib
3329 1506 3370 1566 in
3380 1499 3493 1559 Vier¬

2322 1651 2461 1711 theil
2493 1637 2750 1697 zerstücket,
2761 1628 2857 1688 und
2879 1619 3050 1679 endtlich
3082 1611 3136 1671 an
3146 1607 3232 1667 den
3243 1598 3500 1658 Verschmachten

2319 1751 2416 1811 Ohrt
2473 1736 2743 1796 hingeworffen
2792 1719 2955 1779 worden

2318 1896 2526 1956 Welches
2547 1886 2630 1946 dan
2672 1878 2755 1938 als
2776 1872 2839 1932 ein
2891 1856 3182 1916 ohngewohnter
3203 1840 3297 1900 und
3307 1828 3484 1888 allhier

2338 1983 2618 2043 unbekanter
2655 1969 2790 2029 actus
2818 1955 3135 2015 aufgezeichnet
3189 1934 3334 1994 worden

2362 2078 2541 2138 obiges
2541 2073 2604 2133 ist
2614 2069 2688 2129 von
2709 2065 2772 2125 H.
2793 2059 3066 2119 Grichtschreiber
3087 2048 3318 2108 eigenhändig
3339 2037 3539 2097 geschrieben.

2347 2203 2589 2263 Gerstag
2611 2199 2644 2259 den
2644 2197 2721 2257 18.
2732 2193 2953 2253 Septembris
2953 2187 3063 2247 1719.
3085 2185 3217 2245 Coram
3250 2181 3393 2241 200.

2325 2376 2479 2436 vor
2479 2369 2633 2429 Mich,
2663 2365 2725 2425 und
2745 2362 2786 2422 C.
2786 2361 2909 2421 würde
2909 2360 3074 2420 heutigen
3094 2360 3166 2420 tags
3166 2360 3227 2420 mit
3248 2364 3474 2424 behandlung
3494 2370 3545 2430 deß

2360 2450 2602 2510 Buttachten
2611 2449 2798 2509 Wochghl.
2825 2449 2879 2509 der
2888 2449 3048 2509 gehenden
3066 2449 3218 2509 Rähten,
3218 2450 3343 2510 ansehen
3397 2451 3450 2511 das
3468 2452 3522 2512 der

2374 2521 2638 2581 Conspiration
2663 2521 2748 2581 wegen
2791 2521 2936 2581 gestrigen
2970 2521 3055 2581 tags
3055 2521 3106 2581 zu
3114 2523 3242 2583 druben
3276 2525 3421 2585 erbente
3429 2529 3565 2589 mani¬

2357 2588 2454 2648 fert,
2480 2588 2497 2648 wo
2524 2588 2655 2648 gestern
2664 2588 2830 2648 erbunden
2848 2588 2935 2648 fort
2935 2590 3119 2650 gefahren,
3119 2590 3207 2650 und
3224 2592 3400 2652 abforders
3426 2596 3548 2656 Erkent¬

3513 550 3513 610 des
