3024 4032
366 352 509 488 28
448 465 1528 712 Esgitberil Proceso vmbgegangen, vnd die besten
491 583 1500 789 Geund der bautoren außgelaßßen und dero
496 676 1523 862 Wellen rechte lis gal nicht hersergeben
475 750 1522 935 dardurch verstanden, wie auch eint und andere
457 827 1532 1021 sosich in dar geschafft interessiert und dem sachten
481 913 1534 1113 eraichtete grendt, sat vorgeben habind ( welches
476 999 1513 1174 alles er auch auff dieselbe zuerweisen gedembe
469 1090 1509 1245 wann mann ihme die rechte und docmrenta
472 1164 1518 1327 werde zu kemmen laßen. Denn waß zwey
463 1235 1524 1415 oder drey standts gliedere verhandtlen tühend,
459 1321 1512 1491 kaune solches nicht auf die gesammte hoche ober
457 1400 1511 1589 keit cppticiert nach ihro beigemeßen werden.
445 1493 1509 1667 All so beharerte er glate, daß er ekentlich
451 1576 1499 1745 wieder einem hehe oberkeit nichts preciert nach
467 1661 1508 1821 dieselbe tadiert habe, wollte auch deßßentlorgen
460 1744 1471 1912 mit nichten umb gnad und verzeichung arhalten,
436 1838 914 1988 Di it obstalt.
441 2064 1476 2250 Rytags Dei 157 January 1723
444 2195 1514 2332 ist vorbeschriebene vergicht und bekanntnuß vor
439 2300 1497 2432 Mughl und oberen rähst und b ablestnd
439 2373 1497 2516 angehört und darüber bey eyden erkennt worden.
413 2472 1509 2611 daß zwar ihme glatz an seinem lrben anß gnaden
429 2546 1501 2685 verschonet, damnach aber derstelbe zu seiner mehr
436 2614 1509 2759 als wolverdienten straaff durch den schorff liche
425 2700 1494 2857 An getohnten orten die ser statt mit stuhlen
433 2774 1502 2942 geserichen und gebrandmalet, volgends nicht
423 2856 1505 3023 allin von ir gr stätt und kund, sondern
432 2939 1499 3102 von samtlichen Xt und zugebandten Örten
393 3007 1503 3195 Loben erds gneß schafft für imer und elöig endt
398 3116 1499 3289 lich bannidiret, zu dem fnd durch die prohoren
415 3161 1508 3351 biß auff kegserstahl geführt Anbig alles ernsts
1059 3264 1430 3391 bekraukt werden.
1637 539 1733 663 297
1548 791 1718 905 Vrbeise
1751 591 2755 752 schreibt worden solle, im fahl vu sich erfrehen
1753 683 2791 811 wurde solch ihme intinierten endt zu übersehen
1733 768 2804 909 iro ohnfählbarlich sein krben einbueßen müesste
1756 845 2749 984 Su solchem endtzworck nun von ihro gat
1752 923 2802 1051 Bantley an samtliche ort loben von Eindsgnosß,
1735 1004 2793 1131 schafft geschrieben und eine beschreibung sein glatzen
1744 1060 2802 1198 etatus angeschloßen und dieselbige angesucht
1745 1146 2815 1276 werden sollten, diesen glat als einen geführlichen
1745 1227 2812 1342 und boßhafften matins in ihren duritdictionen
1741 1299 2792 1432 mit nichten zu dulden, sonderen weiters und hin-
1716 1391 2071 1522 agg ze weisen.
1711 1483 2784 1643 Aed il am 1etohen  herr Groß weibel iu
1748 1567 2488 1718 Hoff und grichtschreibern mecht.
1742 1664 2795 1798 ihnem befelchlich auß getragen obige mleghen 3 ur
1724 1752 2784 1886 weill dem glatz zuwrösenen, den eidt aufgelegen
1741 1832 2753 1975 und die cxemt wrd derselbigen durchgesandt zu
1733 1906 2008 2013 veranstalten
1727 1987 2742 2148 Ist den 16ten dito an ihme glatz vollstreikt
1733 2082 1921 2188 worden.
