<?xml version="1.0" encoding="UTF-8" standalone="yes"?>
<PcGts xmlns="http://schema.primaresearch.org/PAGE/gts/pagecontent/2013-07-15" xmlns:xsi="http://www.w3.org/2001/XMLSchema-instance" xsi:schemaLocation="http://schema.primaresearch.org/PAGE/gts/pagecontent/2013-07-15 http://schema.primaresearch.org/PAGE/gts/pagecontent/2013-07-15/pagecontent.xsd">
    <Metadata>
        <Creator>prov=University of Rostock/Institute of Mathematics/CITlab|PLANET AI GmbH/Gundram Leifert/gundram.leifert@planet-ai.de:name=German_Kurrent_XVI-XVIII_M1(htr_id=19584)::::v=2.6.7
prov=University of Rostock/Institute of Mathematics/CITlab|PLANET AI GmbH/Tobias Gruening/tobias.gruening@planet-ai.de:name=de.uros.citlab.module.baseline2polygon.B2PSeamMultiOriented:v=2.6.7
prov=University of Rostock/Institute of Mathematics/CITlab|PLANET AI GmbH/Tobias Gruening/tobias.gruening@planet-ai.de:name=/net_tf/LA73_249_0mod360.pb:de.uros.citlab.segmentation.CITlab_LA_ML:v=2.6.7
Transkribus</Creator>
        <Created>2021-03-11T14:15:00.949+01:00</Created>
        <LastChange>2023-06-19T13:50:38.538+02:00</LastChange>
        <TranskribusMetadata docId="1334844" pageId="52361993" pageNr="4" tsid="127251875" status="IN_PROGRESS" userId="68497" imgUrl="https://files.transkribus.eu/Get?id=WNGNRJBWCLOHKOGIZAZNGLGF&amp;fileType=view" xmlUrl="https://files.transkribus.eu/Get?id=YMLTZXJLNBDNXRUMRLZFCWCZ" imageId="19038911"/>
    </Metadata>
    <Page imageFilename="IMG_9002.jpg" imageWidth="3024" imageHeight="4032">
        <ReadingOrder>
            <OrderedGroup id="ro_1687513660493" caption="Regions reading order">
                <RegionRefIndexed index="0" regionRef="r1"/>
                <RegionRefIndexed index="1" regionRef="r3"/>
                <RegionRefIndexed index="2" regionRef="r4"/>
                <RegionRefIndexed index="3" regionRef="r5"/>
            </OrderedGroup>
        </ReadingOrder>
        <TextRegion orientation="0.0" type="marginalia" id="r1" custom="readingOrder {index:0;} structure {type:marginalia;}">
            <Coords points="381,881 381,1031 426,1031 426,881"/>
            <TextLine id="r1l1" custom="readingOrder {index:0;}">
                <Coords points="374,1006 380,1006 387,1000 394,1001 408,989 412,992 432,990 432,910 420,909 389,928 374,926"/>
                <Baseline points="381,981 426,981"/>
                <TextEquiv>
                    <Unicode>A.</Unicode>
                </TextEquiv>
            </TextLine>
            <TextEquiv>
                <Unicode>A.</Unicode>
            </TextEquiv>
        </TextRegion>
        <TextRegion orientation="0.0" type="paragraph" id="r3" custom="readingOrder {index:1;} structure {type:paragraph;}">
            <Coords points="442,610 442,3321 1467,3323 1467,612"/>
            <TextLine id="r3l1" custom="readingOrder {index:0;}">
                <Coords points="497,723 624,655 750,661 877,724 980,656 1304,656 1457,697 1456,615 1342,626 1241,580 1043,605 959,549 916,582 799,572 747,612 633,562 580,585 497,562"/>
                <Baseline points="504,660 551,660 598,660 646,660 693,659 740,657 788,656 835,654 882,653 930,651 977,650 1024,650 1072,648 1119,648 1166,650 1214,651 1261,653 1308,656 1356,659 1403,664 1451,672"/>
                <TextEquiv>
                    <Unicode>Gertlich oher anboendung einiches Martes cocami-</Unicode>
                </TextEquiv>
            </TextLine>
            <TextLine id="r3l2" custom="readingOrder {index:1;}">
                <Coords points="489,758 535,744 562,756 624,750 640,761 689,740 735,752 766,730 792,737 811,726 831,737 830,710 776,690 710,718 645,709 612,717 547,698 503,725 488,721"/>
                <Baseline points="494,740 519,738 544,738 570,737 595,737 621,737 646,736 672,735 697,735 723,735 748,735 774,734 799,734 825,734"/>
                <TextEquiv>
                    <Unicode>niert worden.</Unicode>
                </TextEquiv>
            </TextLine>
            <TextLine id="r3l3" custom="readingOrder {index:2;}">
                <Coords points="938,753 1025,736 1077,770 1125,732 1218,735 1295,780 1340,752 1385,785 1426,756 1474,759 1476,718 1439,703 1409,717 1313,669 1231,704 1144,659 942,664"/>
                <Baseline points="945,731 971,732 997,732 1023,733 1049,734 1075,734 1101,734 1127,734 1153,734 1179,734 1206,735 1232,736 1258,737 1284,738 1310,741 1336,743 1362,746 1388,749 1414,753 1440,757 1467,764"/>
                <TextEquiv>
                    <Unicode>hat die selbige nach bescheie</Unicode>
                </TextEquiv>
            </TextLine>
            <TextLine id="r3l4" custom="readingOrder {index:3;}">
                <Coords points="461,826 887,830 994,877 1300,823 1393,845 1405,788 1363,765 1311,805 1227,738 1116,789 934,738 760,794 660,746 596,772 529,750 462,796"/>
                <Baseline points="468,815 514,815 561,815 607,815 654,815 700,815 747,816 793,816 840,816 886,816 933,818 979,818 1026,819 1072,819 1119,820 1165,821 1212,822 1258,824 1305,824 1351,825 1398,827"/>
                <TextEquiv>
                    <Unicode>bene bekanntnuß und vergiecht getahren und</Unicode>
                </TextEquiv>
            </TextLine>
            <TextLine id="r3l5" custom="readingOrder {index:4;}">
                <Coords points="480,918 512,893 524,903 579,890 641,914 686,891 708,896 706,816 690,815 677,829 669,823 657,835 613,818 560,856 523,834 489,865 479,864"/>
                <Baseline points="486,888 512,887 539,887 566,886 593,885 620,884 647,884 674,884 701,884"/>
                <TextEquiv>
                    <Unicode>abgestattet.</Unicode>
                </TextEquiv>
            </TextLine>
            <TextLine id="r3l6" custom="readingOrder {index:5;}">
                <Coords points="459,1026 502,1047 643,1018 761,1053 840,1017 1039,1055 1109,1023 1225,1071 1271,1040 1413,1044 1414,995 1304,993 1218,929 1173,962 1015,916 952,945 564,928 460,960"/>
                <Baseline points="465,1028 512,1025 559,1020 606,1019 653,1017 700,1016 747,1016 794,1017 841,1018 888,1020 936,1022 983,1023 1030,1025 1077,1028 1124,1029 1171,1031 1218,1034 1265,1034 1312,1035 1359,1035 1407,1035"/>
                <TextEquiv>
                    <Unicode>Erstlichen bey erkauffung deß eintan seiner</Unicode>
                </TextEquiv>
            </TextLine>
            <TextLine id="r3l7" custom="readingOrder {index:6;} person {offset:17; length:9;}">
                <Coords points="526,1138 577,1105 750,1097 896,1104 965,1170 1093,1120 1377,1158 1434,1142 1438,1076 1370,1050 1256,1105 1175,1041 1078,1078 947,1026 906,1051 826,1017 761,1052 532,1026"/>
                <Baseline points="534,1091 578,1091 623,1091 668,1092 712,1094 757,1095 802,1097 846,1100 891,1103 936,1106 981,1109 1025,1112 1070,1115 1115,1118 1159,1122 1204,1125 1249,1128 1293,1131 1338,1133 1383,1136 1428,1137"/>
                <TextEquiv>
                    <Unicode>guütlig auff dem Auli mand genammt auf</Unicode>
                </TextEquiv>
            </TextLine>
            <TextLine id="r3l8" custom="readingOrder {index:7;} place {offset:4; length:14;} person {offset:41; length:6; continued:true;}">
                <Coords points="457,1183 545,1171 610,1226 665,1192 773,1214 846,1166 1075,1214 1449,1231 1451,1194 1355,1140 1289,1166 1240,1132 1177,1185 1074,1123 970,1169 920,1115 817,1144 734,1100 699,1129 573,1106 531,1138 463,1092"/>
                <Baseline points="465,1169 513,1167 562,1167 611,1167 660,1169 709,1170 758,1172 807,1175 856,1178 905,1181 954,1184 1002,1187 1051,1191 1100,1196 1149,1199 1198,1204 1247,1208 1296,1213 1345,1217 1394,1221 1443,1224"/>
                <TextEquiv>
                    <Unicode>dem buchhalterberg, habe sein verkanfter daniel</Unicode>
                </TextEquiv>
            </TextLine>
            <TextLine id="r3l9" custom="readingOrder {index:8;} person {offset:0; length:5; continued:true;} person {offset:28; length:15;}">
                <Coords points="441,1276 908,1257 1400,1318 1424,1231 1050,1197 988,1223 846,1167 641,1233 541,1170 446,1196"/>
                <Baseline points="449,1245 497,1245 545,1245 593,1247 641,1248 689,1248 737,1250 786,1253 834,1254 882,1257 930,1260 978,1263 1026,1267 1074,1271 1123,1275 1171,1281 1219,1285 1267,1290 1315,1296 1363,1301 1412,1308"/>
                <TextEquiv>
                    <Unicode>vlose einen gult burff anff Niclaus Stauffe</Unicode>
                </TextEquiv>
            </TextLine>
            <TextLine id="r3l10" custom="readingOrder {index:9;} person {offset:34; length:13; continued:true;}">
                <Coords points="449,1328 580,1331 626,1378 776,1332 1122,1380 1275,1366 1353,1417 1427,1391 1431,1334 1335,1334 1220,1281 1128,1278 1010,1331 872,1272 806,1308 718,1255 453,1274"/>
                <Baseline points="455,1325 503,1325 551,1325 599,1326 648,1328 696,1329 744,1332 793,1334 841,1337 889,1340 938,1343 986,1346 1034,1350 1082,1354 1131,1358 1179,1362 1227,1367 1276,1370 1324,1374 1372,1379 1421,1383"/>
                <TextEquiv>
                    <Unicode>als haubtshuldner, deme ermellten daniel mloser</Unicode>
                </TextEquiv>
            </TextLine>
            <TextLine id="r3l11" custom="readingOrder {index:10;} person {offset:0; length:7; continued:true;} person {offset:24; length:14;}">
                <Coords points="428,1441 495,1450 619,1394 1019,1417 1177,1496 1247,1444 1279,1479 1321,1446 1412,1459 1416,1403 1353,1417 1271,1366 1065,1390 1015,1356 776,1332 616,1383 567,1330 433,1359"/>
                <Baseline points="437,1395 485,1395 534,1397 582,1398 631,1400 679,1403 728,1404 776,1407 825,1410 873,1413 922,1416 970,1419 1019,1423 1067,1426 1116,1430 1164,1434 1213,1438 1261,1442 1310,1446 1358,1450 1407,1454"/>
                <TextEquiv>
                    <Unicode>slcsteg, Hrnd stamk und Ullrich Hertig als</Unicode>
                </TextEquiv>
            </TextLine>
            <TextLine id="r3l12" custom="readingOrder {index:11;}">
                <Coords points="434,1477 736,1481 887,1522 1112,1504 1397,1555 1417,1485 1279,1479 1249,1446 1175,1496 1012,1418 949,1456 808,1410 719,1417 663,1464 619,1430 436,1440"/>
                <Baseline points="440,1470 488,1470 536,1472 585,1475 633,1476 681,1478 730,1480 778,1483 826,1485 875,1488 923,1491 971,1494 1020,1498 1068,1503 1116,1507 1165,1511 1213,1516 1261,1522 1310,1527 1358,1533 1407,1539"/>
                <TextEquiv>
                    <Unicode>burgen lantend von 200  lb canrat auff ab,</Unicode>
                </TextEquiv>
            </TextLine>
            <TextLine id="r3l13" custom="readingOrder {index:12;}">
                <Coords points="426,1594 606,1553 897,1632 999,1583 1067,1637 1205,1595 1418,1632 1421,1585 1279,1524 1167,1516 1084,1567 944,1501 866,1532 758,1490 434,1477"/>
                <Baseline points="435,1544 483,1545 532,1548 581,1550 630,1552 679,1555 728,1558 777,1562 826,1566 875,1569 924,1572 972,1576 1021,1581 1070,1585 1119,1589 1168,1593 1217,1597 1266,1600 1315,1604 1364,1608 1413,1611"/>
                <TextEquiv>
                    <Unicode>pflag deß lauff schilling ihme noht als lauffern</Unicode>
                </TextEquiv>
            </TextLine>
            <TextLine id="r3l14" custom="readingOrder {index:13;}">
                <Coords points="444,1650 601,1678 723,1637 882,1674 948,1647 1030,1708 1094,1670 1205,1707 1300,1681 1369,1719 1409,1707 1413,1649 1358,1615 1127,1608 1068,1638 1003,1595 926,1632 777,1621 589,1571 514,1613 447,1605"/>
                <Baseline points="452,1626 499,1626 547,1628 594,1629 642,1631 690,1634 737,1635 785,1638 832,1641 880,1645 928,1647 975,1652 1023,1655 1070,1659 1118,1663 1166,1667 1213,1669 1261,1673 1308,1677 1356,1680 1404,1683"/>
                <TextEquiv>
                    <Unicode>und poar ohnt anstandr zubezalen überbunden</Unicode>
                </TextEquiv>
            </TextLine>
            <TextLine id="r3l15" custom="readingOrder {index:14;}">
                <Coords points="430,1727 515,1743 587,1700 799,1751 877,1720 934,1754 1099,1742 1151,1792 1240,1748 1382,1767 1410,1719 1247,1686 1144,1712 1093,1670 1030,1710 949,1646 870,1684 788,1636 589,1687 434,1658"/>
                <Baseline points="438,1704 486,1704 534,1704 582,1706 630,1707 678,1709 726,1711 775,1714 823,1716 871,1719 919,1722 967,1725 1015,1729 1063,1732 1112,1736 1160,1739 1208,1742 1256,1745 1304,1747 1352,1749 1401,1751"/>
                <TextEquiv>
                    <Unicode>welchen fr raht auch bald von dem gleübiger</Unicode>
                </TextEquiv>
            </TextLine>
            <TextLine id="r3l16" custom="readingOrder {index:15;} person {offset:11; length:11;} place {offset:39; length:4;}">
                <Coords points="436,1796 841,1790 999,1833 1034,1808 1170,1850 1265,1818 1382,1853 1425,1831 1429,1771 1353,1792 1238,1749 1153,1793 1101,1745 797,1751 587,1701 515,1743 441,1719"/>
                <Baseline points="444,1778 492,1778 541,1778 590,1779 639,1781 687,1784 736,1785 785,1788 834,1791 882,1794 931,1798 980,1802 1029,1805 1077,1809 1126,1813 1175,1816 1224,1820 1272,1824 1321,1828 1370,1832 1419,1835"/>
                <TextEquiv>
                    <Unicode>Nammend si elaus Suset sikelmeister zu Keri</Unicode>
                </TextEquiv>
            </TextLine>
            <TextLine id="r3l17" custom="readingOrder {index:16;}">
                <Coords points="438,1845 523,1890 577,1852 683,1882 767,1859 906,1906 960,1864 1207,1895 1264,1950 1326,1910 1405,1929 1410,1836 1264,1876 1143,1830 1005,1849 956,1806 842,1789 440,1802"/>
                <Baseline points="444,1845 491,1847 539,1848 587,1850 635,1851 683,1853 730,1856 778,1857 826,1860 874,1863 922,1865 969,1868 1017,1871 1065,1875 1113,1878 1161,1882 1208,1885 1256,1890 1304,1895 1352,1900 1400,1905"/>
                <TextEquiv>
                    <Unicode>auß hergeloss und solche und an des underschrifft</Unicode>
                </TextEquiv>
            </TextLine>
            <TextLine id="r3l18" custom="readingOrder {index:17;}">
                <Coords points="429,1925 506,1918 542,1957 634,1928 1078,1943 1195,2002 1388,1968 1390,1933 1259,1943 1190,1892 1030,1909 959,1865 906,1906 761,1860 681,1883 579,1855 524,1888 432,1864"/>
                <Baseline points="435,1919 482,1920 529,1922 577,1923 624,1924 671,1926 719,1928 766,1930 813,1931 861,1934 908,1936 955,1938 1003,1941 1050,1944 1097,1947 1145,1949 1192,1953 1239,1956 1287,1960 1334,1964 1382,1968"/>
                <TextEquiv>
                    <Unicode>deß schreibers cancellirrt, an dem siegel aber</Unicode>
                </TextEquiv>
            </TextLine>
            <TextLine id="r3l19" custom="readingOrder {index:18;}">
                <Coords points="438,1993 622,2030 695,1999 853,2034 893,2001 922,2029 1089,2008 1170,2041 1212,2017 1280,2040 1282,2005 1172,1998 1078,1944 981,1968 743,1927 705,1955 633,1929 542,1958 506,1918 441,1938"/>
                <Baseline points="444,1979 485,1980 527,1983 568,1985 610,1988 651,1989 693,1991 734,1992 776,1994 817,1995 859,1997 900,1999 942,2001 983,2003 1025,2005 1066,2009 1108,2010 1149,2014 1191,2018 1232,2022 1274,2028"/>
                <TextEquiv>
                    <Unicode>und ersehrt samt dem schene empfangenen</Unicode>
                </TextEquiv>
            </TextLine>
            <TextLine id="r3l20" custom="readingOrder {index:19;}">
                <Coords points="1322,2036 1329,2036 1342,2048 1358,2041 1369,2043 1379,2050 1384,2046 1393,2046 1393,1966 1378,1966 1357,1984 1347,1985 1335,1997 1322,1998"/>
                <Baseline points="1329,2028 1357,2028 1386,2028"/>
                <TextEquiv>
                    <Unicode>d</Unicode>
                </TextEquiv>
            </TextLine>
            <TextLine id="r3l21" custom="readingOrder {index:20;}">
                <Coords points="425,2061 965,2068 1150,2083 1205,2122 1261,2085 1370,2097 1373,2047 1242,2071 1089,2008 977,2042 893,2002 853,2035 695,1999 501,2025 429,1993"/>
                <Baseline points="432,2046 478,2049 525,2051 571,2052 618,2055 665,2057 711,2060 758,2061 804,2063 851,2065 898,2067 944,2069 991,2071 1037,2073 1084,2076 1131,2078 1177,2081 1224,2084 1270,2087 1317,2091 1364,2094"/>
                <TextEquiv>
                    <Unicode>Er aber nach des sithetwaß gelts nöhtig, habe</Unicode>
                </TextEquiv>
            </TextLine>
            <TextLine id="r3l22" custom="readingOrder {index:21;}">
                <Coords points="414,2130 483,2119 536,2162 612,2137 667,2162 1066,2146 1147,2186 1184,2154 1328,2162 1330,2103 1267,2091 1198,2125 1145,2081 1031,2111 966,2069 824,2091 753,2060 707,2089 654,2051 564,2077 416,2060"/>
                <Baseline points="420,2123 465,2124 510,2126 555,2128 600,2129 645,2130 690,2132 735,2133 780,2135 825,2136 871,2136 916,2138 961,2139 1006,2141 1051,2143 1096,2145 1141,2147 1186,2150 1231,2151 1276,2156 1322,2159"/>
                <TextEquiv>
                    <Unicode>Dde raht denselbben trieff von vott zu wort</Unicode>
                </TextEquiv>
            </TextLine>
            <TextLine id="r3l23" custom="readingOrder {index:22;} person {offset:6; length:18;}">
                <Coords points="422,2218 708,2208 789,2251 858,2215 1024,2218 1077,2255 1130,2231 1389,2257 1392,2178 1364,2167 1314,2195 1260,2160 1183,2196 1035,2171 984,2206 834,2146 706,2142 619,2189 483,2119 425,2140"/>
                <Baseline points="429,2196 476,2198 524,2201 572,2204 619,2205 667,2207 715,2210 762,2211 810,2213 858,2216 906,2217 953,2219 1001,2221 1049,2223 1096,2225 1144,2228 1192,2230 1239,2232 1287,2234 1335,2237 1383,2240"/>
                <TextEquiv>
                    <Unicode>Durch smnannel schläffli eine m in seinem diensten</Unicode>
                </TextEquiv>
            </TextLine>
            <TextLine id="r3l24" custom="readingOrder {index:23;} person {offset:29; length:9;}">
                <Coords points="415,2322 551,2301 638,2332 738,2284 1169,2337 1359,2312 1360,2280 1298,2258 1111,2245 1008,2280 932,2238 840,2280 745,2219 419,2216"/>
                <Baseline points="423,2270 469,2273 516,2276 562,2280 609,2283 655,2285 702,2288 748,2290 795,2291 841,2294 888,2295 934,2297 981,2298 1027,2300 1074,2300 1120,2301 1167,2304 1213,2304 1260,2306 1306,2309 1353,2310"/>
                <TextEquiv>
                    <Unicode>gebeßere hafnen, gsoller von Alblinger von</Unicode>
                </TextEquiv>
            </TextLine>
            <TextLine id="r3l25" custom="readingOrder {index:24;} place {offset:33; length:8;}">
                <Coords points="413,2378 712,2368 888,2412 1055,2367 1215,2405 1411,2372 1412,2314 1198,2359 1045,2307 873,2334 738,2284 639,2332 474,2299 414,2322"/>
                <Baseline points="420,2354 469,2355 518,2355 567,2356 616,2357 666,2359 715,2361 764,2362 813,2364 862,2365 912,2367 961,2369 1010,2369 1059,2370 1108,2372 1158,2372 1207,2372 1256,2372 1305,2372 1354,2370 1404,2369"/>
                <TextEquiv>
                    <Unicode>22 jahren alters ( welcher da zu Rangnaut</Unicode>
                </TextEquiv>
            </TextLine>
            <TextLine id="r3l26" custom="readingOrder {index:25;}">
                <Coords points="425,2428 511,2431 579,2479 753,2439 1391,2466 1392,2425 1190,2433 1054,2367 820,2413 559,2360 427,2383"/>
                <Baseline points="432,2421 479,2424 527,2427 574,2429 622,2430 670,2432 717,2433 765,2435 813,2436 860,2438 908,2438 956,2439 1003,2441 1051,2442 1099,2444 1146,2445 1194,2447 1242,2450 1289,2451 1337,2454 1385,2457"/>
                <TextEquiv>
                    <Unicode>etwoüffhsi abschreiben laßßen und deß darmen ge-</Unicode>
                </TextEquiv>
            </TextLine>
            <TextLine id="r3l27" custom="readingOrder {index:26;}">
                <Coords points="416,2520 611,2514 648,2550 712,2507 850,2550 1030,2512 1195,2570 1261,2523 1375,2531 1377,2473 1230,2461 1175,2496 1068,2440 992,2472 783,2457 755,2481 685,2453 562,2483 512,2431 418,2435"/>
                <Baseline points="423,2496 470,2499 517,2501 565,2503 612,2505 659,2507 707,2508 754,2508 801,2510 849,2510 896,2511 943,2512 991,2513 1038,2513 1085,2514 1133,2514 1180,2516 1227,2517 1275,2518 1322,2519 1370,2520"/>
                <TextEquiv>
                    <Unicode>standenen geschwornen schreibers und erschrifft und</Unicode>
                </TextEquiv>
            </TextLine>
            <TextLine id="r3l28" custom="readingOrder {index:27;} person {offset:38; length:5;}">
                <Coords points="414,2613 501,2635 642,2592 725,2637 799,2583 905,2589 971,2640 1049,2601 1383,2603 1383,2564 1278,2523 1195,2570 1139,2528 989,2516 768,2567 724,2535 601,2561 521,2503 415,2524"/>
                <Baseline points="420,2576 467,2577 515,2579 563,2580 611,2582 659,2582 707,2583 754,2583 802,2583 850,2585 898,2585 946,2585 994,2585 1042,2586 1089,2586 1137,2586 1185,2586 1233,2588 1281,2588 1329,2589 1377,2591"/>
                <TextEquiv>
                    <Unicode>handtzichen nachznahmen befohlen, das perga</Unicode>
                </TextEquiv>
            </TextLine>
            <TextLine id="r3l29" custom="readingOrder {index:28;}">
                <Coords points="389,2663 764,2664 829,2715 889,2668 1020,2667 1087,2715 1159,2670 1371,2659 1372,2609 1263,2646 1229,2612 1166,2635 1082,2598 971,2642 803,2584 727,2635 630,2605 508,2639 390,2617"/>
                <Baseline points="396,2648 444,2651 492,2652 541,2654 589,2655 638,2657 686,2658 735,2660 783,2660 832,2661 880,2661 928,2663 977,2663 1025,2664 1074,2664 1122,2664 1171,2664 1219,2666 1268,2666 1316,2666 1365,2666"/>
                <TextEquiv>
                    <Unicode>meit aber habe er raht selbsten darzu gekaufft</Unicode>
                </TextEquiv>
            </TextLine>
            <TextLine id="r3l30" custom="readingOrder {index:29;}">
                <Coords points="422,2753 472,2768 516,2731 574,2787 625,2739 712,2764 858,2741 1026,2789 1107,2740 1185,2776 1364,2769 1383,2721 1266,2675 1145,2728 1017,2692 951,2721 892,2671 828,2713 685,2655 591,2701 500,2659 424,2666"/>
                <Baseline points="429,2717 476,2721 523,2726 571,2729 618,2733 665,2735 713,2736 760,2738 807,2739 855,2741 902,2741 949,2742 997,2742 1044,2742 1091,2742 1139,2742 1186,2744 1233,2744 1281,2745 1328,2747 1376,2748"/>
                <TextEquiv>
                    <Unicode>und selbsten das siegel von obigem wieff abge</Unicode>
                </TextEquiv>
            </TextLine>
            <TextLine id="r3l31" custom="readingOrder {index:30;}">
                <Coords points="404,2788 480,2833 537,2801 636,2810 698,2864 874,2816 974,2822 1029,2875 1243,2822 1354,2861 1357,2772 1308,2758 1264,2792 1118,2746 1024,2791 853,2744 700,2772 635,2737 574,2786 510,2745 405,2760"/>
                <Baseline points="410,2784 459,2790 508,2795 558,2799 607,2803 657,2805 706,2808 755,2810 805,2813 854,2814 904,2816 953,2817 1003,2819 1052,2819 1101,2820 1151,2820 1200,2821 1250,2822 1299,2822 1349,2823"/>
                <TextEquiv>
                    <Unicode>macht auf volgende weise. Er habe namlich</Unicode>
                </TextEquiv>
            </TextLine>
            <TextLine id="r3l32" custom="readingOrder {index:31;}">
                <Coords points="416,2862 628,2932 744,2880 911,2929 986,2892 1062,2945 1121,2899 1301,2930 1338,2909 1341,2823 1069,2877 952,2823 911,2860 773,2870 700,2867 621,2809 417,2830"/>
                <Baseline points="422,2856 467,2861 513,2865 558,2870 604,2873 649,2877 695,2879 740,2882 786,2885 831,2886 877,2889 922,2891 968,2892 1013,2893 1059,2894 1104,2894 1150,2895 1195,2895 1241,2895 1286,2894 1332,2894"/>
                <TextEquiv>
                    <Unicode>em Mäsßerli mid eines gantz dung geschliff aneen</Unicode>
                </TextEquiv>
            </TextLine>
            <TextLine id="r3l33" custom="readingOrder {index:32;}">
                <Coords points="397,2941 676,2960 730,3004 815,2962 887,3012 934,2976 1079,2976 1186,3037 1245,2989 1366,2977 1369,2926 1223,2947 1122,2901 1061,2946 1003,2909 939,2934 784,2888 691,2942 557,2885 399,2893"/>
                <Baseline points="404,2928 451,2933 499,2940 547,2945 595,2950 643,2954 691,2958 738,2960 786,2964 834,2966 882,2969 930,2970 978,2972 1026,2973 1073,2973 1121,2975 1169,2975 1217,2975 1265,2973 1313,2973 1361,2972"/>
                <TextEquiv>
                    <Unicode>känren warm genacht, solches under dem prendat</Unicode>
                </TextEquiv>
            </TextLine>
            <TextLine id="r3l34" custom="readingOrder {index:33;} place {offset:12; length:12;}">
                <Coords points="402,3052 559,3023 680,3089 817,3046 881,3100 939,3050 1289,3072 1367,3062 1372,2975 1245,2988 1171,3039 1033,2982 969,3027 808,3022 678,2960 529,2995 407,2953"/>
                <Baseline points="411,2996 458,3004 506,3011 553,3018 601,3023 648,3029 696,3034 743,3038 791,3041 838,3045 886,3047 934,3049 981,3051 1029,3051 1076,3053 1124,3053 1171,3053 1219,3051 1266,3050 1314,3048 1362,3047"/>
                <TextEquiv>
                    <Unicode>Eyen in das siegelhaußli gestoßen und also</Unicode>
                </TextEquiv>
            </TextLine>
            <TextLine id="r3l35" custom="readingOrder {index:34;}">
                <Coords points="404,3079 958,3156 1318,3143 1362,3133 1366,3074 1323,3091 1239,3051 1038,3101 940,3049 878,3098 797,3057 680,3087 614,3036 492,3043 457,3010 407,3036"/>
                <Baseline points="411,3074 458,3078 505,3083 552,3089 600,3094 647,3099 694,3105 741,3110 789,3115 836,3120 883,3123 930,3128 978,3131 1025,3134 1072,3134 1119,3135 1167,3134 1214,3134 1261,3130 1308,3126 1356,3122"/>
                <TextEquiv>
                    <Unicode>durch wrichmachung deß wachstes dar einte teill</Unicode>
                </TextEquiv>
            </TextLine>
            <TextLine id="r3l36" custom="readingOrder {index:35;}">
                <Coords points="401,3143 583,3171 680,3235 940,3209 1048,3259 1119,3210 1160,3243 1242,3216 1292,3235 1343,3205 1347,3161 1224,3129 1025,3165 934,3133 784,3172 687,3103 496,3110 406,3080"/>
                <Baseline points="408,3134 454,3143 500,3149 547,3158 593,3164 640,3169 686,3176 733,3182 779,3187 826,3191 872,3194 918,3198 965,3201 1011,3204 1058,3206 1104,3207 1151,3207 1197,3207 1244,3207 1290,3206 1337,3204"/>
                <TextEquiv>
                    <Unicode>dis kuels lg gemacht und nachswerte diß</Unicode>
                </TextEquiv>
            </TextLine>
            <TextLine id="r3l37" custom="readingOrder {index:36;}">
                <Coords points="1048,3328 1064,3325 1078,3338 1089,3336 1111,3349 1124,3348 1174,3305 1189,3297 1205,3298 1205,3247 1157,3258 1108,3215 1066,3255 1049,3255"/>
                <Baseline points="1055,3305 1083,3300 1112,3299 1141,3300 1170,3302 1199,3302"/>
                <TextEquiv>
                    <Unicode>Siegel</Unicode>
                </TextEquiv>
            </TextLine>
            <TextEquiv>
                <Unicode>Gertlich oher anboendung einiches Martes cocami-
niert worden.
hat die selbige nach bescheie
bene bekanntnuß und vergiecht getahren und
abgestattet.
Erstlichen bey erkauffung deß eintan seiner
guütlig auff dem Auli mand genammt auf
dem buchhalterberg, habe sein verkanfter daniel
vlose einen gult burff anff Niclaus Stauffe
als haubtshuldner, deme ermellten daniel mloser
slcsteg, Hrnd stamk und Ullrich Hertig als
burgen lantend von 200  lb canrat auff ab,
pflag deß lauff schilling ihme noht als lauffern
und poar ohnt anstandr zubezalen überbunden
welchen fr raht auch bald von dem gleübiger
Nammend si elaus Suset sikelmeister zu Keri
auß hergeloss und solche und an des underschrifft
deß schreibers cancellirrt, an dem siegel aber
und ersehrt samt dem schene empfangenen
d
Er aber nach des sithetwaß gelts nöhtig, habe
Dde raht denselbben trieff von vott zu wort
Durch smnannel schläffli eine m in seinem diensten
gebeßere hafnen, gsoller von Alblinger von
22 jahren alters ( welcher da zu Rangnaut
etwoüffhsi abschreiben laßßen und deß darmen ge-
standenen geschwornen schreibers und erschrifft und
handtzichen nachznahmen befohlen, das perga
meit aber habe er raht selbsten darzu gekaufft
und selbsten das siegel von obigem wieff abge
macht auf volgende weise. Er habe namlich
em Mäsßerli mid eines gantz dung geschliff aneen
känren warm genacht, solches under dem prendat
Eyen in das siegelhaußli gestoßen und also
durch wrichmachung deß wachstes dar einte teill
dis kuels lg gemacht und nachswerte diß
Siegel</Unicode>
            </TextEquiv>
        </TextRegion>
        <TextRegion orientation="0.0" type="marginalia" id="r4" custom="readingOrder {index:2;} structure {type:marginalia;}">
            <Coords points="1541,571 1541,1936 1765,1936 1765,571"/>
            <TextLine id="r4l1" custom="readingOrder {index:0;}">
                <Coords points="1682,644 1689,645 1695,640 1702,645 1707,644 1733,627 1741,630 1748,627 1752,631 1765,628 1771,563 1750,563 1730,538 1719,533 1715,527 1692,533"/>
                <Baseline points="1692,593 1726,594 1761,599"/>
                <TextEquiv>
                    <Unicode>de</Unicode>
                </TextEquiv>
            </TextLine>
            <TextLine id="r4l2" custom="readingOrder {index:1;}">
                <Coords points="1632,1229 1638,1228 1651,1239 1667,1224 1675,1223 1670,1182 1664,1182 1658,1187 1648,1187 1644,1183 1642,1183 1639,1188 1633,1184 1627,1185"/>
                <Baseline points="1638,1224 1668,1221"/>
                <TextEquiv>
                    <Unicode>A</Unicode>
                </TextEquiv>
            </TextLine>
            <TextLine id="r4l3" custom="readingOrder {index:2;}">
                <Coords points="1545,1292 1587,1275 1599,1284 1658,1279 1672,1293 1693,1297 1736,1276 1775,1277 1776,1235 1735,1215 1714,1235 1655,1253 1643,1241 1627,1240 1603,1215 1546,1241"/>
                <Baseline points="1551,1268 1578,1271 1605,1273 1633,1275 1660,1277 1687,1277 1715,1277 1742,1274 1770,1271"/>
                <TextEquiv>
                    <Unicode>als wane die</Unicode>
                </TextEquiv>
            </TextLine>
            <TextLine id="r4l4" custom="readingOrder {index:3;}">
                <Coords points="1544,1343 1565,1343 1587,1358 1616,1345 1635,1357 1662,1350 1693,1364 1728,1359 1728,1281 1689,1301 1659,1280 1610,1288 1588,1275 1545,1293"/>
                <Baseline points="1551,1325 1579,1323 1608,1325 1636,1326 1665,1327 1693,1326 1722,1322"/>
                <TextEquiv>
                    <Unicode>ser brieff</Unicode>
                </TextEquiv>
            </TextLine>
            <TextLine id="r4l5" custom="readingOrder {index:4;}">
                <Coords points="1617,1934 1650,1936 1656,1929 1662,1931 1665,1928 1678,1936 1689,1934 1689,1857 1673,1855 1662,1863 1652,1858 1644,1867 1631,1872 1623,1865 1617,1865"/>
                <Baseline points="1623,1922 1653,1925 1683,1922"/>
                <TextEquiv>
                    <Unicode>2</Unicode>
                </TextEquiv>
            </TextLine>
            <TextEquiv>
                <Unicode>de
A
als wane die
ser brieff
2</Unicode>
            </TextEquiv>
        </TextRegion>
        <TextRegion orientation="0.0" type="paragraph" id="r5" custom="readingOrder {index:3;} structure {type:paragraph;}">
            <Coords points="1759,635 1716,3327 2754,3348 2754,657"/>
            <TextLine id="r5l1" custom="readingOrder {index:0;}">
                <Coords points="1795,715 2034,709 2089,745 2234,720 2338,778 2422,753 2518,800 2676,751 2757,796 2746,710 2564,693 2512,638 2326,673 2245,643 2188,682 2052,631 1971,653 1898,617 1801,627"/>
                <Baseline points="1803,693 1850,696 1898,700 1945,702 1993,706 2040,709 2088,713 2135,717 2183,720 2230,724 2278,728 2326,731 2373,734 2421,737 2468,741 2516,743 2563,745 2611,747 2658,749 2706,750 2754,752"/>
                <TextEquiv>
                    <Unicode>diß siegel an din durch schlüffi abgeschriobenen</Unicode>
                </TextEquiv>
            </TextLine>
            <TextLine id="r5l2" custom="readingOrder {index:1;}">
                <Coords points="1790,792 1923,800 1997,846 2109,798 2310,847 2391,829 2463,866 2508,826 2588,863 2724,838 2728,765 2676,752 2545,807 2405,761 2337,779 2234,720 2039,752 1975,716 1795,716"/>
                <Baseline points="1797,780 1843,782 1889,784 1935,786 1981,789 2027,792 2073,794 2119,797 2165,801 2211,804 2257,807 2303,810 2349,813 2395,816 2441,819 2487,822 2533,825 2579,827 2625,830 2671,831 2718,833"/>
                <TextEquiv>
                    <Unicode>seink angehäikt und den laß gemachten</Unicode>
                </TextEquiv>
            </TextLine>
            <TextLine id="r5l3" custom="readingOrder {index:2;}">
                <Coords points="1787,878 2731,952 2723,851 2621,884 2508,826 2460,868 2435,849 2347,886 2282,825 2175,805 1980,850 1931,809 1839,825 1793,791"/>
                <Baseline points="1794,870 1840,872 1887,873 1933,875 1980,876 2027,879 2073,881 2120,884 2167,887 2213,890 2260,894 2307,897 2353,900 2400,903 2447,906 2493,910 2540,914 2587,916 2633,918 2680,922 2727,924"/>
                <TextEquiv>
                    <Unicode>veil deß pendats winderumb mit einem daren</Unicode>
                </TextEquiv>
            </TextLine>
            <TextLine id="r5l4" custom="readingOrder {index:3;}">
                <Coords points="1773,1006 1867,963 1898,995 2193,974 2288,1034 2335,993 2415,1034 2745,1008 2747,966 2673,934 2612,968 2531,931 2456,975 2087,885 1944,946 1779,913"/>
                <Baseline points="1782,951 1829,954 1877,956 1925,958 1973,961 2021,963 2069,967 2116,970 2164,973 2212,977 2260,980 2308,983 2356,986 2404,989 2451,992 2499,995 2547,996 2595,999 2643,1001 2691,1002 2739,1004"/>
                <TextEquiv>
                    <Unicode>gemachten fader lind urch gezogen und mit dem</Unicode>
                </TextEquiv>
            </TextLine>
            <TextLine id="r5l5" custom="readingOrder {index:4;} person {offset:0; length:7;}">
                <Coords points="1775,1053 1848,1070 1961,1039 2013,1073 2146,1059 2245,1098 2338,1071 2687,1108 2723,1064 2609,1024 2292,1053 2205,978 2125,965 1958,1013 1867,969 1778,1006"/>
                <Baseline points="1782,1034 1828,1036 1875,1040 1921,1041 1968,1044 2015,1047 2061,1049 2108,1053 2155,1056 2201,1059 2248,1062 2295,1066 2341,1069 2388,1073 2435,1076 2481,1079 2528,1083 2575,1086 2621,1089 2668,1092 2715,1095"/>
                <TextEquiv>
                    <Unicode>Mäßerli das wacht wiedermale lind we</Unicode>
                </TextEquiv>
            </TextLine>
            <TextLine id="r5l6" custom="readingOrder {index:5;}">
                <Coords points="1786,1137 1828,1169 1879,1135 1909,1132 1924,1121 1946,1126 1950,1046 1911,1050 1885,1065 1870,1065 1855,1079 1832,1078 1811,1063 1789,1059"/>
                <Baseline points="1793,1113 1822,1113 1851,1114 1881,1116 1910,1118 1940,1119"/>
                <TextEquiv>
                    <Unicode>nicht.</Unicode>
                </TextEquiv>
            </TextLine>
            <TextLine id="r5l7" custom="readingOrder {index:6;}">
                <Coords points="2139,1195 2207,1194 2238,1173 2342,1183 2375,1157 2531,1155 2622,1212 2682,1206 2687,1100 2646,1087 2537,1111 2476,1095 2436,1121 2377,1073 2300,1080 2254,1108 2229,1083 2146,1064"/>
                <Baseline points="2148,1139 2174,1139 2201,1140 2227,1142 2254,1143 2280,1145 2307,1145 2333,1146 2360,1149 2386,1149 2413,1151 2440,1153 2466,1154 2493,1155 2519,1157 2546,1158 2572,1159 2599,1160 2625,1161 2652,1161 2679,1161"/>
                <TextEquiv>
                    <Unicode>zuglich hatt die schluch</Unicode>
                </TextEquiv>
            </TextLine>
            <TextLine id="r5l8" custom="readingOrder {index:7;}">
                <Coords points="1777,1215 1932,1203 1999,1235 2045,1206 2092,1252 2141,1216 2207,1265 2303,1224 2400,1281 2573,1233 2702,1259 2704,1216 2559,1176 2320,1205 2186,1133 2013,1160 1913,1129 1779,1168"/>
                <Baseline points="1785,1188 1830,1193 1876,1196 1921,1200 1967,1203 2013,1206 2058,1208 2104,1211 2149,1213 2195,1215 2241,1217 2286,1219 2332,1221 2377,1223 2423,1225 2469,1227 2514,1229 2560,1231 2605,1233 2651,1236 2697,1238"/>
                <TextEquiv>
                    <Unicode>auch auß sein rahts geheiß eine faltsche überd,</Unicode>
                </TextEquiv>
            </TextLine>
            <TextLine id="r5l9" custom="readingOrder {index:8;}">
                <Coords points="1795,1294 2190,1289 2231,1325 2344,1294 2396,1329 2552,1302 2663,1362 2723,1325 2727,1255 2575,1269 2496,1238 2397,1280 2303,1225 2134,1272 1929,1204 1798,1226"/>
                <Baseline points="1803,1269 1848,1271 1894,1273 1940,1275 1985,1277 2031,1279 2077,1281 2122,1283 2168,1285 2214,1286 2260,1289 2305,1292 2351,1293 2397,1295 2442,1298 2488,1301 2534,1304 2579,1307 2625,1310 2671,1314 2717,1317"/>
                <TextEquiv>
                    <Unicode>haab vor dem darum vernamsteten glaubiger</Unicode>
                </TextEquiv>
            </TextLine>
            <TextLine id="r5l10" custom="readingOrder {index:9;}">
                <Coords points="1770,1404 1880,1360 2064,1386 2219,1365 2360,1416 2465,1380 2543,1402 2587,1382 2590,1316 2549,1302 2506,1337 2464,1318 2433,1341 2376,1323 2321,1352 2262,1312 2203,1345 2149,1292 2025,1318 1979,1289 1885,1320 1774,1311"/>
                <Baseline points="1779,1353 1819,1354 1859,1355 1899,1356 1939,1357 1979,1358 2019,1359 2059,1361 2099,1362 2139,1363 2179,1365 2219,1366 2259,1368 2299,1370 2339,1371 2379,1374 2419,1375 2459,1378 2499,1381 2539,1383 2580,1386"/>
                <TextEquiv>
                    <Unicode>ihme cediert worden wäre, geschrieben.</Unicode>
                </TextEquiv>
            </TextLine>
            <TextLine id="r5l11" custom="readingOrder {index:10;}">
                <Coords points="1775,1447 1929,1495 2006,1459 2121,1504 2180,1468 2220,1488 2314,1460 2381,1509 2490,1523 2567,1479 2696,1480 2700,1416 2622,1395 2520,1439 2474,1394 2361,1417 2220,1365 2034,1407 1948,1368 1777,1394"/>
                <Baseline points="1782,1433 1827,1433 1872,1434 1918,1436 1963,1437 2009,1440 2054,1441 2099,1443 2145,1445 2190,1448 2236,1451 2281,1452 2326,1455 2372,1458 2417,1461 2463,1463 2508,1466 2553,1469 2599,1471 2644,1473 2690,1476"/>
                <TextEquiv>
                    <Unicode>volglich habe er acht denselben für gut und</Unicode>
                </TextEquiv>
            </TextLine>
            <TextLine id="r5l12" custom="readingOrder {index:11;} person {offset:18; length:15; continued:true;}">
                <Coords points="1768,1536 1975,1518 2159,1574 2389,1535 2717,1568 2706,1526 2381,1509 2306,1463 2228,1494 2181,1467 2117,1508 2002,1465 1908,1497 1834,1444 1773,1447"/>
                <Baseline points="1776,1505 1822,1508 1869,1510 1916,1512 1963,1514 2010,1517 2056,1520 2103,1522 2150,1524 2197,1526 2244,1529 2290,1532 2337,1535 2384,1536 2431,1539 2478,1541 2524,1544 2571,1545 2618,1548 2665,1551 2712,1553"/>
                <TextEquiv>
                    <Unicode>gultig an jungfrl Maria Magdalean</Unicode>
                </TextEquiv>
            </TextLine>
            <TextLine id="r5l13" custom="readingOrder {index:12;} person {offset:0; length:8; continued:true;}">
                <Coords points="1757,1600 1932,1580 2029,1597 2069,1640 2240,1612 2337,1639 2503,1612 2606,1635 2645,1580 2390,1536 2158,1575 1975,1518 1867,1545 1817,1513 1760,1550"/>
                <Baseline points="1764,1584 1807,1586 1851,1587 1894,1590 1938,1592 1982,1595 2025,1597 2069,1599 2113,1601 2156,1604 2200,1607 2244,1610 2287,1611 2331,1614 2375,1616 2418,1618 2462,1619 2506,1620 2549,1620 2593,1622 2637,1620"/>
                <TextEquiv>
                    <Unicode>a Rubeli den 24t decembris 1720</Unicode>
                </TextEquiv>
            </TextLine>
            <TextLine id="r5l14" custom="readingOrder {index:13;}">
                <Coords points="1772,1672 2106,1680 2209,1738 2302,1701 2400,1733 2534,1691 2709,1728 2685,1662 2566,1668 2506,1619 2383,1615 2282,1659 2240,1612 2023,1660 1922,1601 1776,1595"/>
                <Baseline points="1779,1656 1825,1659 1871,1663 1917,1665 1963,1668 2010,1671 2056,1673 2102,1676 2148,1679 2194,1681 2241,1683 2287,1686 2333,1688 2379,1690 2425,1693 2472,1695 2518,1697 2564,1700 2610,1703 2656,1704 2703,1707"/>
                <TextEquiv>
                    <Unicode>verkaufft und das bare gelt darfür bekommen</Unicode>
                </TextEquiv>
            </TextLine>
            <TextLine id="r5l15" custom="readingOrder {index:14;}">
                <Coords points="1757,1731 1890,1745 1932,1792 2077,1770 2169,1807 2341,1764 2409,1811 2574,1772 2639,1800 2667,1739 2534,1691 2361,1745 2305,1703 2213,1740 2103,1682 1760,1681"/>
                <Baseline points="1764,1721 1808,1723 1853,1727 1898,1731 1942,1734 1987,1738 2032,1741 2076,1744 2121,1748 2166,1751 2211,1752 2255,1756 2300,1758 2345,1761 2389,1763 2434,1766 2479,1769 2523,1770 2568,1772 2613,1774 2658,1776"/>
                <TextEquiv>
                    <Unicode>wit welchem er die einei seiner geltschulden</Unicode>
                </TextEquiv>
            </TextLine>
            <TextLine id="r5l16" custom="readingOrder {index:15;}">
                <Coords points="1750,1853 1777,1853 1838,1807 1859,1806 1877,1818 1898,1814 1919,1836 1940,1830 1941,1764 1921,1774 1890,1745 1877,1748 1859,1739 1821,1768 1815,1761 1795,1770 1779,1761 1751,1761"/>
                <Baseline points="1757,1803 1782,1802 1807,1802 1832,1800 1858,1800 1883,1802 1908,1804 1934,1806"/>
                <TextEquiv>
                    <Unicode>gestillet.</Unicode>
                </TextEquiv>
            </TextLine>
            <TextLine id="r5l17" custom="readingOrder {index:16;}">
                <Coords points="1721,1967 1926,1975 2042,1944 2165,2027 2351,2001 2480,2046 2550,2004 2686,2008 2690,1926 2583,1914 2551,1940 2434,1897 2348,1939 2305,1905 2128,1929 2014,1886 1723,1928"/>
                <Baseline points="1728,1952 1775,1954 1823,1955 1870,1958 1918,1960 1966,1964 2013,1966 2061,1970 2109,1972 2156,1975 2204,1978 2252,1980 2299,1983 2347,1986 2395,1989 2442,1991 2490,1992 2538,1995 2585,1995 2633,1995 2681,1995"/>
                <TextEquiv>
                    <Unicode>Daatto e der schläßli auß seine röhts</Unicode>
                </TextEquiv>
            </TextLine>
            <TextLine id="r5l18" custom="readingOrder {index:17;}">
                <Coords points="1761,2036 2349,2063 2550,2110 2647,2076 2649,2037 2580,1997 2443,2050 2351,2001 2286,2040 2196,2033 2042,1943 1919,1977 1764,1972"/>
                <Baseline points="1767,2033 1810,2034 1854,2036 1897,2037 1941,2039 1985,2041 2028,2042 2072,2045 2116,2047 2159,2049 2203,2051 2247,2054 2290,2056 2334,2059 2378,2061 2421,2065 2465,2067 2509,2069 2552,2072 2596,2075 2640,2078"/>
                <TextEquiv>
                    <Unicode>heflich und angebeg einem anderen laltschen</Unicode>
                </TextEquiv>
            </TextLine>
            <TextLine id="r5l19" custom="readingOrder {index:18;} person {offset:15; length:9;}">
                <Coords points="1731,2158 1785,2119 1932,2120 2081,2175 2174,2136 2359,2189 2636,2137 2668,2164 2708,2110 2645,2073 2562,2112 2377,2114 2295,2062 2190,2052 2039,2104 1735,2078"/>
                <Baseline points="1740,2118 1790,2117 1840,2117 1891,2117 1941,2118 1992,2120 2042,2123 2093,2126 2143,2128 2194,2132 2244,2136 2295,2139 2345,2142 2396,2145 2446,2148 2497,2151 2547,2151 2598,2153 2648,2153 2699,2151"/>
                <TextEquiv>
                    <Unicode>vhergament men Gultberfs von 20000 lb</Unicode>
                </TextEquiv>
            </TextLine>
            <TextLine id="r5l20" custom="readingOrder {index:19;}">
                <Coords points="1736,2199 1953,2252 2011,2208 2142,2257 2298,2231 2337,2267 2672,2250 2676,2177 2612,2158 2357,2190 2228,2152 2159,2200 2054,2153 1993,2175 1931,2119 1813,2170 1739,2156"/>
                <Baseline points="1743,2189 1789,2192 1835,2195 1881,2198 1927,2201 1973,2204 2019,2207 2066,2210 2112,2214 2158,2216 2204,2220 2250,2221 2296,2225 2342,2227 2389,2229 2435,2232 2481,2234 2527,2236 2573,2238 2619,2241 2666,2243"/>
                <TextEquiv>
                    <Unicode>capitat geschrieben und solchen auf Ppefer</Unicode>
                </TextEquiv>
            </TextLine>
            <TextLine id="r5l21" custom="readingOrder {index:20;} place {offset:16; length:14;}">
                <Coords points="1740,2278 1856,2317 2123,2296 2201,2335 2395,2322 2459,2376 2549,2329 2651,2332 2656,2260 2469,2253 2406,2287 2299,2232 2186,2264 2035,2234 1935,2272 1839,2209 1742,2253"/>
                <Baseline points="1748,2265 1792,2269 1837,2274 1882,2278 1927,2283 1972,2287 2017,2290 2061,2295 2106,2298 2151,2301 2196,2304 2241,2307 2286,2310 2331,2313 2375,2315 2420,2318 2465,2319 2510,2322 2555,2324 2600,2327 2645,2328"/>
                <TextEquiv>
                    <Unicode>undler auff dem huchholterberg als haubt-</Unicode>
                </TextEquiv>
            </TextLine>
            <TextLine id="r5l22" custom="readingOrder {index:21;} person {offset:6; length:11;} person {offset:37; length:5; continued:true;}">
                <Coords points="1742,2346 1857,2353 1899,2400 1975,2367 2192,2373 2431,2418 2497,2396 2554,2428 2687,2404 2690,2366 2623,2380 2564,2338 2457,2379 2260,2370 2124,2296 1808,2334 1746,2290"/>
                <Baseline points="1748,2346 1794,2348 1841,2351 1887,2353 1934,2357 1981,2360 2027,2364 2074,2369 2121,2373 2167,2377 2214,2382 2261,2386 2307,2389 2354,2393 2401,2397 2447,2399 2494,2402 2541,2403 2587,2405 2634,2405 2681,2403"/>
                <TextEquiv>
                    <Unicode>denne Josefr Baut lert seine warneng Hanns</Unicode>
                </TextEquiv>
            </TextLine>
            <TextLine id="r5l23" custom="readingOrder {index:22;} person {offset:0; length:6; continued:true;} person {offset:33; length:3; continued:true;}">
                <Coords points="1744,2447 1789,2423 1831,2467 1941,2436 1972,2464 2145,2454 2273,2502 2379,2469 2453,2527 2580,2486 2685,2504 2691,2429 2496,2397 2404,2432 2185,2375 2031,2416 1976,2368 1899,2399 1858,2355 1751,2351"/>
                <Baseline points="1752,2421 1798,2424 1844,2426 1891,2430 1937,2433 1984,2436 2030,2440 2077,2444 2123,2447 2170,2451 2216,2455 2262,2459 2309,2463 2355,2468 2402,2471 2448,2475 2495,2478 2541,2480 2588,2483 2634,2485 2681,2487"/>
                <TextEquiv>
                    <Unicode>unruht in des sochlächer suf und han</Unicode>
                </TextEquiv>
            </TextLine>
            <TextLine id="r5l24" custom="readingOrder {index:23;} person {offset:0; length:5; continued:true;} place {offset:13; length:7;}">
                <Coords points="1743,2505 1799,2559 2011,2517 2125,2553 2265,2531 2688,2591 2710,2508 2529,2540 2393,2472 2283,2512 2237,2482 2150,2507 2016,2451 1902,2500 1796,2431 1747,2444"/>
                <Baseline points="1749,2501 1796,2502 1844,2505 1891,2508 1939,2511 1986,2514 2034,2517 2081,2521 2129,2524 2176,2529 2224,2532 2272,2535 2319,2539 2367,2543 2414,2547 2462,2550 2509,2553 2557,2557 2604,2561 2652,2565 2700,2568"/>
                <TextEquiv>
                    <Unicode>Rtogi an der Bernegg als mitgulten und Burd</Unicode>
                </TextEquiv>
            </TextLine>
            <TextLine id="r5l25" custom="readingOrder {index:24;}">
                <Coords points="1736,2624 1809,2593 2065,2633 2112,2607 2202,2642 2264,2614 2321,2651 2501,2628 2632,2696 2687,2663 2692,2590 2643,2574 2562,2613 2503,2571 2316,2543 2177,2586 2089,2523 1741,2554"/>
                <Baseline points="1746,2579 1792,2580 1839,2583 1886,2586 1933,2588 1980,2591 2026,2594 2073,2597 2120,2599 2167,2603 2214,2606 2260,2610 2307,2613 2354,2616 2401,2620 2448,2624 2494,2628 2541,2631 2588,2636 2635,2640 2682,2643"/>
                <TextEquiv>
                    <Unicode>gne ( welche prsonen er racht als seine rach</Unicode>
                </TextEquiv>
            </TextLine>
            <TextLine id="r5l26" custom="readingOrder {index:25;}">
                <Coords points="1733,2664 2069,2680 2124,2720 2166,2687 2256,2690 2316,2749 2391,2716 2446,2761 2495,2728 2580,2759 2687,2722 2691,2665 2586,2698 2516,2656 2475,2680 2401,2628 2240,2671 2175,2628 2003,2610 1926,2628 1806,2594 1736,2624"/>
                <Baseline points="1740,2652 1787,2656 1834,2660 1881,2663 1928,2667 1975,2671 2022,2673 2069,2676 2116,2681 2163,2684 2210,2687 2257,2691 2304,2694 2351,2697 2398,2700 2445,2703 2492,2707 2539,2709 2586,2712 2633,2715 2681,2718"/>
                <TextEquiv>
                    <Unicode>Bauren zum veill in seiner jugend gekennt hatte</Unicode>
                </TextEquiv>
            </TextLine>
            <TextLine id="r5l27" custom="readingOrder {index:26;}">
                <Coords points="1720,2755 1818,2738 1857,2783 1979,2744 2171,2760 2262,2805 2412,2783 2502,2820 2646,2791 2649,2754 2604,2770 2538,2728 2439,2764 2399,2725 2317,2750 2265,2698 2200,2716 2169,2685 2112,2722 2070,2681 1963,2705 1890,2658 1725,2685"/>
                <Baseline points="1728,2729 1773,2731 1819,2733 1864,2736 1910,2739 1956,2742 2001,2746 2047,2750 2092,2753 2138,2756 2184,2761 2229,2765 2275,2768 2320,2771 2366,2774 2412,2778 2457,2781 2503,2784 2548,2786 2594,2788 2640,2790"/>
                <TextEquiv>
                    <Unicode>samtlich aber albereit gestorben waren auch</Unicode>
                </TextEquiv>
            </TextLine>
            <TextLine id="r5l28" custom="readingOrder {index:27;}">
                <Coords points="1733,2812 2318,2850 2452,2906 2652,2867 2657,2805 2622,2786 2479,2844 2407,2786 2263,2805 2171,2760 2116,2796 2067,2755 1951,2747 1855,2784 1817,2742 1740,2733"/>
                <Baseline points="1740,2804 1785,2807 1830,2810 1875,2812 1921,2817 1966,2820 2011,2823 2056,2827 2102,2831 2147,2834 2192,2838 2237,2841 2283,2846 2328,2850 2373,2853 2418,2856 2464,2860 2509,2864 2554,2868 2599,2871 2645,2874"/>
                <TextEquiv>
                    <Unicode>under das datum de ao 1668 gerichtet</Unicode>
                </TextEquiv>
            </TextLine>
            <TextLine id="r5l29" custom="readingOrder {index:28;}">
                <Coords points="1742,2900 2002,2952 2079,2912 2284,2964 2467,2941 2518,2994 2590,2953 2656,2975 2665,2869 2439,2909 2089,2837 1965,2834 1896,2868 1749,2814"/>
                <Baseline points="1749,2882 1794,2885 1839,2889 1884,2892 1929,2897 1974,2900 2019,2904 2065,2908 2110,2911 2155,2915 2200,2919 2245,2923 2290,2927 2335,2931 2381,2935 2426,2937 2471,2940 2516,2943 2561,2947 2606,2949 2652,2951"/>
                <TextEquiv>
                    <Unicode>und ein erdichteter guttt von 22l suherten</Unicode>
                </TextEquiv>
            </TextLine>
            <TextLine id="r5l30" custom="readingOrder {index:29;}">
                <Coords points="1723,3012 1781,2973 1887,2974 1915,2999 2114,2988 2421,3035 2486,3014 2553,3045 2638,3028 2642,2980 2582,2956 2516,2997 2466,2940 2251,2977 2177,2922 2080,2912 2007,2953 1934,2917 1851,2940 1732,2894"/>
                <Baseline points="1733,2967 1778,2967 1823,2969 1868,2971 1913,2973 1958,2975 2003,2979 2048,2982 2093,2987 2138,2991 2183,2995 2228,2999 2273,3003 2318,3007 2363,3011 2408,3014 2453,3017 2498,3020 2543,3021 2588,3023 2633,3024"/>
                <TextEquiv>
                    <Unicode>zum underpfand darein gesert. Daß</Unicode>
                </TextEquiv>
            </TextLine>
            <TextLine id="r5l31" custom="readingOrder {index:30;}">
                <Coords points="2361,3066 2367,3068 2368,3067 2370,3070 2377,3065 2379,3065 2380,3067 2381,3066 2388,3067 2396,3030 2390,3029 2386,3026 2375,3033 2368,3032"/>
                <Baseline points="2370,3050 2385,3053"/>
                <TextEquiv>
                    <Unicode>7</Unicode>
                </TextEquiv>
            </TextLine>
            <TextLine id="r5l32" custom="readingOrder {index:31;}">
                <Coords points="1739,3053 1884,3087 1934,3058 2035,3115 2153,3067 2272,3097 2381,3079 2442,3138 2500,3103 2589,3155 2669,3111 2672,3068 2586,3032 2351,3069 2161,2999 2070,3018 1784,2972 1743,2994"/>
                <Baseline points="1746,3044 1791,3044 1837,3046 1883,3048 1929,3051 1975,3054 2021,3057 2067,3060 2113,3065 2159,3069 2205,3073 2250,3076 2296,3079 2342,3083 2388,3086 2434,3089 2480,3091 2526,3092 2572,3093 2618,3095 2664,3095"/>
                <TextEquiv>
                    <Unicode>Notarii und erschrifft und sandt zeüchen dann</Unicode>
                </TextEquiv>
            </TextLine>
            <TextLine id="r5l33" custom="readingOrder {index:32;}">
                <Coords points="1714,3125 1804,3116 1851,3157 2061,3139 2102,3175 2297,3157 2484,3200 2649,3194 2654,3119 2587,3162 2501,3105 2439,3136 2384,3080 2250,3140 2167,3068 2054,3122 1982,3079 1941,3107 1798,3065 1717,3085"/>
                <Baseline points="1722,3108 1768,3113 1814,3119 1860,3122 1906,3126 1952,3131 1998,3134 2044,3139 2090,3143 2136,3147 2182,3150 2228,3153 2274,3156 2320,3160 2366,3162 2412,3166 2458,3169 2504,3171 2550,3173 2596,3176 2643,3179"/>
                <TextEquiv>
                    <Unicode>au� eintm alten spruh biedf imitiert und</Unicode>
                </TextEquiv>
            </TextLine>
            <TextLine id="r5l34" custom="readingOrder {index:33;}">
                <Coords points="1719,3219 1762,3243 1781,3230 1797,3243 1821,3247 1850,3236 1869,3249 1906,3234 1938,3206 1969,3196 2001,3205 2003,3185 1958,3177 1916,3142 1887,3157 1846,3156 1809,3147 1788,3125 1749,3141 1726,3123"/>
                <Baseline points="1728,3185 1754,3186 1781,3187 1808,3188 1834,3189 1861,3192 1888,3193 1914,3195 1941,3197 1968,3200 1995,3203"/>
                <TextEquiv>
                    <Unicode>abgezeihin.</Unicode>
                </TextEquiv>
            </TextLine>
            <TextLine id="r5l35" custom="readingOrder {index:34;}">
                <Coords points="2078,3265 2187,3252 2215,3272 2324,3231 2380,3276 2446,3258 2537,3297 2597,3257 2632,3284 2686,3264 2690,3174 2647,3198 2570,3188 2524,3218 2437,3180 2324,3181 2298,3158 2260,3179 2199,3156 2082,3176"/>
                <Baseline points="2087,3216 2116,3218 2146,3221 2176,3222 2205,3224 2235,3225 2265,3225 2294,3227 2324,3228 2354,3229 2384,3230 2413,3231 2443,3233 2473,3234 2502,3235 2532,3236 2562,3239 2591,3241 2621,3242 2651,3245 2681,3248"/>
                <TextEquiv>
                    <Unicode>Er stahst aber habe auch selbsten</Unicode>
                </TextEquiv>
            </TextLine>
            <TextLine id="r5l36" custom="readingOrder {index:35;}">
                <Coords points="2404,3355 2419,3356 2430,3345 2448,3348 2469,3333 2495,3344 2490,3240 2481,3241 2472,3235 2442,3265 2424,3267 2417,3261 2412,3267 2400,3266"/>
                <Baseline points="2409,3330 2435,3328 2461,3326 2487,3327"/>
                <TextEquiv>
                    <Unicode></Unicode>
                </TextEquiv>
            </TextLine>
            <TextEquiv>
                <Unicode>diß siegel an din durch schlüffi abgeschriobenen
seink angehäikt und den laß gemachten
veil deß pendats winderumb mit einem daren
gemachten fader lind urch gezogen und mit dem
Mäßerli das wacht wiedermale lind we
nicht.
zuglich hatt die schluch
auch auß sein rahts geheiß eine faltsche überd,
haab vor dem darum vernamsteten glaubiger
ihme cediert worden wäre, geschrieben.
volglich habe er acht denselben für gut und
gultig an jungfrl Maria Magdalean
a Rubeli den 24t decembris 1720
verkaufft und das bare gelt darfür bekommen
wit welchem er die einei seiner geltschulden
gestillet.
Daatto e der schläßli auß seine röhts
heflich und angebeg einem anderen laltschen
vhergament men Gultberfs von 20000 lb
capitat geschrieben und solchen auf Ppefer
undler auff dem huchholterberg als haubt-
denne Josefr Baut lert seine warneng Hanns
unruht in des sochlächer suf und han
Rtogi an der Bernegg als mitgulten und Burd
gne ( welche prsonen er racht als seine rach
Bauren zum veill in seiner jugend gekennt hatte
samtlich aber albereit gestorben waren auch
under das datum de ao 1668 gerichtet
und ein erdichteter guttt von 22l suherten
zum underpfand darein gesert. Daß
7
Notarii und erschrifft und sandt zeüchen dann
au� eintm alten spruh biedf imitiert und
abgezeihin.
Er stahst aber habe auch selbsten
</Unicode>
            </TextEquiv>
        </TextRegion>
    </Page>
</PcGts>
