3024 4032
500 501 1476 698 lanhaus und erdergichen
618 634 1350 774 Vns Didict Morlolt
436 725 1469 892 A in Hrändischen keine dinsten sich befin
479 837 1431 989 daden Hats Rudolff Zechtarges
598 897 1467 1071 ehetribs von etwann 23 jahren alters
317 1147 1464 1300 2Das onre jungst verbühenen 20 augusti
447 1248 1463 1378 N2tt Morgind zwüschen 6 und 3 uhren ein
430 1335 1475 1476 Neüto gebohrnes knäblin allhier in des statt
442 1414 1484 1546 Einteb deren so genannten spycheren zud unter
446 1491 1468 1616 einem fücher verscharert gefunden worden und
436 1573 1432 1702 nachtoeres über die don rr gat geordnete
446 1638 1473 1789 gemauter Nachfarhung diesu aeßigen taht
448 1733 1424 1859 und gebotten juma gelts deme, so die
414 1794 1462 1936 Muter darzu eit debern werde ec. Bald an tag
449 1872 1486 2020 kommen, daß die Studilli Mlorlott diesers
424 1957 1484 2114 Kindlig Ers fruth zu wolt gebehren habt, sie
453 2033 1456 2160 auch deßer aug befragen nicht in abredstetzig
818 2091 1474 2233 Als habend hachgedacht ihr
445 2171 631 2254 können.
443 2187 1494 2355 Gal hhierauff dieser pferson alsobald zu
444 2271 1509 2422 gefangliches verbahrung in die ober gefenen
423 2355 1489 2523 schafft dieso genammet Rebeur, vatter samber
449 2424 1493 2580 in verhafft seznen laßen. Allloo auß deroelben
445 2486 1474 2695 beflch sie bider durch meiner hochgeehrten.
446 2578 1505 2742 eta Rehteheren waß als auß shyel
443 2661 1496 2826 Johnen mittel hierzu verordneten ween caam
424 2700 1519 2900 uatoren, wie auch mrohen  hir rahthauß,
425 2805 1483 2962 Ammang Johann Rudolff Tormann und wer
434 2857 1492 3066 Osmarls mir secretar i Jacob Frinderich Otten
435 2936 1499 3118 anstatt mrtohlun Graßweybels und gricht,
446 3040 1500 3238 schreiber s so beide vertrandtschafft, halb ab
403 3112 1474 3286 tretten müeßen) zu Wierd understindlichen
1212 3196 1391 3303 Mulig
2555 476 2655 596 149
1626 544 2640 709 Malng so wol gütlich als frnstwätig mit vor,
1644 625 2665 794 wisung deß scharken richters und diß danmel
1649 709 2643 881 lißet, auch betraubung, doach ohne würtlich
1650 789 2618 964 gebendung der marter auff waß wite sic
1658 873 2643 1029 nit ihrm anschuldigen kindlig umbgangen.
1654 972 2672 1110 und wie sie es umbs leben gebracht und werd
1647 1039 2637 1197 daßelben vatter seye etc. scharf examiniert
1650 1135 1872 1246 worden.
1980 1146 2673 1282 welche dann darüber nachfol,
1649 1216 2642 1389 gnde bekantnuß und uergiht abgestatte hal.
1889 1385 2302 1500 Caamen
1661 1473 2658 1627 So den 20ten augusti m72 4 durch vlebh
1650 1565 2684 1724 Hrr racht Hanß Kimenn Johen Ridoff zehemnen
1672 1658 2672 1788 und herren Ohmgeltned schreiber Jacob Fritderich
1660 1728 2172 1866 Olth verspuhet worden
1628 1864 2646 2039 Dt dorb allen dinger ist diser wibe frson.
1666 1989 2652 2120 ihr ga mrtohl n auf getragene befelch
1642 2056 2695 2167 vorgestellt und sie kräftig ermahnt worden die
1666 2138 2702 2268 wahrhaffte hergangenheit diesers ihres verbrachten
1677 2209 2696 2349 Großer fehlerd angeschricht an tag zuglegen und
1695 2284 2722 2418 also durch eine sunde bekanntnuß etc. Gott den
1683 2351 2664 2489 herren und knad und vergebung und für hohe
1674 2415 2587 2577 oberbeit zur barenhettigkeit zu belagen
1690 2516 2721 2709 befenge. Wie ung sie nemehrs mit Hand Reldls
1689 2636 2289 2756 zahender verheurahtet seye
1700 2703 2557 2857 Antwort Ley 3 aed 4 jahrne bans
1690 2792 2681 2952 B. wo ihr mann sich befinde und wieleng
1700 2897 2375 3011 er nun von ihre zuwegg seye
1712 2940 2722 3099 Bo. Es siehe in hall and schn dienstag, seit al
1706 3047 2632 3167 bre seit dem Mertz ey 1723 abwosrnd.
1694 3111 2724 3267 N. auß weß ursech derselbe hinbegg und ob ersie
1716 3211 2475 3339 mit ihrem consens verlaßßen habe
2516 3243 2604 3351 A.
