3024 4032
499 500 1134 649 Crimmal, Process
428 596 1387 744 die Mariaw Brumnr einer dienst¬
394 694 1270 832 mlagd gebürtig von Wyl erbldigen
332 848 1395 992 Ngril mann die sehre bekentliche Histori von
372 949 1398 1080 der zerstörung der ehermald großen und mächtigen
360 1022 1398 1135 statt deruralem und das während derselben belan
369 1090 1393 1217 igerung under dene belägerten einsohneren vorge
359 1168 1388 1295 loßen umbeschribliche elend und jammer das an-
363 1250 1403 1368 gerichtete erschrockenliche blutband  da auff allerhand
367 1302 1413 1447 Grausemme art dazumal wol bey Eyler mlaht hundert
373 1400 1383 1510 anßend menschen ihr leben eingebüeß) durchlesen
358 1466 1369 1584 tucht. So wan mann auch nicht ohne sonderliches
350 1546 1360 1639 schanen die vor etlichen tiranischen weiberen an
356 1605 1390 1722 ihren etzgenen kinderen damald verüebte würte
351 1672 1396 1792 wische mit aht vorbeygeheig, Da namlich etwelche
347 1738 1411 1857 umbefinnte mueteren, dennoch auß dem aller grösen
340 1809 1386 1925 Mangel und hungers, nocht einiche ihrer lüblichen kin
346 1868 1404 1980 dereig flendiglich umb ihr leben gebracht und rachterrts
335 1926 1437 2071 selbige zu vermeinter erhaltung ihrer eygenen labens
334 2022 1380 2142 zu ihrer rahrung angewendt und auffgehehrt haben.
333 2083 1345 2233 So nun dieser höchst betaubte begegnuß daren
341 2189 1372 2309 gedachten wlutteren, obschan darzu von Hunger undt
317 2252 1389 2374 vlangel getrieben für die allergroste ja unmenschliche
329 2325 1387 2431 unbarmhertzigkeit und untalt von allen vernünfftigen
315 2392 916 2490 manssen zugerechnet wirdt
958 2405 1383 2494 Wie viel mlehr deceg
317 2465 1360 2587 löwos und soll dann vord den heyren angen gotter
323 2531 1368 2662 und der gantzen ehrbaren welt für eine bey den wilden
315 2604 1339 2717 Raubsthieren nit bald gefundene grausankeit undt
316 2675 1375 2782 garuborltaht mit entsezlichem abscheüto angesehen und ges
310 2750 1360 2871 halten worden. Wann unders den Christan, die vlehrd
325 2813 1365 2945 als jenr erkanntnuß haben sollen, dererd murteren es
320 2897 1360 3016 abgäbt, die sich dergestalten von dem keydigen sarlen,
308 2971 1360 3084 keind verstriken laßen und war ohne einiche raht
335 3045 1375 3158 und armuht ih werd selbs eygene leibs frucht dermaßen
323 3111 1386 3226 vergeßanen, daß sie allerd hilffs Mlitteli zu dero conservatim
323 3179 1374 3267 allig muhtwillig sich entzeuchen, sa selbe mit bosem
332 3250 1277 3346 vorbedacht vertahrloaßen und deß lebens berauben
1074 3329 1304 3427 Wie dann
1441 2365 1547 2475 d
2455 510 2571 593 243.
1578 533 2609 660 Wie dann Abermaln zu einem cläglichen beisfihl einer
1600 610 2599 738 solchen abscheütelichen übeltaht und keyd vorgestellet
1600 658 2581 793 wiedr, durch diese vor unser allers angen grgewärtig
1594 725 2636 836 stehende flende weibe, Perston Namms Mario Ktann
1609 787 2608 918 einer dienst mand von Wyler oltigen gebürtig ihrer
1604 847 2307 966 alters von ohngefehr 19 jahren.
2393 870 2619 977 Dueser hat
1603 919 2612 1041 wegen underlaßßung deß eyferigen grbätts zu gott
1594 984 2645 1120 sich durch den sollischen ward geist dergestaltestagzun
1595 1049 2640 1175 und in seine strit von einer sund zur anderern ver
1598 1119 2626 1246 leyteren laßen, ja ihre eügene aeibtfrucht, auch zu
1578 1181 2318 1306 laht sich selbsten in dem todt gebracht.
1587 1273 2616 1418 In deme diesere maleficantin nicht allein ohngefehro in
1582 1355 2602 1483 Retst versleinrnem mey monat allhier in der statt
1600 1439 2615 1540 in ihrer diensts- wleysters hauß mit einem auch aldan
1599 1493 2619 1617 in arbeit gestandene schmidt lecht von Burlach vor
1585 1563 2627 1693 gment Johannes in mitncht sich vertrabet und schwängeren
1583 1622 1739 1707 lasset
1862 1623 2548 1754 Sondrn sie hat ihren schwangeren
1576 1676 2614 1805 zustandt  obschan sie solchen bald gewahret und beridts
1581 1774 2619 1892 umb verenen (tag ihre leibs frucht deütlich empfun,
1582 1841 2577 1949 den jan behörigen örten nicht angezeigt, ja im
1588 1904 2603 2026 gegent eil ihre schwangerschafft ( so ihra zu offeren
1578 1968 2612 2094 durch gedeut ihrem meysterd, deßen ehefrauwen und
1582 2030 2607 2162 andere ppersonen zugemuchtet und ernstlich vorgehalten
1576 2101 2584 2207 worden und erd allerhand uus fluchten fartnäctig
1585 2162 2582 2282 verlauanet, lediglich in dem boßhafften absehen, wae
1571 2224 2598 2364 Sie gestanden, umb ihrem Kindlin Abholffen zu könen
1581 2302 2636 2451 Anbey verjahrte sie, daß zur zeit ihrer gebärung
1583 2389 2605 2522 die Arbnets Schertzen bey sechs stunden lang an,
1577 2457 2546 2585 gehalten, deßßen ohnangesehen und obwolen die
1576 2528 2585 2656 Weyßerd frauto diesers an ihra vermeikt undt zu
1579 2612 2573 2727 ihre gesprochen, Meydtlin du gehst nit mit techten
1570 2677 2575 2794 sachen umb die jast kndelachet, habe sie solches
1581 2747 2574 2854 Abermalen und vrd einem anderern vorwand verlaugnet
1576 2815 2560 2918 habe sich alsobald widerumb in ihr bott begeben und
1575 2862 2594 2992 daselbsten ohnlang hernach das kindt zur Weltgetahn.
1571 2929 2593 3067 Alldieil zwey von ihrer Meysters tochterlin das einte
1575 3002 2572 3139 von 1, das andere von 6 jahren alters in gleichem
1575 3078 2593 3173 ortt gelegen, dennach hat sie denen kinderen von ihrem
1555 3131 2554 3273 zustandt nichts gemeldet nach sie ersucht ihre etwann.
2342 3189 2595 3291 haff zuschaffen.
