3024 4032
296 362 1373 650 Mehr, sondern selbiger uud zeit, da sie an dem hu
308 466 1130 678 angen der muter hinderlaßßen.
298 552 1345 792 e. worumb sie doch hieter die fesches sich bige
299 652 1337 918 ben und sich nit etwann anderbärtig anderwertig
314 740 729 869 angemoldt habe.
307 798 1372 1057 . Sie habe sich niergendttoo anzumelden wren
311 923 1363 1114 habe auch sich geschamt in diesem zustand auff hallen
313 1010 1346 1209 Gasßen zu Bleber, habe sich also in des angstund
307 1120 1352 1261 Großen schmerzen, mit denen sie überfallen ward
318 1179 650 1317 dahin begeben.
297 1298 1393 1467 e. Wie lang sie daselbst gelarsen, biß daß sie gnesen
295 1383 1356 1543 et. Ed habe in die fruhr, ledig geleutet, dasie
318 1486 1349 1611 deß kidtr widerkommen, un während des beuhe,
326 1557 1324 1701 predig damg stehe sie in das geluter haußgangen
304 1657 1345 1788 een. ob sie die sabelschund nit mit einem uleßer
313 1740 998 1877 des scherr abgescheitten habe.
287 1819 1339 1963 B ling, Sie habe weder das einter noch andere
310 1911 1315 2033 bey sich und nit eanal eien sack in ihrem rock
314 1969 1353 2105 gehabt, sonder die Nabelschund seye vonselbsten durch
315 2031 1374 2174 den fahl deß lundr fülrtorg gebrachen, dann sie auch
315 2122 932 2286 Hirzu seine handangelagt.
288 2210 1377 2368 D: auff waß weiste solches zugangen. Diserr soge
316 2294 1369 2459 unnnngliche, daß das Nabel band an dem ogt, da
298 2360 1361 2536 solches abgebunden gewrsem, von selbsten entzwag
274 2417 1362 2605 Reißen können, dann solches von allzu zeb und
300 2479 1391 2673 dicker Wlaterin sey, nach ans weisung alles votto
300 2614 823 2759 und schäreren anßaag.
285 2634 1372 2850 H lann wander obserdirt haben, daß das lindlig
304 2737 1349 2929 mit einem gar großen kopfe versehnn gewesen, so
285 2779 1352 2994 daß solches an die wolt zu bringen große roth und
302 2863 1365 3077 arbeit erforderte, inmaßen sie zu dem endalle ihre
282 2952 1375 3167 kraffteg anwenden mürßet und also sich halt anfeacht
290 3013 1355 3244 an dem spfycher hinter ausferzte und mit allen
290 3075 1359 3345 gewalt arbeit ete, biß daß endtlich des lindt gleich
1092 3183 1225 3282 einem
2440 411 2540 533 183.
1546 504 2568 657 einem bramen mit weieb von ihre auf den boden ge-
1533 591 2525 751 schißen, von selchem fahl das Nabel land Entzlari
1536 693 2499 823 ißen Eing alen habe sie solches nit kaß gemacht.
1534 767 2516 916 B. Wi wit die sabelschuub von der kindt Letlin
1548 856 1947 988 abgebunden gewsen.
1517 930 2144 1078 h. Elbann eines fingers Lang.
1527 1019 2567 1165 ab. Wie lang sie das kindt also auff dem boden habe
1531 1110 2551 1236 kirgen laßen ehrebevor sie ihne raht geschaffet, oder
1537 1178 1962 1313 solches tuhe wollte.
1517 1269 2570 1426 Als das kinds geborrenn, so habe sice weren des roht
1533 1336 2584 1470 und schmerzen, so sie alsobald nach einnander der sach
1535 1404 2563 1538 erburt halb schiek mit größeres hefftigkeit als das
1541 1470 2560 1587 Rindt selbsten angestoßßen, nicht auff das kindtlin
1532 1550 2592 1698 scheig können, biß daß dieselbe auch von ihra außgang
2520 1606 2558 1651 6
1556 1593 2646 1736 woosen, da sie dann daßßelbe alsobald aufegenommen ind
1548 1683 2295 1810 kein lebent zeichen an ihme gespührt.
1536 1762 2598 1879 e ob sie währind und alsobald nach der Grinst alleit
1546 1849 2450 1976 bey sinen und beher verstand geblieben sege
1538 1914 2575 2059 No. Sie habe alle ihre leibs krafften auff gebndet
1548 1991 2587 2134 das große kinds zur welt zutuhn, so daß sie dere
1551 2088 2580 2218 bey der nachgeburt wenng mehr übrig hatte und sehr
1560 2157 2590 2266 abgemattet und nit im stand wart dem kindttaht
1550 2221 2632 2357 zuführen, glaßen, ab sich in dieses ztouschen, zeit wol hat
1542 2305 2605 2428 verblutten und sterben können. Allein sie habe weder
1552 2371 2542 2486 zeichen deß arbent von ihme gehort nach gesührt.
1553 2457 2599 2565 e. ob sie dann ewaß von Lenwandt oder sonsten
1552 2533 2628 2656 by sich gehabt das kindt zu rahtsammen und ob sie fa
1554 2610 2610 2736 iden gehabt, das Nabel band darmit zuzuschnneren,
1544 2686 2472 2810 Wann sie imstand gelosen, wäre solches zurihen.
1563 2741 2639 2903 H. stein, Sie habe nichts dergleihen buysich gehabt, demn
1565 2843 2439 2957 sit wie gemellt, unerbartet über fallen worden
1569 2904 2644 3069 repiciert. Sie habe ja ihres Mluter wing zeit
1569 2999 2643 3143 zuvor ein lußpelig und einzwechlig genommen, wazu sie
1563 3081 1952 3207 sich deßen bedient,
1571 3169 2631 3296 do se die habe d lind ts darblittlig und dn ziechlin
2383 3263 2576 3356 genommen
