3024 4032
398 443 1456 692 Hur Rahlser Wiß al vnd to larnn
403 582 1400 734 tor, wie auch velrohlen  herr Ammann Chermann
419 652 1444 810 und jeltohl sh alturd secoetarius ott sichis
406 695 1411 877 Endstehendem dato abermalne in die oberge
404 794 1459 957 pfangenschafft verfüegt und die anbefohlene qucoti
412 883 1447 1022 soncd warumb sie in denen vormaligen ammibus
430 931 1431 1107 mit variationen umbgegangen, ob sie sich der
423 1032 1419 1151 gausss allein geweßen. Mit vorstellung daß
408 1095 1439 1241 Laut der Medicorn Außaag, das Kinds vbeid¬
424 1200 1448 1314 zur welt gebahren. Anweg über die mehrere
430 1253 1467 1400 Ambstandt des mit davd Müller dem Cudivo
423 1340 1484 1491 gehaltenen fleischlichen aemeinschafft src anfanslich
410 1418 1448 1552 freund ernstlich, nachtertt abes mit zeigung deß
415 1495 1431 1640 Scharkf sachters und des dannel eser undert
425 1572 1446 1704 beterlibung der marter an gedachte Rudith
409 1647 1428 1770 Marlott volgender gestalten getrüns undt
408 1728 1199 1851 nachbeschriebents locamen verführt.
412 1841 1501 1972 befragt. So habe Latsmalng bekennt, das sie vol
438 1933 1483 2040 glnst schwangeren leibs zusehen und die bekegung
432 1998 1447 2108 deß kinderts in ihrem leib empfunden zu haben
436 2069 873 2168 Ob is deme also see.
427 2138 772 2275 Antwort: Ja
426 2185 1470 2362 D. obsie dar kindt biß auff die zit ihres geinss
442 2275 1463 2431 oder wann sie ey das lelste mahl zuvor gescführt
451 2417 573 2491 habe.
426 2420 1446 2583 . Sie habe etwas zeits uod dard uiderbucft
445 2494 1463 2662 das kndt nit mahr gespührt, daher sier in zwrifel
436 2571 1437 2745 gerahten, daß die zet nach nicht sollendes seyt.
434 2642 1508 2804 Sie koune aber so ergentlich nicht saggen zu werlches zit
443 2725 1221 2849 wie er das letste mahl empfunden
420 2794 1512 2959 Den 16. sit darkindt seit eingenam nes purgation
449 2911 882 3050 auch gefiht hae.
422 2942 1498 3133 et. Sie komne es so eygentlich nicht sagen, sie habe
453 3003 1498 3180 es in so weit nicht berbachtet, Einmalen habe sie
447 3057 1521 3258 ettaas zeits vor ihreo kiderkunfft deßßen nicht ge
1085 3179 1392 3322 Pa Warumb
438 3220 631 3315 wahret.
2509 471 2622 570 165
1612 556 2605 707 e. warumb sie so vränderlich seye in ihro bekanntnuß
1606 648 2608 764 sie habe by dem ersten caamine vorgeben, daß sie
1643 702 2636 836 Jas kinders ader einiche betregung von demselben während
1631 785 2606 892 ihrer schwangerschafft nicht gesfehrt und dahro und
1634 853 2619 956 Weilern schor zuword ihre zeiten zur nit geblieben, sie
1649 907 2656 1027 an der schwängerschafft hefftig gezoinfkelt. Klun aber
1654 980 2632 1099 und auch letstmahnn gestuhnde so das kindt gebehr,
1643 1049 2590 1160 einalen gesfehrt und also wol getaufst zu haben.
1645 1118 2511 1230 daß sie mit einem kindt schwanger gehe
1640 1204 2617 1317 e. harauf konnte sie anders nichts antborteing
1658 1274 2651 1409 als daß sie gantz unbesint und zeschlagen und tin
1667 1343 2193 1445 Grosbed betruebnuß seye
1650 1408 2674 1531 d. ob sie nit breits in ihrm los ament in deß but
1656 1496 2493 1620 lind hauß gebührts, Schnezen gehabt?
1658 1566 2670 1682 N. Ja. Sie habe dahim etwas weiigs gebührt,
1675 1634 2661 1766 undervegt im statt hinanf gehen habind sich die
1650 1696 2664 1835 wehr vermehret, und da sie vod des hrl Huberin
1670 1764 2666 1891 hauß kommen, steyen die schmerzere sie enstzlich stark
1675 1851 1852 1936 ankommen
1671 1885 2675 2009 e. Worumb sie dann bey also undervogt zuge
1659 1972 2694 2075 enommene schmerzen nicht geraden, wege die gebetten
1660 2034 2658 2156 Matt Gaßen hinauff gangen, sondern den umbtorg
1692 2102 2516 2215 hinder den spycheren sind noch genommen.
1677 2164 2698 2302 Sie habe diesem weg gewohnt gehabt und sich deßen
1684 2247 2707 2374 Allezis bedient, wegen frl schmaltz ihre ehemaind
1649 2321 2715 2429 sante, die da an der Golattenmattgaßen wohnhafft
1709 2383 2439 2484 und sie über die maßen angefeindet
1684 2442 2691 2577 e. warumb sie nicht bey der frn Huberin Haus
1717 2527 2607 2639 dder anderwärtig dort herumb angeklopft.
1696 2600 2705 2728 S. Weilen herren Huberin ihra aussezig ware
1720 2676 2685 2785 habe sie nicht antelopfen dorffen. Sie habe ohne
1721 2728 2731 2848 deme wann sit ihre muter besuchte, alleseit getrachn
1700 2796 2702 2907 itet hinin zuschleichen, damit sie nicht von gedachter
2289 2864 2719 2951 Anderwart ig habe
1705 2870 2290 2990 her Hubericn gefelen wurde.
1714 2924 2699 3039 sie sich auch nicht anmelden darfen, da sie keine
1721 2999 2087 3107 Shannschaft hatte
1697 3050 2694 3196 e. war die ursach seye, daß sr huberig ihre
1729 3120 2725 3271 auffsetzig ware, ob sie nicht allezet ihre ihro
2460 3179 2708 3272 unordentliches
