3024 4032
456 478 1468 688 Er kein wort witers angezeigt, als waß sihmn
444 603 1477 773 utar bey der onopection vog denen herren
453 685 1478 841 divit atoren angemeiket worden. Ist also
444 788 1418 932 das waß ihro gul zu Ulhreren bekicht.
447 876 1485 1027 refepiert werden sollen. Atte den 26 augst
450 953 741 1072 n 1124.
796 1046 1098 1151 Und erschrieben
394 1097 971 1275 Daß diß also einhällig
980 1144 1410 1275 beschlaßßen worden.
574 1215 761 1335 Bscheit
1045 1242 1326 1397 ant bes
1069 1343 1399 1445 Instulschreiber.
1011 1332 1056 1425 1
388 1381 945 1532 Abricht Benoit D:
1034 1403 1432 1574 sam Hg
430 1493 886 1606 et pr: t. Ordinar.
1085 1553 1431 1727 Sra .
419 1566 984 1714 Emanul Gruber G:
418 1657 938 1808 Nicotauo Bernies
1041 1684 1478 1837 Ich sicz sug
481 1748 751 1883 Ohppung.
1233 1811 1283 1866 sr
778 1822 1477 1978 Janchim Lorenz Huberlin optr.
390 1952 503 2090 A
412 2002 1457 2167 dreytags den 15 septembris m24. Ist
412 2099 1464 2243 vorbeschärbene der Auodel Marlott vergicht
422 2184 1477 2305 und brkannt nuß s wol als die dorh mit ihro ghal,
400 2260 1423 2385 Itene enamma vor meinen gnädiger herren
414 2333 1512 2453 und Oberin raht und Burgereen alt bey eyden erzun
417 2407 1434 2517 capresses verstammet Kblesend angehört und
409 2458 1450 2621 Darüber nachvolgendes zuul an velegelich die
403 2555 1233 2703 rächt erkennt und abgelaßen worden.
390 2663 1138 2827 zu ub an meyhen un die raht.
398 2743 1468 2917 Weilen megh und oberen sr und 6 geine
407 2813 1444 2956 mit das in des obereg gefangenschafft in vethafft
392 2889 1455 3076 Nit anderen zud ith Marlatt verführte heüt igen
390 2951 1489 3150 tags Stluen vorgetragene und verlesene eaamina
408 3033 1483 3197 nicht und vollständig und abroligiert befunden,
403 3110 1477 3291 Als haben hochgedacht ihro gul mit zurmbstendung
393 3154 1489 3360 vor ermellter vergicht eüch wugherre  aufftragen
1230 3255 1470 3363 und zugleich
2564 506 2665 606 147
1666 552 2698 746 und zugleich überlaßßen wollen, das Vermer Cocamun
1660 667 2668 832 so volig ansehen der manier als das an stie zu
1672 741 2645 907 Somterg habender fragstunben angehulte maßen
1671 824 2684 983 nach eheschehtge tlahturfft zu veranstalten, wie
1678 906 2658 1051 aller diß slehreern Euch mughlig auß den mit
1664 986 2676 1145 lauffig angebrachten münungen, so wel als
1663 1070 2707 1216 Nlahnthl den verordneten wammataren lfent
1665 1147 2691 1285 bekannt. und folglichen wann alles absotint
1679 1231 2675 1371 Maghi und Obere s und b zu seines zeit
1651 1321 2435 1446 winder vorzubringen. Ace obstat
1969 1438 2564 1597 Danil Parckurs.
1648 1552 2685 1675 Mitwächers den 7.ten decembris 1214 ist das nit
1670 1650 2722 1763 dem von Stuttgart ler Grfaugl ich ein gehalten Auge¬
1663 1723 2729 1843 Daniel Pamkaut im 1rn oebris frsthin verichtetend
1681 1785 2697 1918 in dem kleineren urn buch fol sott bescheiben
1663 1859 2730 1980 ocamin vor jebngh und 16 l u b byfyden hrrn
1682 1922 2712 2042 versommelrt ablesend angehört und darüberhin erkennt worden
1680 1985 2307 2115 zedul an elichen n die ruchte
1675 2053 2748 2185 Aber das mit dem drben in vorhaft sich einden Grarer
1660 2129 2733 2268 Damiel Pamkaub den 18.ten ovebris ersthin verführte
1683 2207 2764 2345 heütigen tag Meghl und Oberen sl ud br vorgetragend
1683 2275 2735 2409 Caamin habend dieselbigen befunden und erkennt.
1667 2341 2752 2465 Weilen in des von ihme sfanckaub erst seilher schrifft,
1676 2410 2729 2547 rlich eingegebenen so genanten Legttimation vord
1667 2480 2741 2618 schindene bederantlichkeiten sonderlich deß abtrittens
1671 2543 2775 2668 halb beobachtet, dieser seine vermente duotification
1684 2617 2775 2754 aber vor Mlaghli dem rählen zu dero erfordere reler,
1665 2681 2771 2785 stion anach nicht vrodmiert worden. Gls habend dero
1684 2757 2728 2878 gen sochgedacht ihr gat diß gschaft zurmt zu
1684 2815 2751 2935 linsen antfundlin, elit freundt, gesinnen an sie
1678 2877 2748 3002 shaflen) anzogene sustificat ion reftlich zu über
1679 2954 2778 3072 legen, darüber waß dißfahls verners zu buhn seyn wolle
1692 3014 2785 3122 füto ed gutachten abzufasßen und folglich alles vlugcht
1701 3078 2767 3194 und ob r v b zu Verneens dero erkanntnuß winderum
1702 3137 2484 3258 vorzubringen Att foram 200
