3024 4032
374 549 1407 686 Ohngefehr umb 6 uhren von ihrer mleyster frauben
401 641 1401 760 in ihre stuben hmunter beruken worden, sie die er
389 715 1390 836 einen starcker pitteren an ihra beobachtet und daherb zu
362 786 1398 915 ihre gesprochen habe, geludtlin, du gehst nit mit
376 864 1411 984 techten sahe umd du iast kindsrlacht. Sie die
377 939 1389 1063 Detin quentin aber habe solches verlaugnet und vorgen
364 1010 1430 1135 gschuzt, es habe sih sonstan ain hefftiger frost angestoßen.
369 1086 1389 1209 Sage darauffhin wiederumb hinand im die Cammerd gang
363 1166 1393 1287 und habe sich in das bott begeben, alleo sie bald uar kind
369 1243 1398 1379 uud wolt gebohren und ohnerachtet Mog von desß selste
346 1324 1401 1428 Stauffers töchterlin, das einte vom 10 das andere
352 1393 1380 1513 von etwann 5 jahren alters in gleichem bettrlagen
348 1471 1399 1604 so habe sie wedard denen kinderen von ihrem damaligen
330 1531 1390 1667 zustandt vleldung getahn, nach sie er sucht ihme etwann
339 1612 1407 1741 halß zu schaffen, nach habe sie dar frauten, die on dem
318 1680 1365 1821 nach gar keichtlich hätte erhören können, umb bißand
335 1756 1365 1891 und hiff nicht zugeruffen, sonderen seye ihres kinds
330 1841 1371 1952 kiederkommen, ohne daß gedachte beide kinder solcher
321 1894 1359 2021 gewahret. Dieser alles habe sie hinderhalten, damit sie
328 1973 807 2070 ihrem kind abhelfen könne.
321 2008 1382 2143 5. Ward sie auch nach ewelchen variat wonin bekantlich
309 2078 1393 2211 daß alt das Kinderlin samt der nlachgeburt nach timan,
295 2154 1398 2291 deren von ihro außgegangen, sie eine ohnmacht ange-
308 2230 1393 2354 gkommen seye, mlaßen sie eine zeit lang stiml aaß ge-
294 2294 1399 2442 legen. Da sie aberd sich wirderumb erhohlet hatte
301 2362 1382 2500 befande, sie daß das kinderssamt der nachgebürt im
301 2436 1372 2573 Bott wart. Sie habe darauf das kindt, welches
309 2504 1381 2638 wie es sie bedunkte, ja wie sie selbsten gesführt oder
300 2569 1387 2729 gesehen, annach einen henig respirierte und den athem ge
310 2650 1370 2793 zogen auff sich gelegt und auff die brust genommen und
303 2724 1366 2874 dermaßen an sich getruckt und also das kindt dardurh
316 2792 1365 2943 abzuschaffen und auß dem mittel zu Laumen gesunht.
297 2871 1369 3033 Nach daßen sege sie auf gestander, habe sich hauwtard
313 2963 1383 3083 begeben und in den Ofen gefrutoret, das kindt aber alle
310 3034 1382 3165 zit in dem bott liegen laßen, biß sie wndrerumb
310 3115 1349 3242 hmauf kommen, auch erst dazumalen die Nabelschnurd
992 3191 1331 3291 mit dem Mesßer
2442 532 2562 624 247
1593 549 2628 763 mit dem wleßßer ab hinnanderen geschnitten und folg
1593 670 2630 830 lich das Lndlig hinder das haubt Küßi, die nlachgebüt
1595 740 1989 863 dann berseits gelegt.
2162 761 2633 890 Nach diesem seir siekinder
1580 815 2619 984 malng hinab ganari, da dann die vleystend frauw einiche
1584 885 2594 1005 Zeichen enerd Rudsbottherin auff dem Bedig gesehen und
1581 949 2612 1097 Die alsobald eine kinds, lnderkanfft beschuldiget und
1590 1030 2609 1174 nicht nlachglaßen, biß es ihro das kindlin gezeigt
1582 1099 1684 1204 hatte
1586 1194 2637 1334 Redennach wollte sie nit geständig seyn, daß sie von dem
1591 1272 2591 1412 kindt bey seiner geburt einiche stümm gehört, nach
1577 1354 2614 1496 dazum alen eygentlich geglaubt, daß kinder es noch zuzeit
1582 1432 2573 1562 zugenesten, sondern habe die schmerzen und btegungen
1579 1488 2603 1622 deme beigemeßer, daß sie aus tag Vorherd .  den
1573 1569 2620 1683 schultstein, zuberd auff dem kopff tragend in dem
1576 1638 2615 1750 Gäßli gegen der roßss hweine gehend übel zu boden
1586 1707 1852 1810 gefallen seye.
1559 1785 2622 1943 Diß ist also dasjenige, waß obanzogene delinquentis
1587 1879 2581 1990 in denen mit ihra güetlich und ernstwortig mit
1558 1945 2589 2058 Anbendung derslarter verrichteten Graminibus
1564 2007 2087 2129 bekennt und verährt hat
1549 2076 1944 2214 Adte obstat.
