3024 4032
322 548 1301 688 Mahlen warter mit ruchten geschmizet und folge,
327 637 1326 781 lich zu fleißiger arbeit scharfs angehalten werden
331 758 443 830 solle.
311 784 1328 924 Das Wadle graber dann solle durch der scharel
333 860 1296 1002 Richter an gewohnten orten auch mit ruchten
324 929 1313 1081 gestruchen und fur seine übrige lebens,zeit
333 1011 1305 1169 mit dem eids von ulrd ort statt undt
320 1093 1335 1229 Landen verliesen und von dim thurmaybben
337 1163 1299 1324 auff die granzeg geführt worden. Acte
810 1260 874 1326 le
336 1256 1229 1395 Coram 200. d d 3. Aprilio 1725
338 1365 1341 1520 dul am 1en  gro� wüßere und gricht
337 1432 1354 1599 schreiber. Sie daßß en zu benachrichteng und dahin
342 1507 1362 1669 anzusimen, darif sie das Aneli Arrh nichto
336 1592 1341 1734 daß großen spittahls Divectorii übergeben
342 1653 1335 1792 und dem Madlr graben obige wird er ihn
354 1729 1339 1901 ergangene urteill raffnen und vollheihen
338 1834 684 1961 laßen tuhind.
333 1900 1365 2099 zdil an 1lecthn deß greßen spfittahls
343 2001 1336 2146 Directorii. Sie dar Uteill wieder Anrli
341 2081 1349 2212 kirch dahin zu verständigen und anzustanren, umb
344 2141 1362 2277 daß albr auc überbrinchen in die spinst überg
356 2234 1365 2365 empfahren und obige urteill an ihme exequieren
361 2310 932 2460 zlasn ait obstat.
