3024 4032
404 483 1405 648 unbrdentliches lebeesten verteißlich vorgehalten
403 584 1446 725 und zugemuchtet habe, daß sie schwangeren li
395 647 544 738 se
385 744 592 824 . Ja.
388 791 1436 944 z. Ob nicht nach tagd vor ihre grinsst am sam,
385 870 1436 1003 Istag sie annach an der golattenmatt gasen ge
406 946 593 1038 tas
385 1001 1440 1163 H. Ja. Sie habe p jelstu Safeconio des pro¬
397 1086 1157 1219 haen schwäister keeten gekaufft.
387 1184 1448 1314 et. Ob nicht auch damals dieselbe Preson ihre vr-
400 1248 1422 1386 gehalten, daß sie schwangeren leibssteye und
391 1318 1073 1439 zusehen solle, waß sie mache.
404 1415 1422 1542 S Ja. Sie habe verdeutet, sie glaube, daß sie
391 1487 1418 1611 schwanger stege, in deme sie einen so großen
416 1559 1438 1688 bauch, habe. Sie aber habe hierauf grent-
381 1634 1405 1753 wortet, kleyn, sie sege nit schwanger, sie seye
394 1696 956 1807 sonsten so debeg leibt.
399 1740 1467 1879 Pepliciert. Auß allen diesen umbständen, da
399 1839 1437 1971 sie getust und verstichert gebosen schwanger zu
404 1903 1466 2036 geleg, dan sie selbiges hingeuß zud ermanniglichge,
403 1978 1440 2107 glaugnet, da sie die gebürts schnarzen weigs in
411 2031 1478 2160 ihrem dosament empfunden, sie sich wides daselb
402 2103 1473 2248 sten nach undertags da die wehr zugenommen,
430 2167 1452 2299 noch auch bey ihro mluter hauß und sonsten niero,
397 2264 1429 2390 sgends angemeldet und hulf gestucht, so erheine
413 2320 1461 2450 Warlich daß sie einem bösen vorsich gehabt, daß
413 2412 907 2540 kndt kaß zu werden.
385 2474 1496 2633 R nine Sie habe diß orts einiches böser vorhaben
423 2563 1405 2730 nicht gehabt und seye ihre namelt in seinen
413 2623 1492 2781 kommeer ihrer leibsfrucht abzuhelffen, Sie habe
430 2694 1447 2863 nicht vermrint, daß ihre zub alberet ankommen
423 2754 1462 2936 sehe, sonderen geglaubt annoch frühe gang zu seyn
424 2888 977 3028 die sach zu offt enbaren.
407 2902 1475 3102 e. worumb sie dann an ein solches abdet hinder
435 3048 1066 3176 die spyscler sich begeben habe.
415 3045 1533 3272 . Die annst und schmerzer habind sie dergestaln
428 3150 1524 3348 n und so fürsezlich vor des herren heubering hauß über,
421 3226 1516 3427 enommen, daß sie ohn sine und verstand wie ei
1261 3292 1453 3402 vebiret
2514 473 2627 600 167.
1607 554 2541 682 verbieet und stinlorster Mlensch dorthin geloßen.
1617 639 2471 760 e. Umb welche aho vie seye dahin kommen
1610 708 2548 843 N. Sie halte darfür ein wring der 5 uhren.
1610 787 2635 922 a. Wie langes hergangen, biß sie das kindt zur
1623 863 2046 974 wels gebracht hatte.
1637 930 2662 1038 . sie eracte ewann eine stagke vntelstundt.
1630 1015 2645 1140 Do. Ob sie das kindt alsobald nach seines gebuhrt
1648 1092 2654 1207 auffgenommen und wie lang sie es habe auff dem
1645 1155 2075 1261 bedern kiegen laßen
1621 1233 2683 1366 e. Sie habe das kindtlin erst auf genommen, nach
1637 1302 2675 1431 deme die nachgeburt von ihro außgegangen gewosen,
1649 1367 2680 1468 so auch etwann eine viertel stundt angespanden, dann
1643 1443 2682 1559 zuord hatte seig nicht kommen, in dem sie schied ein
1666 1507 2674 1631 Größerr naht mit der blachgebürt als mit dem kind
1660 1571 2637 1697 erlitten und allzeit hinder sinnands gefrangt
1655 1644 2640 1771 worden, waßen sie so abgemattet gewrsen, daß sie
1642 1719 2506 1841 geglaubt selbsten ihr aeben einzubüeßen
1652 1798 2668 1925 repliciert. Sie Warwer diß malen widerumb,
1670 1874 2652 1997 dann sie letstmalen dentlich vorgebene, als wann
1668 1927 2676 2065 Sie das kindt vord auß gegangened nachgeburt
1681 2022 2233 2139 alsobald aufgenommen habe
1660 2087 2711 2227 g. Sie wart nit im standt und vermögen gebt,
1675 2182 2620 2269 sag zu vod das kinds auffzunemen, dann die
1656 2240 2701 2360 nachgeburt ihra eben, so viel jaschies mehr zu
1671 2292 2314 2416 schaffen geben als das kinders
1672 2379 2698 2518 hr repliciert. Weilen sie in ihre bekanntnuß
1668 2464 2700 2581 so veränderlich und bald diß bald jener vergebe
1678 2528 2716 2652 so seye nit zuglauben, daß sie die wahrlich bekennt
1692 2593 2682 2714 habe, auff waß wrihe sie mit dem rindt umbge
1681 2659 2733 2784 mangen seye und also nicht zuzweiffeln, daß sie nicht
1708 2734 2728 2868 vorsezlich entweders solches abertahre und umb der
1693 2806 2757 2917 Aeber gebracht oder verwahrtboset habe und werder
1701 2888 1957 2979 ebere laßßen.
1683 2904 2737 3088 Go Nine, Sie habe hirzu einehe bese intention
1713 3014 2723 3145 nicht gehabt, auch einichen gewalt gegren dem uindt
1713 3064 2773 3237 nicht geuebt, Sie halte aber jed ennach wol darfugen
2461 3174 2618 3264 daß sie
