<?xml version="1.0" encoding="UTF-8" standalone="yes"?>
<PcGts xmlns="http://schema.primaresearch.org/PAGE/gts/pagecontent/2013-07-15" xmlns:xsi="http://www.w3.org/2001/XMLSchema-instance" xsi:schemaLocation="http://schema.primaresearch.org/PAGE/gts/pagecontent/2013-07-15 http://schema.primaresearch.org/PAGE/gts/pagecontent/2013-07-15/pagecontent.xsd">
    <Metadata>
        <Creator>prov=University of Rostock/Institute of Mathematics/CITlab|PLANET AI GmbH/Gundram Leifert/gundram.leifert@planet-ai.de:name=German_Kurrent_XVI-XVIII_M1(htr_id=19584)::::v=2.6.7
prov=University of Rostock/Institute of Mathematics/CITlab|PLANET AI GmbH/Tobias Gruening/tobias.gruening@planet-ai.de:name=de.uros.citlab.module.baseline2polygon.B2PSeamMultiOriented:v=2.6.7
prov=University of Rostock/Institute of Mathematics/CITlab|PLANET AI GmbH/Tobias Gruening/tobias.gruening@planet-ai.de:name=/net_tf/LA73_249_0mod360.pb:de.uros.citlab.segmentation.CITlab_LA_ML:v=2.6.7
Transkribus</Creator>
        <Created>2021-03-11T14:15:01.059+01:00</Created>
        <LastChange>2023-06-19T13:53:18.335+02:00</LastChange>
        <TranskribusMetadata docId="1334844" pageId="52362022" pageNr="9" tsid="127252058" status="IN_PROGRESS" userId="68497" imgUrl="https://files.transkribus.eu/Get?id=EULOGBXZZUOUTOKPVRZWBFZH&amp;fileType=view" xmlUrl="https://files.transkribus.eu/Get?id=LLJWEOTRIHWOUZCFZTCTNPKM" imageId="19038921"/>
    </Metadata>
    <Page imageFilename="IMG_9007.jpg" imageWidth="3024" imageHeight="4032">
        <ReadingOrder>
            <OrderedGroup id="ro_1687513661006" caption="Regions reading order">
                <RegionRefIndexed index="0" regionRef="r2"/>
            </OrderedGroup>
        </ReadingOrder>
        <TextRegion orientation="0.0" type="paragraph" id="r2" custom="readingOrder {index:0;} structure {type:paragraph;}">
            <Coords points="345,504 345,1877 1439,1877 1439,504"/>
            <TextLine id="r2l1" custom="readingOrder {index:0;} person {offset:3; length:9;}">
                <Coords points="404,543 766,609 825,580 926,628 1200,658 1338,728 1444,705 1456,622 1124,568 1085,532 963,559 873,491 764,516 538,472 410,502"/>
                <Baseline points="411,542 462,546 513,552 565,558 616,564 668,569 719,575 770,580 822,587 873,593 925,599 976,606 1027,614 1079,623 1130,631 1182,640 1233,650 1284,660 1336,671 1387,684 1439,696"/>
                <TextEquiv>
                    <Unicode>su wolverdin es streaff und männiglich zum</Unicode>
                </TextEquiv>
            </TextLine>
            <TextLine id="r2l2" custom="readingOrder {index:1;}">
                <Coords points="415,634 545,675 618,650 708,722 817,672 887,740 966,692 1018,754 1250,729 1342,778 1439,778 1446,727 1408,710 1331,732 1184,662 1049,670 831,583 705,626 600,567 427,547"/>
                <Baseline points="423,623 473,629 524,636 574,642 625,647 675,652 726,658 776,665 827,670 877,677 928,682 978,689 1029,695 1079,703 1130,711 1180,719 1231,728 1281,738 1332,749 1382,761 1433,773"/>
                <TextEquiv>
                    <Unicode>enempret nechst empfehlung seiner seelen in die</Unicode>
                </TextEquiv>
            </TextLine>
            <TextLine id="r2l3" custom="readingOrder {index:2;}">
                <Coords points="400,713 904,765 1045,828 1398,839 1404,794 1317,758 1018,754 963,692 890,738 816,674 697,725 606,651 553,681 409,647"/>
                <Baseline points="408,702 457,709 506,717 555,723 604,729 654,736 703,742 752,747 801,753 850,759 900,765 949,771 998,777 1047,782 1096,789 1146,795 1195,801 1244,808 1293,816 1342,824 1392,833"/>
                <TextEquiv>
                    <Unicode>erbärenden gottes, der ihme umb deß</Unicode>
                </TextEquiv>
            </TextLine>
            <TextLine id="r2l4" custom="readingOrder {index:3;}">
                <Coords points="419,830 800,841 1048,919 1158,886 1325,956 1429,936 1433,897 1371,864 432,716"/>
                <Baseline points="429,797 478,803 528,808 578,815 628,819 677,825 727,831 777,837 827,842 876,848 926,854 976,860 1026,865 1075,871 1125,878 1175,884 1225,890 1274,896 1324,902 1374,908 1424,915"/>
                <TextEquiv>
                    <Unicode>Thenrein verdierste chedisti willen alleseine</Unicode>
                </TextEquiv>
            </TextLine>
            <TextLine id="r2l5" custom="readingOrder {index:4;}">
                <Coords points="383,910 756,926 909,1011 1097,978 1196,1019 1281,988 1422,1011 1431,938 1383,923 1286,971 1154,909 1046,930 761,850 595,882 526,818 445,850 396,808"/>
                <Baseline points="393,885 444,888 495,893 546,896 597,901 648,906 699,912 751,918 802,924 853,929 904,937 955,944 1006,952 1057,959 1109,966 1160,974 1211,981 1262,987 1313,994 1364,1000 1416,1007"/>
                <TextEquiv>
                    <Unicode>sunden in gnaden verzeichen wolle etc. Dem</Unicode>
                </TextEquiv>
            </TextLine>
            <TextLine id="r2l6" custom="readingOrder {index:5;} person {offset:0; length:7;}">
                <Coords points="390,1012 438,1037 524,988 621,1035 708,1000 1067,1076 1104,1121 1171,1083 1228,1118 1325,1080 1421,1115 1431,1025 1395,1017 1272,1044 1063,985 910,1010 763,927 402,917"/>
                <Baseline points="402,971 452,974 503,979 554,985 604,991 655,997 706,1003 756,1008 807,1014 858,1020 909,1027 959,1033 1010,1040 1061,1046 1111,1053 1162,1058 1213,1066 1263,1071 1314,1077 1365,1085 1416,1091"/>
                <TextEquiv>
                    <Unicode>Scharfe richtes übergeben von ihne gebunden</Unicode>
                </TextEquiv>
            </TextLine>
            <TextLine id="r2l7" custom="readingOrder {index:6;}">
                <Coords points="398,1063 674,1119 843,1107 940,1159 1021,1138 1266,1217 1429,1200 1437,1140 1269,1102 1221,1129 1173,1089 1101,1121 1053,1073 928,1095 836,1020 700,1074 544,999 401,1038"/>
                <Baseline points="405,1053 458,1062 512,1070 565,1079 619,1085 673,1092 726,1098 780,1103 834,1110 887,1115 941,1121 994,1128 1048,1134 1102,1139 1155,1146 1209,1153 1263,1160 1316,1168 1370,1176 1424,1185"/>
                <TextEquiv>
                    <Unicode>und unterauß auff die gewohnliche</Unicode>
                </TextEquiv>
            </TextLine>
            <TextLine id="r2l8" custom="readingOrder {index:7;}">
                <Coords points="368,1170 598,1183 639,1232 684,1202 875,1266 1010,1220 1083,1292 1228,1242 1384,1305 1439,1281 1445,1232 1342,1198 1235,1225 1040,1147 961,1170 845,1108 680,1130 632,1090 379,1078"/>
                <Baseline points="378,1143 430,1149 483,1155 536,1161 589,1168 642,1173 694,1180 747,1186 800,1191 853,1198 906,1203 958,1209 1011,1215 1064,1221 1117,1228 1170,1233 1222,1240 1275,1247 1328,1253 1381,1262 1434,1268"/>
                <TextEquiv>
                    <Unicode>richt statt geführt, daselbsten ihme nach diser</Unicode>
                </TextEquiv>
            </TextLine>
            <TextLine id="r2l9" custom="readingOrder {index:8;}">
                <Coords points="379,1246 777,1281 1033,1346 1154,1321 1382,1366 1399,1310 1296,1249 1167,1306 1098,1301 1008,1219 944,1266 850,1268 686,1202 634,1233 566,1182 384,1197"/>
                <Baseline points="387,1232 437,1238 487,1244 537,1250 587,1256 637,1262 687,1268 737,1275 787,1280 837,1286 888,1292 938,1298 988,1304 1038,1308 1088,1314 1138,1319 1188,1324 1238,1328 1288,1333 1338,1337 1389,1341"/>
                <TextEquiv>
                    <Unicode>loblichen statt Oeril rechten mit dem</Unicode>
                </TextEquiv>
            </TextLine>
            <TextLine id="r2l10" custom="readingOrder {index:9;}">
                <Coords points="362,1357 400,1392 588,1348 676,1419 796,1370 901,1390 943,1439 1036,1405 1161,1456 1247,1409 1342,1466 1403,1429 1410,1370 1318,1388 1238,1348 1096,1389 852,1302 598,1278 550,1312 435,1256 370,1280"/>
                <Baseline points="372,1326 423,1331 474,1335 525,1340 577,1347 628,1352 679,1358 731,1365 782,1371 833,1376 885,1382 936,1389 987,1394 1038,1399 1090,1404 1141,1409 1192,1413 1244,1415 1295,1418 1346,1419 1398,1421"/>
                <TextEquiv>
                    <Unicode>schwert der haupt abgeschlagen und sr also</Unicode>
                </TextEquiv>
            </TextLine>
            <TextLine id="r2l11" custom="readingOrder {index:10;}">
                <Coords points="395,1432 580,1444 688,1515 818,1461 956,1544 1112,1502 1159,1534 1353,1521 1395,1459 1247,1409 1153,1466 1037,1404 944,1440 903,1390 793,1370 680,1419 625,1372 518,1412 434,1367 399,1386"/>
                <Baseline points="402,1422 451,1426 500,1431 549,1436 598,1441 647,1446 696,1451 745,1456 794,1463 843,1467 892,1472 941,1477 990,1483 1039,1488 1088,1491 1137,1495 1186,1499 1235,1502 1284,1505 1333,1506 1383,1508"/>
                <TextEquiv>
                    <Unicode>vom Lebeg zum tedt hingerichtet und</Unicode>
                </TextEquiv>
            </TextLine>
            <TextLine id="r2l12" custom="readingOrder {index:11;}">
                <Coords points="372,1539 501,1589 627,1538 788,1607 1050,1572 1239,1634 1419,1606 1424,1549 1364,1516 1167,1544 1091,1510 1012,1555 850,1471 672,1517 580,1444 456,1476 380,1443"/>
                <Baseline points="381,1512 432,1516 484,1518 535,1523 587,1528 639,1532 690,1538 742,1543 793,1548 845,1555 897,1560 948,1565 1000,1570 1051,1576 1103,1579 1155,1584 1206,1588 1258,1590 1309,1593 1361,1595 1413,1595"/>
                <TextEquiv>
                    <Unicode>volglich sein kochnahm an das gekohnte</Unicode>
                </TextEquiv>
            </TextLine>
            <TextLine id="r2l13" custom="readingOrder {index:12;}">
                <Coords points="354,1667 521,1635 562,1663 627,1628 767,1655 848,1713 983,1659 1147,1723 1270,1679 1323,1694 1288,1619 1156,1633 1049,1572 1002,1606 929,1580 848,1611 627,1539 507,1596 363,1559"/>
                <Baseline points="366,1611 413,1612 461,1613 508,1616 556,1617 603,1621 651,1625 698,1629 746,1633 793,1638 841,1643 889,1647 936,1652 984,1657 1031,1661 1079,1665 1126,1668 1174,1671 1221,1673 1269,1673 1317,1673"/>
                <TextEquiv>
                    <Unicode>verschmächte ort verscharet werden solle.</Unicode>
                </TextEquiv>
            </TextLine>
            <TextLine id="r2l14" custom="readingOrder {index:13;}">
                <Coords points="343,1757 692,1760 779,1820 916,1806 1140,1861 1320,1795 1421,1810 1424,1770 1268,1693 1147,1723 975,1675 859,1748 725,1727 668,1671 349,1669"/>
                <Baseline points="351,1746 404,1745 457,1743 510,1745 564,1746 617,1748 670,1751 723,1755 777,1759 830,1763 883,1769 936,1773 990,1776 1043,1782 1096,1786 1149,1790 1203,1793 1256,1796 1309,1799 1362,1800 1416,1800"/>
                <TextEquiv>
                    <Unicode>Datum und cxequiert den 115ten sepitem</Unicode>
                </TextEquiv>
            </TextLine>
            <TextLine id="r2l15" custom="readingOrder {index:14;}">
                <Coords points="337,1852 401,1856 448,1880 491,1852 541,1859 580,1845 613,1859 642,1843 702,1860 741,1856 742,1842 690,1801 663,1818 624,1797 587,1806 507,1758 380,1769 342,1757"/>
                <Baseline points="345,1832 370,1833 396,1835 422,1838 448,1838 474,1839 500,1840 526,1841 552,1842 578,1844 604,1845 630,1847 656,1848 682,1851 708,1854 734,1857"/>
                <TextEquiv>
                    <Unicode>brio 1822.</Unicode>
                </TextEquiv>
            </TextLine>
            <TextEquiv>
                <Unicode>su wolverdin es streaff und männiglich zum
enempret nechst empfehlung seiner seelen in die
erbärenden gottes, der ihme umb deß
Thenrein verdierste chedisti willen alleseine
sunden in gnaden verzeichen wolle etc. Dem
Scharfe richtes übergeben von ihne gebunden
und unterauß auff die gewohnliche
richt statt geführt, daselbsten ihme nach diser
loblichen statt Oeril rechten mit dem
schwert der haupt abgeschlagen und sr also
vom Lebeg zum tedt hingerichtet und
volglich sein kochnahm an das gekohnte
verschmächte ort verscharet werden solle.
Datum und cxequiert den 115ten sepitem
brio 1822.</Unicode>
            </TextEquiv>
        </TextRegion>
    </Page>
</PcGts>
