3024 4032
392 508 1413 702 A. Wer des Vatter zu diesend anglubste
423 604 712 745 Snd lie sih
1410 677 1488 739 9
415 703 1470 874 des herre darud Müller Citudiosus, wol
409 807 1472 944 scher ihra schon in ledigem standt und seithero
428 878 1484 1010 allezeit hefftig zugesoes, sie habe sich aber allhil
401 955 1437 1113 seined entwehren können, biß ohngefehr umb
397 1022 1469 1175 Martini letsthue, da sie inners d4 tagers zum
404 1111 1471 1260 3 gebahl nachts nach dem nacht eßßen in die
393 1183 1442 1344 Ruhi in Ulst Buchmanne sel hauß al der
388 1284 1461 1406 spittahl gaßßen, als ihrer muter damaligen
398 1377 1467 1489 wohnung sich seinem willen underworffen und
395 1429 1472 1557 zwar hinterrmkt und mit nßind ihre muter
403 1513 1454 1656 des herren bachmannng und sonst mlänniglichen.
380 1611 1435 1749 e: ob. sie ihme müller ihre schwangerschafft
394 1696 1092 1810 Niemals groff enbaret habe.
388 1767 1479 1914 . Nini. Sie habe Niemald die erforderliche
400 1861 1476 1992 gelegenheit gehabt, seit deme sie in diesenden wrisel
388 1935 1302 2085 gelasenen, ihme darvon elaaß zu sagen.
390 2025 745 2156 Act. Obstat.
556 2237 1307 2392 A. Relatio Medicaw:
371 2342 1314 2527 hochgracht etc. G näd igh herren.
465 2156 531 2168 Act. Obstat.
361 2476 1475 2688 in volg er Gal befelch habend sich elehltn, deß
387 2590 1454 2777 Cottegii quoutanii heüs nach mittag wieder
389 2662 1468 2859 zusamen gelahren und das hinder dem pfachren
393 2755 1477 2944 odb gefundene kindtbtther, kindtlich nochmelg
396 2818 1453 2995 nun und unßreher viritit und gefunde,
398 2892 1477 3079 daß es allen ansehen nach erbendig auff die
390 2983 1474 3149 welt kommenseye in brtrachtung alles vollkommen
397 3053 1476 3231 frisf und undersehrt, so daß ihme mit anders den
385 3135 1464 3296 dt audiert, als einzig und alleine die nit
393 3222 1482 3401 verkaupfung des nabelschnud, dahard es alles
1269 3297 1385 3383 ut
376 2527 622 2559 hochgracht etc. G näd igh herren.
2550 439 2668 535 155
1621 532 2649 697 shuf verlahnng und darvon sterbung müeßen,
1628 636 2635 794 Ist also das seinige, war ihro gren dißfahlt
1646 720 2542 851 i undertahnigkeit refesiert werden sollen.
1628 792 2362 936 1t den 29ten aug 124.
1762 870 2048 1024 und erschrieken
2293 924 2563 1019 Jacob Bau
2291 1002 2633 1119 Snstulscheiber.
1678 1133 2531 1308 D 2. Retatio Medicus
1647 1264 2456 1426 Hchgricht e Bendig hern.
1575 1438 2670 1601 Aber den sab 25 en aug stein letsthin vong lachen
1650 1534 2626 1680 empfangenen befehl aus anlaß des sub 20.
1638 1630 2668 1757 Dits hinter den pfgebrnn zadt gefundene kind
1659 1697 2598 1842 und dahar verlangenden weisren bericht in
1641 1768 2649 1909 welchem zustand daßßelbe bey der diboection
1649 1859 2687 2001 befunden worden, habend sich selehen  darüber
1647 1952 2663 2072 zusamen getahnen und die gedamben derselbigen
1652 2009 2655 2135 seatpcimiert und andere nit frinden können,
1655 2093 2686 2229 dann daß es nach estaurmaliger Regalisherd fleiß
1660 2156 2613 2302 gen Visitattion und genantzer inspection
1657 2223 2642 2404 der innerkichen partegen nicht das geringste
1656 2300 2674 2481 zeihnn sich befunden, daß selbiges tudt solte
1670 2403 2672 2543 auff die wolt kommen seyn, sonderen die ursach
1663 2472 2684 2637 snnd todts lediglich der verbahrloches gefun,
1662 2562 2664 2741 Henen Nabelschmir auß allen fundamentio
1664 2627 2662 2796 prracticio und anat lamicio zuzuschriben sage
1634 2720 2657 2915 War den herren cagr Lastenhefer bricht.
1661 2806 2647 2994 anfahrt, ist selbiger ohne eniche conoequentt
1664 2890 2659 3043 sint einal Er keig wort weiters angezeigt, als
1658 2968 2693 3141 laßschop zuvor bey der inopection von demg
1671 3027 2672 3204 herren divit aboen angemerckt worden. Ist
1679 3097 2666 3304 also das waß Ihr Gal zu veherren Rrecht
2395 3168 2606 3334 schrer
