3024 4032
1757 522 2771 693 Bweg, Brund, Motio und Ursechen
1995 632 2356 744 Derentloegen
1853 721 2413 860 peter Lausolet
1601 559 1710 669 7.
1691 796 2750 948 Der gewestene weibel zu unnß der Graff
1715 910 2710 1035 schafft Erlach von Mlagsl n den Rächten
1720 983 2741 1110 zur beurtheilung uneren allerseiths gna,
1714 1055 2732 1159 digen herren und oberen s mid s
1709 1120 2767 1247 vorzustellen und zu übergeben veranlaßet
1708 1181 2293 1300 und bewogen worden.
1703 1460 2753 1636 Nachdeme dieser Peter Laußelet
1707 1580 2739 1661 seines Alters von 27 a 28 jahren wegen
1697 1654 2769 1767 auß verschiedenen bedencklichen umbständen
1697 1727 2748 1846 auff sich gezogenen großen verdachts( als
1700 1805 2754 1917 ob Er jenige in denen so genanten Geychr
1709 1870 2751 1972 standen ohnweit Britelen in der Graff
1706 1940 2775 2057 schafft Erlach sontags den 30ten may 1723.
1695 2012 2770 2131 an dem ab einem Pferdt Todt geschoßene
1674 2081 2764 2208 Hans Heinrich Wäber Meyer zu Gritten
1697 2152 2743 2284 len verbrachte grausamme mordthat ver
1689 2220 2741 2343 nebt hätte) bey der Zihl Brugg Neuben,
1682 2289 2760 2422 Burggebieths vor einichen monat behändig
1682 2361 2770 2494 get und von daselbstiger reonerung kraff
1691 2432 2758 2535 mit unghln habenden verträgen außge
1675 2505 2737 2628 liefferet und anfangs in ihr gnn schloß
1673 2576 2762 2696 Erlach gefänglich eingebracht, von alldasi¬
1687 2647 2740 2778 gem wehrn landtvogt Huser beydes geet-
1685 2719 2734 2813 und pemnlich den 20 26 und 22teu
1681 2787 2714 2922 gusti letsthin über die verdächtige that.
1684 2875 2701 2983 quastioniert Volgends wegen gewnßen
1690 2951 2755 3074 Ursachen auff Ihr gnl. gutfinden allhar
1679 3024 2759 3151 in die haubt-Statt gewahrsammlich eingebracht,
1681 3095 2728 3227 und in die Obere gefangenschafft gelegt;
1670 3175 2746 3322 Darüberhin zu Volg Meyhein befelchs beydes
2566 3286 2730 3392 Durch
