3024 4032
304 557 1273 718 Sitese miht de aichtmußige obrkeit, sicht und
319 663 1336 791 Burger sey nicht des competirliche richtes er appullir
323 733 1333 853 vor die gemind die oberbeitsahe des toder schuldig
325 812 1312 923 in deme sie ihne mit einer seunzum tadts ale
325 879 1302 993 unschuldig vurtilles, er Citirer selbige vor
327 945 1335 1075 die gesammte erhdlgnas schafte, dor des strueff nricht
335 1020 1312 1113 nach rottaril. Und andere Greütobihe Redenn
318 1089 468 1179 Mehr.
313 1131 1306 1287 Bo. Er syn solchs zufühe gelrungen gwesen, die
310 1230 1332 1359 Oberreit allhies seige nit mehr sein richter, er siyh vormals
317 1301 1333 1412 umberwiesen gerichtet, verfellt und baumowet worden.
304 1372 1340 1492 Er bbeine bey seiner einhegebune schrifftlichen Legi
305 1441 1292 1539 Aimation, vo habe auff dieselbs hin commanisiert.
295 1505 1293 1651 Repticiert. Er habe auff alle kreten unnd an dar
312 1599 1335 1725 erimex leou maiestattio begangen, er habe wind er
312 1667 1283 1774 die oberkeit dem boßester Willer getragen und so
319 1732 1285 1863 viel an ihme getrachtet edeselbe zu verderhang und
321 1804 1321 1926 zu Grundt zu Ruchter, Ob ihme solches seinen be
310 1862 1306 1997 angenes fehler und daß er mir oberkeit also in
314 1941 1294 2064 seinem facto geschwahrt wnder geläßeret nicht sangen.
301 1999 1356 2123 herzey keyd seye Ob er beine staub darüber tragen
305 2076 1328 2218 . Er habe reütz und keid zubeb seine sundeng, aberd
301 2170 1309 2304 diß oats kinde er nicht, daß erstund geahn, er sehr
323 2250 1309 2368 icht überwieser annher übelbaht: Dn übrigen, so
303 2321 1348 2455 see kein mansch ohür sund, auch werdt siemand grecht
319 2399 832 2513 gefunden werder vod gott
298 2471 1354 2622 repticint. durch dise sein hartmatig keit gehn er den
313 2568 1329 2692 gntlichen vorderlin zu auch werte er dand nach ein
325 2634 1322 2778 Urteill mufe sich anlder, so nach abler stirae deß
329 2725 815 2844 raichtent eingerichles sehe.
303 2786 1320 2942 1. Ir gottes namen, Er wolte Liebes strbe als
331 2894 752 3008 auff solchen wrise abeg
304 2945 1336 3100 hr obtr nicht glauben, daß vr uinricht gekehren, Wilen
330 3044 1317 3161 zo solches schmaach n e habe ic wigk außgeheren
319 3110 503 3215 laßen.
1069 3143 1258 3288 A. d.
2459 286 2588 411 207
1491 456 2626 669 . Die oberki hatte nicht also sounder richtern soann
1504 547 2615 742 Sio war recht berichtet gewarsen. Die oberkeit steye
1512 630 2639 789 nit selbsten daran schuldig, sonder dieg eingenn, welche
1521 715 2639 883 dasbe also berichtet und eingenommen haben. Gegen
1511 782 2614 945 Dr Pasticbaren glaube er nichts gefehlt zu haben.
1491 866 2610 1087 It t jedas caamen verrichtet worden e26
1497 953 2653 1143 debris mutt, als aber zu Mlehren sicherheit solches ihne
1503 1031 2656 1251 eekaub den wort zu wart vor Muchmell abgelehren
1509 1100 2655 1282 uuon ihme in seinem gantzen innhalt confiomiert
1505 1216 1995 1385 tonden e6 dibo
1782 1406 2136 1549 Eckaulnus
1649 1490 2474 1681 Wignn Danicl Panckauws
1487 1632 2625 1801 Nachdrmr Vorbscheirbee starg mit dem Oegrwgb
1521 1718 2661 1867 demb pfambaut verfülete caamina und vergahlen
1525 1811 2622 1983 heigen tagd vor Meghl und obren racht und
1523 1903 2635 2044 burgeren beg eyden capresoe zu dem end versammlet
1997 1977 2666 2120 Habend Hochgedacht wlegt
1514 1999 1996 2126 wörtlich abgelesen worden.
1534 2053 2663 2196 und Oberen darüber zu Racht erkrunt und gesprochen.
1527 2140 2641 2274 daß zbar ihme daniel Pamb aus an dem aeben
1533 2223 2659 2377 verschont, danach aber derselbe zu seiner volverdienken
1527 2309 2632 2447 straaff für seine übrige lebenhet und imerhin in die
1530 2396 2659 2527 Sfinstuben gefängt ich ein geschrert und wol vertahrt
1536 2465 2625 2616 ghalten, und also ihme dardurch alle gelegenheit zu
1534 2556 2629 2672 fernerem schmähen benommen werden solle. Aitum
1534 2634 2518 2742 Coram 200. den 22t January 11725
1516 2681 2661 2863 zal dn Mosich end grichtcheis er krcht ind
1531 2803 2324 2925 Her raht Hauß Ammann Thormann
2478 2820 2628 2914 Sie
1539 2873 2677 3018 deßen zu benachenhen mit anstimen die hoch oberkeiten
1553 2947 2650 3077 Uoteill ihme Sfamkauto Zuergkwi, und Ohne
1540 3034 2667 3162 mihztohlug deß spittahls dicctori zu führen zu
1535 3116 2659 3241 laßßen, als welche den befelch erhalten ihne in die
1552 3179 2054 3302 Spum stuben anzeuemeng
2287 3246 2505 3380 zusub
