3024 4032
321 429 413 553 96.
499 415 1331 589 Jndicia und Waherzeichen
464 536 1353 672 wieder oposter Laußolpt hafftend.
430 657 1495 845 anrichten solle. Vide Brieff No 34 Klein
423 744 958 893 Thurn Buch fol 484.
1130 672 1142 673 wieder oposter Laußolpt hafftend.
421 887 1460 1036 und endtlich weilen fr Kaußelet ein
412 981 1467 1100 paar tag vor seiner behändigung den
413 1051 1464 1169 hr haubtman Gottbald Tribolet zu
424 1123 1472 1278 sich in das so genannte rohte oder müg
418 1201 1484 1343 gen,Hauß beruffen, und demselben als
436 1283 1484 1404 seinem bekannten guten undvertrauten
422 1357 1467 1505 ten freünd freywillig allda gantz umb-
425 1440 1405 1566 ständtlich groffenbaret und bekennt.
464 1561 1451 1650 a daß er die an dem Mërer wäber
422 1610 1441 1741 beschehene Mordthat vernebt und auf
419 1699 1473 1827 dem posten geblieben, biß der Erschoße¬
423 1778 1437 1895 ne von dem offerdt himmter gefallen,
446 1842 1465 1988 6 Auch daß er diese that schon selbig
412 1917 1481 2066 gen sonntags am Morgen verbracht hätte,
407 2017 1449 2141 wann er nit allzuspaht auff dem orth
1000 2092 1194 2202 daß er
412 2092 885 2203 ankommen wäre.
463 2172 1495 2302 schon zuvor auch öffters auff denselben
400 2261 1447 2411 gelauret, die gelegenheit aber darzu
409 2349 1167 2488 sich nicht zugetragen habe,
467 2407 1465 2572 A, daß er diesere Tthat außzuführen
406 2499 1470 2658 bey sich selbsten einen eyd geschworen.
706 2607 830 2687 und
582 2585 683 2697 1
396 2598 584 2715 habe,
453 2641 1491 2811 Ei daß er einmahlen shechohl landt-
403 2736 1471 2896 vogt Hinser selbsten in der Poferen auf
395 2822 1452 2969 gepa�et habe und ohngeacht er in be
418 2882 1437 3045 gleit zweyer bewehrter Reutteren
410 2960 1470 3115 gewesen, damahls auff ihne loß geschoßen,
415 3051 1418 3183 wan sein zundt, fulver frübe ge¬
401 3122 1452 3285 faßet hätte. Vioe herrn leibolets auß
403 3235 795 3369 sang N. 38.
2206 699 2253 711 7o. So hat er keines wegs geständig seyn
1731 529 2711 697 Weter Laußelets entschuldigungen
1589 567 1684 676 37
1688 711 2669 860 7o. So hat er keines wegs geständig seyn
1704 808 2685 926 wollen, daß er dem herren zribollet das
1696 885 2696 1009 jenige, so er außgestagt, bey dem Rohten
1678 946 2670 1074 hauß angezeigt und bekennt habe und
1689 1003 2697 1137 weye derselbe, da er bey ihme bey dem
1697 1073 2710 1220 rohtenhauß sich befenden, sehr bezecht
1689 1151 2688 1300 geweßen. im gegentheil hat er be¬
1694 1220 2643 1366 dentet herrn dribollet habe ihne zum
1693 1296 2682 1437 öffteren angemahnt den herren lvogt
1690 1372 2658 1510 Huster auß dem mittel zu Raumen
1692 1441 2667 1589 und darzu ihme feril und pistolet
2224 1513 2715 1620 Im übrigen so behar,
1680 1549 2014 1660 angebotten.
1694 1594 2706 1727 eete er immerhin, da� er an deß Meyer
1675 1663 2710 1818 Wäbers todtschlag in allweg unschuldig
1680 1742 2700 1890 seye, und dieser Verdacht imschuldiger
1688 1816 2737 1952 weiste auff Ihme haffte, zumahlen Er ja
1683 1891 2748 2015 selbiger zeit dem Meyer etwas übels
1689 1961 2721 2093 zu Wunshen oder zu zufuegen keine
1684 2040 2669 2161 Vrsach vielwenigen einichen Nutzen
1696 2105 2715 2226 gehabt, sondern Im gegentheil deßen
1690 2178 2724 2307 wohlstand Ihme höchstens obgelegen ge¬
1690 2240 2663 2385 wesen, indeme selbiger vielfaltig
1684 2322 2727 2463 durch viel unterschiedliche Pfersohnen
1687 2403 2742 2530 seine gute Indination zur Besänfftigung
1694 2479 2691 2602 wie gemeldt Ihme ansagen laßen
1687 2540 2685 2650 vioe depositiones  44 biß 15 inclus.
1687 2630 1867 2711 No 18.
1695 2654 2208 2788 Actum obstaht.
2275 2942 2605 3078 MLontage
