3024 4032
450 484 1465 696 ünßen zu dreyen underschidlichen mahlen
443 581 1430 753 und zwar dem lert und 25 gesagter
426 668 1481 858 Auguoti Güntlich und den 31  oitb senst
425 754 1456 934 örtig mit vertaisung deß schaafe kuifter
457 842 1467 1005 und deß daumel egd, auch betrubung
427 929 1487 1106 jedoch ohne würckliche Anbandung der Mlarter
437 1023 1493 1205 auff waß weise sie mit ihrm inschuldigen
428 1083 1451 1279 Kindtlin umbgangen, ob und wie sie er
433 1188 1493 1355 umbd leben gebracht und wad deßßelben
430 1269 1470 1431 vatter seye etc. scharff excaminiert worden,
399 1360 1472 1539 Welche dann darüber nachvolgende bekannt,
408 1481 1262 1636 hunß und vergicht abgestettit hat.
412 1611 1458 1799 4. Daß sie seit manne 3 dder 4 jahren
424 1720 1461 1886 mit Hans Rudolff zehewes verehrlichet seye,
425 1808 1470 1948 und bey demselben ein knäblin, so annach bey
413 1893 1439 2023 reben, erzeüget habe. Und daß gedacht
418 1966 1493 2103 ihr ehemanns im Mertzen m723 swad mit ihrer
415 2050 1468 2179 einwilligung in holländische lrigt,dienste
422 2128 1473 2275 gezagen sege, Weilen er sie und ihr kidt
408 2218 1487 2361 zuerhalten nicht vermachte, auch zu dem end
424 2302 1047 2412 nichts vordiein könnte.
411 2393 1469 2594 2. Habe Sie seit gemelt Ihrd bberanwer
407 2510 1513 2688 Abweßn sich allzeit bey ihreo glusd aufgehalten,
404 2605 1489 2750 seit etwann secht wuchen daher aber, weilen
410 2670 1507 2827 die wluter allsun ohnermuglich wart beides
412 2776 1513 2921 sie und ihr kindt zu ernehren etc. habe sie sich
1406 2819 1465 2893 .
416 2854 1519 3014 an des metzgergaßßen bey dem prrofos backlin
402 2923 1492 3099 zugezogen und mit ihres hand arbit ewaß
395 3043 969 3194 zu Redirung getracht.
403 3140 1507 3360 3. Habe sie ahngefehr zu zit deß martini
1170 3253 1415 3364 glanbt
2534 482 2638 606 141
1637 536 2656 723 Markts Lasten murthalb 1 4 Jageg zu degen
1649 638 2635 807 underschindlichen Maln mit daß das Mültes dem
1638 736 2642 897 studioso einem ehemann in unzecht sich vertea
1661 817 2641 965 bat und Lebd, aemenschafft gehalten und also
1648 895 2178 1044 sich schwäingeren lasßen.
1651 1039 2642 1223 jr. aestuhnde sie auch, daß sie zuad wol
1654 1152 2653 1298 Mönsst schwangeren leibs zusegen und deß
1653 1225 2689 1378 kindts bevegung in ihrem auib berits schnefeh
1670 1318 2674 1451 in aprili jungsthun und seitlero dann und woam
1654 1399 2678 1545 gefühlt, demach aber und frecht bides ihme
1654 1484 2649 1631 muted und anderen ppersonen, welche ihre
1654 1569 2643 1693 Swenger zuseyn zugemuhtet und sie daße
1664 1640 2697 1763 beschuldiget, solches verhalten und biß auf den
1654 1724 2706 1854 Botsten tag gelaugnet und also ihre schwanger
1661 1797 2714 1938 tschafft gar Niemanden angezeigt und Groffen,
1654 1886 1944 2007 behet habe
1678 2004 1752 2073 Do
1673 2023 2716 2168 5. beknnt sie, daß selbigen margend, als
1672 2111 2737 2259 sie deß kindts wnderkommen, beritd in ihrem
1665 2211 2756 2346 losament in deß Bactlins hauß an de Nezpo
1660 2288 2755 2416 gaßen ihre gebuhrts Schmerzen mit einem geringen
1684 2365 2758 2499 Bauch Grinnen angefangen, daß solche im statt
1673 2450 2731 2582 hin auffgehen sich vermehret und da sie uor ihrer
1673 2530 2717 2681 Wuter wohnung der herren statt schlaßßeren
1682 2613 2767 2756 Huber behaufung an der Golattenmatt Gaßen
1690 2701 2782 2837 gegen dem Wildenmannn, hinüber sich befundenen,
1683 2761 2774 2922 die wehr sie rechtscharfeng mit Großem gebalt
1696 2861 2376 2999 und hefftigkeit angestoßen,
2551 2867 2762 2975 Bunach
1689 2933 2779 3068 habe sie viergends sich angemeldet, auch wederd
1698 3015 2770 3162 an dem hauß, da ihre mlutes wohnhafft, noch
1694 3078 2797 3232 anderwärtig angeblopket und bey Niemanden
1698 3163 2784 3318 half gesucht, sonderen habe sich gantz entzig ohn
2474 3286 2654 3407 bey sich
