3024 4032
627 575 700 605 s
360 582 518 605 zeüget. Die waußße nichts darvon, daß die
485 407 1360 571 121. Samuel Hüberd des Statt
457 512 1125 642 Schlasßers sl. Fr. Wittib.
628 605 702 669 s
333 605 1404 727 zeüget. Die waußße nichts darvon, daß die
334 676 1393 806 Marlottin etliche Sonntag vor dem Tag ihrer Nie
335 748 1373 883 erkunfft in das hauß zu ihrer muter kommen
341 815 1376 967 wee 9 raunt auch nit wolsteyn, daß solches alllegen
346 879 1368 1044 während des fruhe, pendig beschehen umb ihr kindet
340 962 1390 1120 zu Hirten zumalen die muter wegen schwachzeiten
340 1048 1320 1181 weing außgegangen. An selbigem sontag
351 1097 1341 1237 Morgens frühe, da es nach finster ware wuse
352 1156 1395 1305 nicht umb welche uhr, seye der Marlottin Muter
337 1244 1372 1392 zum hauß hinauß gangen umb die frühefredig
330 1319 1348 1465 zu bestichen, habe also die hausstühr geädtnet
352 1379 1357 1510 dere herren Buntsh und sein fraut unter dem korn
338 1476 1349 1608 Magnzin begegirt. Sie Gehenging aber habe
343 1545 1403 1664 selbigen morgens ihres wüßßend weder die martotting
359 1609 1385 1733 noch sonst jemand uor dem hauß gestehrn. Im
352 1666 1370 1817 übrigen habe die juditl Martott ihrer muter
359 1750 1322 1887 de hauß Schlüßel, so sie empfangen hatte,
345 1840 1358 1940 genommen und seye biß weilen beld vor bald
347 1902 1408 2023 nach mittnacht ins hauß kommen, wilchen schlüßel
338 1976 1402 2071 sie alleseit behalten, obschag sie außerthalb dem
362 2026 1409 2156 hauß sich befande. Nach ablegung ihre lube
355 2102 1397 2228 Burde seye die Marbottin ohngefehr umb 6t
347 2185 1397 2300 Uhren ganz leiß gehend in ihro hanß kommen und
359 2252 1403 2374 in ihrer muter stuben gangen, hernach seche sie
358 2318 1422 2440 gleich sam gentz taub und rasend in der stuben
363 2388 1416 2510 und auff dem kaublin herumb gelafenen und habe
358 2462 1392 2586 ein verstellted angesicht gehabt. Sie habe
358 2528 1398 2659 auch etlichen tag vorhero ihro kindr darbbittlin
358 2607 1397 2732 genommen, sie gezengnen habe die Morlott in
361 2685 1396 2819 hernach nit siderumb gesohnen auß dem hauß
358 2766 1392 2893 gehengn. Auff die frag ob sie gezeugnen nicht
368 2836 1401 2973 einiche verikmahl gesehne und ob sie nit wüße
374 2912 1416 3041 wie sie die sach vorgenommen. Antwortete sie daß
374 2990 1392 3126 sie einiche bluts tropfen gesehen, sie habe ei
373 3053 1412 3188 Rußßelig und einziechlin umb sich gebunden geg
355 3128 1395 3272 habt während die fruhe,feldig aber sich gyde
1153 3193 1349 3312 anderst
2484 431 2575 554 175
1589 473 2563 646 alderst angelladet und alles unter den oen
1583 580 2589 752 geworffen, so mann auch hernach gefunden, Nach
1584 662 2585 807 Dens aber das gerucht erschallen und auch von der
1574 748 2601 885 Sufanna Haller ihre hinderbracht worden, ob sollte
1589 820 2563 949 die vharlottin das tnd gefundene kindt und
1582 911 2598 1040 welt geboren haben, habe sie gezangeen der vlateo
1569 969 2598 1114 zugesprochen ihre tochter darüber zu vnd zu steßen
1572 1049 2567 1195 welcheren sie zu Erst aller gelaugnet, hernach auf
1591 1134 2570 1277 der wluter hartes zusprchen und betruten, es
1575 1206 2614 1357 steyen lauth verhandenen, so sie schan zu bekantuß
1579 1289 2582 1422 Brinang und auff Verners langnen visitieren
1597 1366 2611 1496 werden, bekennte sie der mlutie ihre uiderkunfft
1601 1425 2594 1556 mit verbieten, aber solches niemanden, sonder
1577 1514 2583 1644 lich ihre gehengen zu offenbaren, sie habe aber
1595 1593 2593 1717 grad angange auff diefrag ob sie das kindber
1588 1664 2584 1797 gerdet gesagt od habe sich zu todt geblukt.
1591 1743 2588 1860 Nachdeme aber die Mluter ihrer tochte Klagliche
1601 1815 2571 1935 begegnuß erzehlet, habe sie nach geendigser
1592 1895 2624 2010 inder lehr solches ulmahl groß weübel anzei,
1595 1966 2622 2082 gen laßen. Im übeigen verdentete sie ga
1595 2031 2610 2155 zeugne, wann die muter ihrer tochte zuvor
1599 2109 2587 2225 zugesprochen und sie zu guten ermahnt, daß
1611 2179 2621 2299 sie der mluter schmächliche und von einem kindert
1603 2253 2291 2366 angeziemende wort zugredt.
2305 2257 2595 2355 Item wamp fie
1607 2320 2602 2456 die tachter niht so afft zu dem Buggli Schid
1600 2395 2622 2522 eyster s weg, deme sie auch am sonmnstag abends
1607 2475 2656 2592 vol ihrer gemßt biß gegen 9 oder 10 uhren gelasen.
1602 2539 2600 2654 ngracht ihre Mluters Ihra damals abgebehrt .
1624 2619 2619 2737 Verners fortzugeheng und sie geheißen bey ihre zu
1608 2689 2616 2814 bleiben) Wie auch einer gewüßßen zehenderin
1606 2759 2655 2885 sich einbefunden, sie villeicht nicht in dasungleuck
1607 2840 2601 2965 gerichten zumalen dieser lauth schlimmen einzag
1624 2921 1871 3017 halten solle.
2245 2982 2541 3126 Dan daguio
