3024 4032
445 462 1484 663 suhe, ofeldig und vor ihno sluer zumub
446 593 1485 752 kunfft unkommen  in kindts Heirlin genommen
449 672 1480 830 und das bodtnr kindt darinnen halen wollen.
442 760 1453 944 allem im hingehen die sach albereit entdeckete
427 835 685 961 befunden.
423 925 1479 1089 Sagte aber hiebey, sie könne wol erachten, daß
427 1021 1482 1161 ohngrachtet sie eiinhen bosen willig gegen dem
425 1095 1488 1274 Kndt nicht gelabt, nach einiche Gewaltächt igkeit¬
428 1184 1497 1346 gegen demselben vernebt, sie mit deser leziger
437 1283 1490 1429 Vor Gott als eine Wlarderin ihres kindts anzu
413 1363 1440 1490 sehen sege und also dan zadr verdienet habe
424 1430 1494 1596 intemalen sie die von ihra zu dißen erhaltung
435 1517 1481 1658 erforderliche vorsorg nicht getahnn und salso
410 1610 1477 1745 selbiges verleichtsinniget und hulfflaß habe
427 1690 1474 1813 laßen müeßen. desßentwegen sie gott
433 1769 1378 1922 umb gnad und vergebung anflehen tuhr.
395 1869 1509 2061 Diß ist also dasjienige, waß voranzogene libe,
415 2003 1484 2145 Persan in demn mit ihra freundt ernstlich ge-
412 2087 1478 2221 haltenen eaaminibus bekennt und verjährt
404 2183 940 2315 hat. Act. Obstat
628 2375 1243 2530 Retatio Medicas
375 2518 1272 2700 Hohrecht etc Geudige hern.
366 2657 1512 2824 Pr volg kulad Gnnding beflchn, habend sich elhle
366 2767 1495 2907 deß gottigii ondulani heut nach tag wider
404 2844 1477 2996 zusamen getahren und das hinder den pfycheren
418 2926 1505 3089 tadt gefundene kindtbetther kindt nochmaben
424 3025 1495 3150 ein und Außenhar viditiert und gefunden, daß
411 3090 1465 3225 es allem ansehe nach bebendig auff die welt
398 3152 1471 3322 kommen seye, inm bitrachtung alles vollkommen
1219 3248 1443 3389 frich un
2295 1394 2329 1400 2. Reatis Medicau.
2565 492 2676 615 14
1664 555 2656 707 sigl and untersehrt, so daß ihme mit anders den
1666 664 2682 780 I kaudiert, als eintig und allein die nit
1670 739 2668 885 verkmupfung des abelschuu, dahad es aller
1667 837 2687 971 blut verlahren und darvom sterben müßen
1666 919 2695 1058 Ist also das jeniat, waß ihro gal dißfahls in
1683 996 2698 1140 und ertähnigkeit referiert werden sollen. Acte
1663 1112 2172 1240 d 20. Augusti 1724
1738 1186 2053 1373 Undeschrieben
2287 1220 2571 1352 Jacob Bay
2267 1315 2646 1417 nsulhreiben.
1795 1400 2410 1565 2. Reatis Medicau.
1656 1513 2329 1705 Hochrechischndig hern
1611 1665 2707 1858 Aber den hab 25 augsten letsthe von Meche
1662 1705 1789 1723 Hochrechischndig hern
1683 1783 2694 1930 vepfangenn befehl auß anlaß des sub 20
1674 1865 2680 2018 sito hndnd den sfähren todt gefundenn
1671 1946 2727 2096 kindts und dahar verlangenden weiteren bericht,
1683 2034 2741 2197 in welchem zustand daßelbe bey der dispection
1678 2130 2718 2272 befunden worden, habend sich elhe, darüber
1677 2220 2718 2359 zusamen getahn und die gedamben derselbigen
1675 2299 2695 2427 vcaspumiert und anders nit frinden können
1670 2372 2767 2516 dann daß es nach zweymaliger kegatisched fleißiges
1644 2463 2773 2586 Odisitation und genaut er inspection des inweliche
1681 2540 2752 2679 partegng nicht das gringste zeichen sich befunden,
1696 2626 2721 2775 daß selbiges todt sollte auff die wolt kommen
1679 2711 2755 2827 steing, sondern die ursach seines tadts lediglich
1682 2786 2731 2930 der verwahrlootet gefundenen nabelschnur
1689 2869 2763 3030 auß allen fundamentio iptacticio und anatorii
1682 2965 2168 3095 dio zuzuschreiben seye
1662 3018 2784 3189 Was dem herren Gegr Kesenhofers berichtansichten
2550 3132 2747 3212 Nintemal
1677 3139 2554 3268 Ist selbiger ohne einche condequentz.
2557 3216 2636 3325 E
