3024 4032
422 513 1452 731 et. Es sehr nit ihme sinbilligung hinbegszagen
424 610 1450 787 Wülen er sie und ehr lind nicht erhalten wnd
437 702 1034 827 Nichts unrd ienen kamk
423 809 1460 980 e. Wo sie seit der zeit sich zugezogn und und
435 884 930 1005 sie fürgenemen habe.
438 961 1472 1118 ee. Sie habe sich allezeit bey ihrer mluter auß
435 1034 1468 1203 gehalten, außnrt seit ettang 6 wuchen daher
442 1114 1452 1281 habe sie sich seg der frehen beiklig zuschagen
436 1175 1471 1350 Weilen ihre muterd ihra verdeütet, sie befinde
423 1278 1438 1439 sich underunglich sie samt ihrem kindt bey sich
430 1345 1458 1527 zu haben und sie beide zu erhalten, dahiro
441 1430 1494 1593 Sie vo sehstr baiklng sich begeben und des muter
445 1516 1065 1642 ihr uidt überlaßen.
1077 1554 1491 1687 Im abrigen, so habe
436 1575 1470 1743 sie allezeit gearbeitet, waß sie könneng, habe
420 1656 1469 1827 Landtschuh genährt, Peruque, Käpplin Ge¬
418 1761 1396 1876 gmacht und getrachtet ewaß du verdinen.
399 1827 1488 2003 2. Ob nicht dasienige kndtlige, so mann gestei
412 1926 1466 2055 igen tags hinder der sfrchernn unterd einem
418 2004 1263 2145 sycher gefunden, das fhrigesehe
414 2104 654 2205 B. Ja.
412 2169 1469 2333 a. Nach der außaag der herrn doctorn und
424 2271 1500 2403 Schäeren steye dieser kindrlin ein vollkommen unß,
413 2348 1492 2487 gebachsemt und außgetragenes kinder gwrsen,
398 2437 1511 2559 so daß sie nit elanng eine abweilung vorben
398 2511 1503 2645 den könne, warumb sie damn ihr schwaner
403 2570 1511 2717 gschafft nicht während derselben nach denen oberkeite
411 2656 1519 2803 gstat en vor der griisst jemand angezeigt, sonderen
431 2741 1485 2879 im gegenteill solches verschwoiegen, ja ihre selbst
431 2808 1472 2961 eygener Muter daßßelbe auff offters znmuchtag
415 2892 1440 3035 gelangnen habe, auch anderem leüthen mehr
411 2971 1510 3131 . Die seye ihre scwangerschafft halb allzit in
430 3074 1499 3204 der ungewußleib gewesen, stintengleig sie, wie ihrer
409 3132 1482 3280 slutod wol bekannt, seit etbann storg jahrerg s t
432 3190 1486 3364 ihre vlanntliche zinen verlohren habe. Anbeyso
1256 3282 1376 3394 habe
2537 459 2631 534 151.
1611 550 2644 732 s hal sur webend ihe shu engescheft eih ale
1610 640 2603 832 sen dan kidt in dem ai nit gesteht,
1627 725 2645 897 dß sie nicht unrinht schwaergek zu segn son,
1620 817 2645 993 Ier anderer ursachen wegne einem großen bauch
1627 891 2016 1017 bonnen zu haben.
1618 972 2652 1173 E. Als sie gestrigen Margend so frühe von Hignat
1624 1074 2643 1248 auß selsto Bucklind lauß sich berben, in machen
1636 1150 2485 1317 verhaben und intention sie gewesen sage
1630 1242 2639 1410 N. Sie warr verhabend, gleicham anderen süntagen
1637 1340 2625 1475 sie auch getahren, zn ihrer muter zugehen nndt
1627 1410 2634 1555 ihr kindr zu higlng, dmit die muter nach
1615 1500 2654 1630 ihres getwahnheit die sruhe predig besuchen komt
1645 1585 2592 1708 Sie habe einn Kleine karbtin, dar innan sie ihre
1648 1654 2637 1793 haudtschee, wir guh opfl und biureg hatt umb
1653 1729 2640 1869 dad muters zu neingen bey sich gehabt, Mor
1647 1806 2332 1921 end etwann umb 1 2 uhrrg
1652 1873 2625 2015 Rrulicirt. Wann sie in des intention zu ihre
1646 1965 2659 2101 sutes zugehen von heynat außgegangen, warunnd
1661 2045 2641 2168 sie dang nicht geraden wegd nach des hr statt
1661 2111 2655 2243 Schloßßerin Huber hauß an der Golattentlatt
1667 2177 2645 2326 hasßen, sonderen hinter die sfuschernn sich begeben.
1666 2264 1778 2377 habe
1675 2340 2653 2493 e. Die seie by herre aüartt Hanß Laberlig die
1683 2430 2661 2554 varderespycher, gaßßen hinauff und durh dar
1668 2498 2661 2626 Gäßlig fürhin und nachtarrts die geletten wlatt,
1666 2579 2640 2706 gasß hinauff biß zu des fr Hubering hauß
1676 2658 2668 2799 gangen, habe aber die haußtuhr verschloßen be
1677 2720 2685 2859 fundern und nit anklopkag deßen, weller een
1683 2813 2686 2957 Haber sie ziemlich angefeindet. Disen unblag
1695 2880 2619 3029 habe sie genommen, damit sie nit den so vieler
1684 2979 2185 3113 kenthen gesohen wurde.
1682 3037 2640 3184 D Ob ihre untervegt Niemand begeget fue
1686 3126 2689 3264 B0. Uhres wußens wiemand als ein tochter in
1718 3210 2482 3353 den so genammen kägelit Gäßlin
2504 3213 2617 3344 2.
