3024 4032
429 479 1514 707 Hauß an dem Neubenburg, See umb Ihne
422 614 1504 758 Rahts Zū pflegen, offenbarete demselben
397 681 1505 826 sbestag deßen bericht da� und wie er die
410 751 1013 899 Mordthat begangen.
1155 776 1498 919 Elban zwey
428 842 1476 1015 Jaa Hernach wurde er kaußelet bey der
423 932 1489 1086 zuhl brugg außgespahet und das orth
419 1032 1470 1154 wohl umbstellt allda er zum fenster
424 1111 1480 1244 gmau� auch sich salvieren wollen, er
424 1183 1475 1323 aber dennoch behändiget und gefänglich
422 1253 1487 1390 in das sschloß erläch und darauff nach
425 1349 1502 1475 emichen Wuchen auff Ihr Gut gutfein¬
413 1414 1502 1550 den allhero in die statt Bern gebracht
400 1495 1469 1629 Da er dann an beyden orthen güetlich
418 1576 1469 1699 und ernstwörtig mit vorstellung aller
412 1648 1489 1780 wieder ihne diß orths bekanter umb
410 1728 1491 1858 ständen, zu Erlach aber mit angesezter
406 1814 1480 1932 Harten Marter offters quastioniert wor¬
414 1897 562 1986 den
693 1902 1479 2002 Dennoch aber wollte er lauße,
416 1958 1486 2094 let keines wegs gestehen, diesere Mord-
412 2044 1476 2175 that verbracht, noch solches seithero seinem
418 2120 1468 2236 bekandten freund dem herren ribollet
410 2199 1150 2316 geoffenbaret zu haben.
1252 2211 1462 2305 Sondern
413 2284 1450 2403 beharrete umerhin, daß er diß orths
407 2360 1489 2495 ganz unschuldig seye, und in der besten
391 2442 1401 2557 Intention und Vestem Vertrauwen
412 2515 1482 2654 deß hergestellten spriedens sich dito sonn
417 2609 1463 2714 tag den 30tan may nach Grittzelen mit
421 2698 1457 2821 dem Meyer zu Reden begeben und
400 2750 1467 2900 da Er am Morgen zu spaht ankomen,
411 2850 1452 2974 sich dort herumb (weien seinem vor¬
412 2929 1427 3057 geben nach er wegen bekannt wieder
406 3012 1474 3133 Ihne vorgegangener Contumare sich in
416 3091 1459 3211 sein Hanß hinter erlach wagen dorffe
406 3162 1437 3279 Meistens aber bey deß Meyers Somer
393 3210 1466 3366 hauß auffgehalten, allwo er eingeschlaßen
1289 3308 1441 3429 seye
305 473 400 610 78
1678 471 2720 668 sobe biß zu annahender Nacht. Da Er¬
1662 607 2740 761 aber wieder erwachet und nahe hinter
1673 697 2746 835 de� meyers hauß hinzukommen, habe er
1669 765 2728 903 ein geschrey und darbey sagen gehört
1669 840 2697 991 daß der Meyer wäber todt geschoßen
1658 930 2757 1058 worden und niemand anders als der
1653 1008 2742 1138 Weibel Haußelet der tläter seyen da-
1659 1077 2762 1233 dero Er nicht rachtsamm befunden sich zustel¬
1663 1174 2704 1308 len sonder zuruck zu machen und
1672 1237 2746 1378 als er in der nacht wieder bey der zihl
1653 1338 2748 1479 Brugg ankommen habe er observiert, daß
1671 1398 2704 1544 daßige Wacht Verstärckt die da auch
1654 1496 2764 1639 ihne verspührt angeruffen und alsobald
1677 1576 2754 1730 nach Ihme seübr geben deßtwegen Er
1669 1663 2715 1806 in schrecken gerahten und seine h. h
1645 1741 2762 1896 sscuhe fallen laßen den Einten darvon
1676 1838 2730 1968 aber nit finden können und also mit
1664 1926 2688 2064 Hinterlaßung deßelben an einem
1669 2009 2755 2155 orth da wenig waßer durch die zihl
1673 2091 2553 2232 gewattet und entflohen seÿe.
2504 3347 2787 3488 Ppeter
1578 538 1654 672 1
