3024 4032
414 485 1458 692 . Sie habe zu hauß uud gaß wenigr
428 603 1464 758 gesführt, so aber bald wiedero vergangen undt
437 695 1452 878 also nicht geglaubt, daß es umb ihre geberung
421 760 883 896 zutuhe seggn wurde.
428 881 1464 1048 z. ob nicht im hinauf gehen nach ihre Muter
416 959 1299 1124 Hauß die schmerzig sich vermehret hab ind.
414 1058 1476 1239 Bo. ja, alldieweil sie die statt hin aufgangen
419 1132 1464 1303 hab nd die Schmezer in waß zugenommen, sie
430 1215 1485 1388 habe aber sich nicht eingebildet, daß es rechtschaffen
427 1290 823 1414 Lndts wehr sehen.
412 1386 1478 1526 Repticiert. Sie habe ja vormals bekeent, daß
391 1488 1458 1629 sie vor der fr Zuberin Hanß Große Schmerzen be
388 1560 599 1662 kommen
397 1624 1445 1790 . ja. vor die fer huberig hauß ang der
420 1735 1439 1869 Golattenmattr gas seyr sie mit großen schwezen
424 1814 822 1930 überfallen worden.
411 1908 1459 2013 e. Warumb sie dann nicht daselbsten an dem
424 1992 1471 2111 Hauß ader aber anderwartig dort herumb bey
415 2058 1452 2188 einem unterer stübli, so allesamt bekohntsteit
413 2120 1447 2258 angeklöpfet habe und also hulff gesucht, dann
396 2197 1467 2320 Niemander so umbarmhertzig georteren wüer und ihre
410 2273 968 2407 irstand abgeschlagen hatte.
397 2350 1473 2510 e. Weil des herren Huberin haussduhr verschleßen
408 2448 1452 2604 gewesen, sie von ihre ferl Huberinh aller hefftig
405 2498 1481 2688 angefrindet worden, habe sie nicht allsa anklopfen
386 2569 1463 2731 darffen, auch sich geschricht andertögrtig anzumeldeng,
407 2640 1487 2817 zu deme so seyte sie vorg Graßes Ang so und schwerzen
406 2717 1465 2887 übernomeen worden, die da sie aller gedamben
409 2842 903 2960 und Vornunfft beraubet.
395 2904 1450 3061 Repliciert. Ander Wibls oersung in solhen
414 2968 1481 3133 standt laßer sich obgelegen steen manschlichr holff
413 3047 1463 3222 und bristand zu suchne, Da im gesneill sie
406 3110 1503 3290 die vlenschep und dero hulff auß gemüttene und aber
409 3181 1474 3395 wichen, wid emne sie sich eittig hinder die schychrrd
1202 3277 1381 3402 begebeh
2570 351 2688 457 159.
1593 450 2676 694 slag, scheiben damit sie ihre unzuchtige zaht
1597 576 2685 776 Ithim halter und dem kindt im verborge nen abhelben
1599 707 1779 833 naht
1590 717 2706 931 . sie kelenne, daß sie dißfalls unterantwertlich
1590 842 2689 990 Kintining geweßen, Alling sie habe einmal nur
1592 907 2691 1060 andt Barflen anklapferen, sonder seye in de angst
1605 994 2685 1149 rcht und schmetteren hinder die scfyles gelaßene
1610 1063 2709 1231 hirbey aber habe sie keinem bosen vorstatz gehabt, nach
1610 1145 2680 1301 heghet dem kindt abzuhelfe nach glouß unguted
1584 1250 1870 1399 zuzufugen.
1602 1316 2709 1498 seplicinrt. Dieser werde sliemand kamnen glau,
1599 1422 2695 1573 bey, daß sie nicht einen boses absehen gehabt, das kinde
1613 1501 2694 1668 azutühre, welches sie auch in der taht also un
1606 1589 2677 1718 bracht, damp das kinder nach dem zengnuß aller
1601 1660 2685 1822 Vottob und Schärren bey gehaltmer vioitation
1623 1738 2699 1848 n und außwendig als vollkommen und gestund erd
1621 1819 2672 1956 funden und seye lebendig zu Welt kommen, also
1629 1892 2712 2018 daß sie solches antwoeders mit getalt umb das leben
1615 1973 2460 2099 glracht dder aber verbahrlwaset habe
1620 2054 2689 2198 Es sey ihre niemals in suine kommen das inder
1629 2135 2733 2277 umbeubringen, sie habe auch nit die gerineste gebalt
1617 2202 2726 2349 sehs an ihme verbracht, Wenn sie sich etwaß der
1634 2296 2718 2426 wuchen in ihrem gewußen schuldig wüßte, so wurde
1624 2363 2693 2509 si in verschrifftung gerahten und sich mund stristeg
1623 2441 2719 2570 laßnn können. Sonderin das kindt seye todt zu
1624 2519 2712 2650 wolt kommen, sie habe an demselben einiches zeichen
1638 2588 2737 2733 daß aehens nicht vermrckt, nach selbiges itbemen för
1636 2668 2736 2807 viel kinderd pflegere)weyner gehört, dame es alles
1644 2743 2594 2874 tar im Wäschlümplin habe jangen laßen.
1626 2823 2710 2965 D ob sie das kindh bey seines geburt mit des hand
1642 2907 2000 3024 empfangen habe.
1636 2964 2706 3117 H. Nin, Sonder daßßelbe seye auff dem bedena
1648 3076 1866 3182 geschaßen.
1637 3141 2764 3298 z ob und wie sie es korg des kabelshnur abgebenden
1649 3222 1781 3321 habe.
