3024 4032
321 285 460 420 66
433 589 1132 667 möge ihres Heurahts zufrieden seyn oder
510 336 1476 629 Sedlica n 1 l ae
507 462 1463 690 wieder oppter Lausselst haffend.
427 667 1509 873 möge ihres Heurahts zufrieden seyn oder
423 692 1490 930 nicht es sey umb einen scpuz zu thun
416 752 1048 950 2d. Splition 1679
1135 867 1517 1025 6 E ampelt
432 858 1508 1109 aber vor herren Berhard Herrenschwand zu
411 929 1507 1189 Biel auff verspuhren daß deßen tentier
431 1020 1505 1247 e priedens regociation nit wohl von
417 1117 1456 1312 statten gienge in Zorn gerahten und
422 1201 1506 1391 verdentete, Es wäre nicht ant, daß der
413 1312 1505 1473 Meyer Ihme erzunder begennen wurde
417 1394 1487 1546 sonst der eint oder ander das Leben
424 1486 1450 1634 laßen mueßte. Il sen repentira.
403 1546 1024 1682 Wide Deposition N. 21.
1036 1599 1456 1713 Als Er
391 1627 1515 1810 Laußelet den herren herrenschwand einsmahl
407 1727 1502 1895 nach brittelen begleitet, hat er vor dem
386 1809 1465 1963 Wachtselsto Mathyß Wäber und seinem
400 1904 1450 2043 Ehe-weib deß Meyers schwager und
398 1975 1460 2113 schwöster (da sie ihme vorgehalten,
410 2063 1460 2191 ob sollte er den Meyer und seinen
381 2133 1461 2285 sohn todt zu schießen angedrocht haben
392 2203 1470 2363 oder seine hanßer zu verbrennen geredt
375 2299 1486 2452 der Meyer habe sich seiner schönen Hause,
378 2387 1433 2545 ren halb nichts zu förchten; Allemn
383 2449 1436 2604 wann er ihne antriffen wurdeetc.
380 2523 1451 2686 Vide Anßaag N 32a 6. d. Zinstags
383 2609 1428 2770 vor deß Meyers todt bey der zill
365 2673 1452 2874 Brugg ist er Lanßelet über Pfeter Ba-
371 2751 1419 2939 limans ihme gegebenen raht,daß er
370 2836 1452 3009 namlich den Meyer mit Continmierli,
362 2930 1359 3123 chen Schreiben umb den frieden
371 2986 1439 3180 bitten solle, auch in farte drohwort
369 3083 1447 3287 außgebrochen pprechend. Was soll ich
370 3173 1473 3381 thun. Ich will ihn betten mit einem
354 3217 1468 3476 paar Kügeli durch den kopff- und
1225 3349 1421 3450 e an
1691 471 2755 645 Peter Laußelets Eitschuldigungen
1584 520 1671 603 97
1672 1968 2673 2120 2 So ware auch bekanntlich, daß er zu
1677 2069 2757 2213 Neüwenstatt ein furil habe accomodieren
1683 2144 2761 2272 und etwelche Kegeln darzu dießen laßen,
1665 2232 2724 2360 allein solches seye etliche wuchen und
1683 2301 2776 2435 zwar Mehr als bey 9 tagen vor deß Mey
1678 2392 2167 2516 ers Todt beschehen.
2172 2418 2326 2495 4
1686 2437 2753 2590 So beharrete Er auch daß Er diß furil
1684 2530 2767 2658 samt Kugeln alsobald und hiemit lang
1681 2615 2772 2742 Vor gesagt deß Meyers Todt in das so¬
1694 2702 2774 2818 genannte muggen oder rohter haußge
1681 2779 2779 2893 tragen und daselbsten biß etwann auff
1678 2870 2787 2973 St Johanns Tag habe liegen und erst zur
1691 2923 2768 3053 selben zeit seiner schwöster Millietin
1688 3013 2738 3154 in einem brieff erstucht, daßelbe bey
1685 3075 2763 3227 dem Muggen, Hauß zu forderen und
1619 3196 2554 3356 sammt seiner schwöster Millietin tc.
2541 3292 2692 3427 ihme
