3024 4032
252 331 362 463 10
302 506 1441 708 Epmits habe der schlüßli auß seine rahts befelch
374 581 1455 793 einem anderen faltschen spergementinei gultbrüfe
378 672 1440 877 von 10000 lbr capital geschriben nnd selchen
365 749 1453 947 auff Pard Kindler auff dem onen solterberg als
369 834 1434 1027 haubtschuldner und dry andere darumn vernamset
370 912 1425 1097 spersonen als burger und und er dar d atage
360 1010 1423 1178 Ao 1668 gerichtet und ein erdichteter gutt von
360 1097 1426 1237 220 juherten zum underpfand darein gesezt,
363 1158 1415 1310 und daß geschwoornen natarii underschrifft und
340 1232 1441 1409 handtzeihng auß einem alten spruchbrieff abge-
362 1342 1430 1493 zeichnet, auch darüber eine faltsche aberggab zu
358 1419 1423 1550 seinem gnnsten gestellt, Er rocht aber habe selb
333 1486 1410 1643 isten das ohergauret darsur angeschaffet und das
347 1577 1430 1726 schwartz gebüchte Siegel Laüßli abgedachten
348 1662 1435 1807 alten spruchbrieff auff gleiche weise genommen und
352 1752 1452 1884 an diesem faltschen gulsbri gehembet, voleends
342 1836 1411 1962 selbigen an einem gewußen seeren als gut und
337 1911 1406 2037 Währschaffts den 2en maii ersthen verhandelt und
346 2003 1428 2132 in paar Mlalen 5000 lb pfl im Bartingelt
325 2066 1409 2193 darauff empfangen, das übrige auch etwann nach
328 2153 1415 2282 und nach einzeuchen wollen. Dieser summen
321 2223 1418 2360 gelte habe er mlehrenteills zu gestillung seins coc
312 2304 1411 2450 editore und abrichtung schuldiged zinseg verbanden
329 2400 543 2509 aüese ei.
306 2443 1418 2601 2s. welche prsonen erkaht als seine nachburg zum
322 2523 1411 2674 Weill in seiner juchand gebennt hatte, santlich aber bereits
318 2623 738 2749 gestorben waren
295 2727 1409 2899 Wittes von Naht der stelendes sanmean gelr
293 2824 1413 3007 habe e saht 600 lb pfl dem Hanns Jenei und
303 2924 1425 3093 Elß ach dt ehrleschen von bredklohen di herschaft
311 3021 1413 3160 Daßd in vorgescreckt, die da ihme einem phergauer
288 3073 1403 3243 einen mit einem grichstlichen shein und underpfän,
284 3167 1403 3312 derein versehenen, durch daselbstigen heeren oberheren
273 3236 1425 3406 besitgelten und den hedeschafft,schreib es und eschribenen
1084 3322 1233 3430 und de
1551 474 1655 609 1
1635 481 2751 669 und den 12. maii 1122 datierten gult bruff
2599 589 2785 692 Dieser
1627 614 2491 786 auff richten laßsen und eingehändige.
1627 676 2788 889 Gult brieff nug seye abermaln auß sein rahts
1640 766 2796 970 beselcen durch ihne selaßli von wors zu wort abge
1632 859 2805 1058 scherben, allein anstatt 600 auff 6000 lb gesezt,
1640 965 2791 1112 und der halt des und erpfänderen nahmhafft verde
1624 1052 2798 1225 großerr, auch des darzu gelörngen, sching und die simm
1639 1123 2797 1306 deßelben abgeänderet worden. Da er raht auchselb
1615 1212 2812 1385 isten das phergaueet darzu erkaufft und das siegel
1617 1296 2795 1472 Haußli von dem gültigen sinßbrieff ab und an
1641 1406 2817 1556 diesern faltschen gultlurff gemacht, volglich denselben
1639 1497 2798 1631 auch als gutt und währschafft verschinnenen 13l
1634 1564 2787 1690 julii an einem gewaüßßen herren verdebitiert und
1642 1648 2755 1806 das barr gelt deo 6000 lb als ereit empfangen
1645 1733 2776 1886 empfangen und in sein hauß getragen gehabt
1630 1822 2757 1974 ermit so viel an ihme dem bdteug vollbracht.
1623 1926 2737 2055 Darauff aber gleichen abendt, daß solches eine
1621 2015 2769 2152 gefehrdt und nebriegerey seye, in erfahrung gebracht
1626 2083 2772 2213 alles gelt der 6000 lb wieder bekammen und erd
1635 2147 2764 2326 racht erhashet und in hoch oberkeitlichen verhafft
1617 2234 1907 2363 gesegzt worden.
1523 2374 2807 2651 Aber welch wehe vericht und bekantnuß meghli
1630 2529 2759 2735 und obren raht und burgere, danan dan ihres von
1624 2605 2773 2803 gott empfangenen hoch oberkeitlichen amts wegen
1634 2688 2692 2903 Oblerst alle lote laser und dergleichen höchst
1612 2757 2776 2967 geführliche und weit aussehende undernemungen
1635 2852 2742 3047 eim schandtliche beternegen zu hand hab undt
1613 2913 2788 3157 beschirnung des allgmeinen sicherleit abzustracken
1629 3011 2777 3241 in dieo gestrigen stagt gehaltenem sohen ver
1617 3090 2784 3313 ersambung bey ihren eyden erkennt und gesprochen
1634 3160 1812 3274 habind.
2060 3230 2792 3405 daß er Samnel Rohl
1625 3269 2666 3503 wegen solchen seinem begangenen mußß erahten
2243 3436 2333 3562 3
