3024 4032
430 484 1460 720 Eineg schanen Verdienst und gebung dardan zeagen
435 583 1441 802 und sich samt seinem wib treichtich durch bringen
429 649 619 758 Ru
787 708 1450 877 An welchem glucksäligen zu
414 745 1440 946 standt und Lebens Art dieses Eleide Manz¬
436 832 1445 1020 aber sich nicht benurgen wollte, sonder ließß
403 896 1446 1116 sich durch den chunden dunst deß hochnuchts, der
408 977 1449 1179 ehe und geltsucht dermaßen einamen und be-
418 1052 1459 1244 thörnen, daß er sich in seinem anzagenen glubs
398 1150 1418 1322 stand überhebte in des welt leich und grosen
389 1247 1450 1425 scheinen wollte, zu dem fud an eint und anderen
384 1327 1420 1485 Orten zu statte und landt etliche hauser und
385 1415 1416 1559 gword erhandelte und auff denselben nahm,
379 1484 1422 1670 haffte, Lasebart und seinem standt nicht ange-
377 1592 1416 1751 meßßent erbeßerungen und gebaüto zumachen
391 1655 1437 1834 underfienge und darmit in Mlangel und schul,
377 1741 902 1892 ddemn staldt sich solte.
1078 1776 1399 1905 dahero so i
370 1831 1408 1998 gestellgng seiner auffgeloffenen gelt schulden
375 1915 1409 2059 und töbtsetzung seines angefangenen sprachtz
366 2001 1397 2127 auff allerhand koofe und ernemmungen bedacht,
371 2091 1412 2212 vor gott und vlenschen verbottene wlittel und wegen
359 2162 1418 2308 umb gelt zuerhaschen vorgenommen, in dem dersel
353 2235 1392 2389 big deren und erspiedliche faltshe spergementine
358 2330 1404 2476 galt ades zinß beiefen durch kinanuel schlaßfen
358 2416 1417 2551 einem in seine  diensten gestandenen jungen wrl
345 2499 1410 2633 hat schreiben und verfertigen, dieselben mit erd
333 2575 1405 2721 bichteten underpfänderen, geschwaer schriberen
340 2665 1425 2798 underschrifften faltschlich und boßhafftiglich versen
340 2740 1390 2856 laßßen und selbsten ab anderen wiefen genoment
306 2807 1436 2954 Singel daran gehambt und nachtorts solche falthe
335 2895 1393 3050 aultbriefen und hultig, gut und währschafft an
327 2978 1395 3110 verschiedene personen verkaufft, das bar gelt
321 3064 1409 3208 darfür empfangen und dardurch seinen elebendteshen
324 3136 1402 3293 vorsezlich im gröblich betrogen und boßhafftglich
934 3228 1397 3380 Gestalen edtlich
319 3228 843 3358 deß seinigen beraubet.
1676 549 2803 714 endtlich durch gotter versehung, vod deßen ang nicht
1674 639 2768 814 das Gering sie verborgee, sotahned betrug an tag
1665 736 2785 889 kommen, Dieses maleficant außf ninalen ward,
1644 806 2734 969 fallen, ergeiffen und in oberkeitlichen verhafft
1650 902 2764 1064 gesezet worden. Allwoo es in denen mit ihme
1656 1000 2751 1118 Verrichteter eaammnit as kürtlich und ohne an-
1652 1078 2735 1221 beidung des Colter nachfolgende bekant nus
1659 1166 2658 1325 und vergicht weillt und von sich gegeben hat.
1630 1315 2779 1491 Erstliche sey gerkauffung deß guetlins uuf dem
1650 1448 2742 1585 Rutziwwald habe sein verkauffer ihme mnen
1646 1518 2743 1658 Gelrbeirff auff Nielaud Stauker als haubt-
1639 1602 2748 1748 schuldird und seine burgen lautend von 200 lb
1645 1685 2778 1831 capitat auff abschlag deß kaufschillings ohne an
1640 1761 2743 1897 standssuben allen überbunden, welchen er rtaht
1649 1852 2762 1995 und bald von dem glaubiges herauß gelößt und
1633 1934 2772 2065 solchen und an deß schreibers und erschrifft camceltirrt
1648 2003 2767 2139 an dem stägel aber mur erstehet empfangen. Da
1649 2091 2752 2215 aber nachserts etwaß gelts nähtig, habe er roht
1649 2166 2749 2324 denselben brieff den woort zu wort durch manel
1639 2253 2759 2399 Schlyßli inen in seinem diensten gewesenen hafen
1639 2339 2753 2479 gesellen abschreiben laßßen und deß darinnen gestan
1631 2415 2744 2572 dern geschwornen schreiberr underschrifft nachzuah,
1622 2489 2727 2641 sinem befohlen, das spergamees darzu selbsten
1648 2562 2753 2708 erkaufft und selbsten das siegel von obigem briefen
1640 2645 2775 2812 abgemacht und diesem berff angehambt, zugleichen
1632 2728 2733 2889 habe die schläsfeli auß sein rohts geheiß eine falt
1631 2804 2732 2949 ische abergnab geschrieben, als wann dieser bei
1627 2893 2761 3039 ihme segt von dem darim vernamseten glaubiger
1640 2970 2711 3130 Eldiert worden wüer volglich danselben fur gutd
1639 3045 2703 3179 und gültigang eine gewüsße tochter dem ath
1624 3119 2733 3277 Xebris 121 verkaufft und das bart gelt daro,
1623 3188 1988 3338 fid empfangen.
2396 3269 2626 3398 Donnt
