3024 4032
357 472 1417 703 B. Auff waß wise sie doch die sach wollte vorgnommen
379 605 1421 809 haben, sie stehe ja nicht mit aeintnad vrth
351 693 1398 872 deein mansch steur bich der stell gelesen ihre be
349 762 1398 946 hilfel ich zusegen, sie selbst stehr mit angst
370 848 1427 1005 und schmerzen behafftet getrten und habe also dem
373 907 1419 1080 Linds nicht rahtsbafken kömen und hie mit selbigen
367 982 1411 1139 zu arund gehen laßen müßen, da doch einer
352 1047 1419 1237 Mluter Obliege alles vlugliche zu erhaltung ihno
356 1135 1001 1265 lubtfrucht vorzukehren.
375 1226 1436 1393 Der Große Schwerzen und die angst habe
377 1323 1424 1437 sie eindmals überg allen, sie habe niergendshin
379 1406 1428 1520 gelaust und sey dess 2wrgen voller Angn stdart
383 1483 1432 1596 hinderhin gelaßen. Einmalern sey das kindes
377 1537 1231 1673 wie gemelt, tndt zu telt kommen.
376 1635 1419 1762 replicirt. Wann nun das kindtnach ihre
401 1732 1400 1845 vorgeben todt zur welt kommen, so werde sie ohne
376 1788 1419 1916 Merifel wührend ihrer schwfangerschafft arzuihen
395 1877 1204 1984 eingenommen haben, solches abzutreiben
387 1923 1431 2069 . Sie habe anders nichts genommen, als etwann
400 2019 1429 2143 4. Wuchen vor der chrnisdt habe sie eint purgat
398 2110 685 2209 eingenommen
372 2161 1426 2298 . In waß absehen sie diese purgatz genommen.
389 2226 1464 2395 e. Sie habe bey drey jahren zu vor niemalspurirt
411 2295 1437 2492 ghabt, sie habe also solche nit genomen umb das
402 2374 1457 2531 kindt abzutreiben, sondern und ihre zeiten winderum
408 2489 648 2619 zurhohen.
395 2510 1483 2715 repliciert. Ein schwangere weibs fesen habe
408 2590 1453 2785 keine zeiten. Hiemit weil sie ihre zeiben wider,
398 2683 1450 2858 zubringen getrachtet, habe sie eben dardnachgesucht
411 2805 945 2917 das kindt abzutreiben
403 2810 1477 3000 . Sil habe nicht vermeint, daß ein pwaeget
427 2914 1471 3125 blut zegingung ihre lubsfrucht wond sehen
429 3064 556 3145 worde
409 3034 1487 3245 2. Wed ihra dise pargah angerdnt und wosie de
425 3198 1044 3328 Mittel rrcepar ierei lasßen
396 3192 1506 3429 B. Sin habe dag selbesteg in herr lachts Apetluct
1285 3306 1378 3359 eint
2500 460 2598 561 163.
1586 526 2609 696 vie bruts, stermnung afrdert und 3 h gefürnget,
1596 623 2613 755 oes diened habe ihre selbige zugestellt. allein sie habe
1590 685 2134 835 zud geringen lchlit gelahn
1604 776 2579 913 B. Mahrohl habend sich deßen von hre rachtste
1599 844 2596 967 beiden dienerin inquidiert, welche beide gesagt die
1585 908 2589 1031 Marlottin war zukammen, allein sie wüßind sich nit
1594 981 2568 1120 zuversimnen, daß sie einehr omed icament gefaldent.
1591 1051 2625 1187 D. Ob sie seit dises eingenommnen bluten Rechiname das
1600 1132 2518 1272 kindr in ihrem küb sich betrgen nicht gefühlt.
1604 1221 2623 1355 B. seitselbiges zeit kiemalen, dahero sie gestrikelt
1615 1295 2586 1414 und vermennt, daß sie entweders nichtschlanger ader
1611 1363 2240 1510 noch langen nicht gebühren werde.
1624 1456 2589 1587 dn sosig nicht lurtz dad ihres grichst das lindt ge
1605 1568 1894 1677 schuhet habte,
1611 1597 2600 1754 d vleie. Sie habe es im apellen gesführt.
1607 1694 2648 1872 a zu welcher zeit sie dem herrn füller das Rendloons
1635 1786 2588 1927 geben umb ihme anzuzeigen, daß sie schwangern
1835 1915 1867 1956 3
1634 1885 1833 1986 Lube sehe
1625 1898 2639 2089 f seit dene sie in deß banblins hauß wohrhaff an
1637 2001 2665 2132 einem abend sage er ihra wird ermalen nachgelaßen
1648 2065 2649 2204 und begehrt mit ihra nach hauß zugehen, sie habe aber
1638 2108 2649 2286 ihne nit wollen laßen mitkommen, sondern verdeütet,
1657 2181 2696 2321 daß in des Backlind hauß sie keine gelegenheit jemann
1644 2281 2647 2406 zuempfahrn. Im übeigen verlangte, sie dennach
1647 2322 2683 2495 nit ihmme zu reden,. darauff er ihre ein rutewa
1656 2405 2685 2562 genamset auff dem tag hernach das das jahr hinaus
1656 2480 2631 2636 allein sie habe eben zud bestimmten stundt sich nit ein
1670 2549 2693 2688 frindern können, des swrgen sie einanderen verfehlt
1667 2656 2024 2785 Act Obsta
2533 3035 2690 3040 da gebührend in fellen sun ihr gl sleßa
1895 2835 1987 2901 vd
2027 2896 2184 2948 namen
1842 2885 1884 2956 i
1783 2897 2416 3040 vlit Judith plorlot.
1875 2785 1907 2791 Act Obsta
1660 3040 2694 3212 da gebührend in fellen sun ihr gl sleßa
1690 3093 2687 3289 No 197 jusuo Augutz gaend min sohlhez
2427 3216 2564 3318 trr
2025 3040 2116 3060 vlit Judith plorlot.
