3024 4032
529 311 1010 473 2. Cranun
395 407 1259 629 Mit Danel Banrkauw.
307 512 1406 803 Sachsene m olen ud obren sichtund
1162 629 1237 651 Mit Danel Banrkauw.
340 636 1404 863 Burger sub 13. Current io dobris, denen das
334 741 1367 922 Erstere mit Damel Parrkauw verrichtete
345 821 1395 1017 eamen vorgetragen worden, erkennt, daß
352 901 1390 1082 nach ueblichen Etuto das Vernere Cxameni
352 1015 1410 1177 mit ihme pamnkaut durch ein ehernglid mehen
346 1076 1388 1243 des rähten, den die ordnung betrifft, wie auch
345 1172 1399 1333 an statt uertohl Groß weybels im hahe ( des
334 1257 1403 1392 in dem aosteren patto auch ehremp findtlichen
325 1339 1397 1468 gegrisfen und diß entwegen abtretten solle, duch
316 1431 1415 1570 Metoh Ammani neben dem grichtschriben vor
326 1495 1393 1635 gführt, in die verantwortung, dißen abel, so ser
324 1605 1405 1744 Des a m 1. auß gefelltem hochberkeitl Ueil
339 1681 1318 1817 vorgegangen nicht eingetretten werden solle.
945 1781 973 1835 d
309 1766 1407 1921 Als habend hier auff mheren gegnlichesr vorrhte
322 1856 1372 2002 wildt als von ihr gal haazu verdinte
321 1944 1399 2087 Prammator, wie auch vltohl ahthauß, Auen
306 2009 1371 2176 Johann Rudolff Thormannn mit dem gracht,
309 2098 1397 2247 schreiberen knecht sich den 26.ten ditb eebis1
325 2197 1383 2332 in die gefangenschafft uefüegt und in ehrigeren
299 2256 1405 2441 Wart Melohen Herren alt landvogts von Grehen
293 2348 1409 2518 wirdt von bipp und herren landvogts von Watte
289 2419 1359 2591 ayl zu Landthut, auch andere herren bungern
294 2530 1100 2663 Nachbeschribener caamen gehalten.
293 2595 1384 2771 befragt. Ob so nit a d25 von hinsigs sohn
302 2689 1376 2847 oberkeit zur straaff eines in truck auß gegebenen
285 2734 1395 2930 fatte, darinnen er verschiedene particular personen
312 2797 1398 3000 eine findtlich durchgezogen, erdtlich deß landtsvo
302 2954 633 3055 wisen worden.
280 2938 1399 3169 Antwort: Ja, Über eine supplication hin so er nit
286 3067 1177 3246 geschrieben, eye er also gestrafft worden.
260 3094 1406 3316 repticirrt. Er habe ja dieselbe suplication eygrese
253 3225 1172 3420 ldig geschrieben und underschriben gehabt.
1208 3248 1319 3383 N.
2506 376 2603 455 201
1542 457 2654 650 N. stin, selbige habe er nitselbs geschicbnen, solder
1546 585 2659 745 solche seye ihme bereits geschrieben in die gefangenschafft
1568 658 2643 805 überbracht worden, welche erd also underschriben
1551 785 1723 892 meßen.
1521 833 2378 1019 e. wo er sich sinthero auf gehalten habe.
1538 918 2626 1099 Do frd seye und jalr lang zu Tleuteiburg gewesen.
1542 997 2361 1176 sithers aber mestend im lentschlandt.
1524 1079 2587 1252 e: Worumb er sich von nautenburg von seinem
1544 1174 2535 1318 frend und vertandtein hinferg begeben habe
1543 1272 2623 1411 No. Weilen fr Viel sischgelt bezalen müßen und
1559 1357 2117 1489 nicht zu Rudiruen gehabt.
1532 1421 2661 1601 a. Auß waß ursach und in waß verhaben er in leüth
1551 1549 2071 1679 lant sich verfnegt habe
1524 1622 2486 1744 R. umb sich etwann an einem ort zu sezen.
1534 1715 2638 1851 g. ob er seithero nicht ein fattum, darimen er mit
1547 1781 2668 1912 hohr oberreit allhieb und etwelche wart untar, personen
1540 1844 2658 1975 schandtlich angegriffen, in offentlichen truck habe auß
1551 1916 2662 2059 gehrn laßen, welches libell ihme nun auch vorgewisen
1540 2020 1727 2121 worden
1530 2053 2542 2218 R a, Er habe dis fattie laßen daniken.
1522 2163 2628 2311 H ob e solches selbsten außgesat oder ob jemandt
1532 2244 2237 2374 ihme daßelbe componiert habe.
1539 2299 2658 2462 . E habe in weill darvon auffgesezt und solches dem
1532 2411 2637 2535 dicntiatem Tramwer übergeben, der dann ihme auf
1539 2474 2657 2597 sein pambautos ansuchen und sein conoend die nöhtige
1545 2543 2690 2683 bisat beigefuegt, worauff er hernach daßßelbe durch den
1561 2614 2459 2739 auch tructer seinschidt habe truken laßen
1545 2697 2679 2830 h ob der aicentiat und der buchtrumber sein diffi
1553 2790 2696 2916 mcultit gemacht ihme in seine aegehren zu willfahren.
1544 2832 2648 3009 Hr Nein, die habend aad keinen bedenbeg getragen
1571 2937 2674 3088 zumabin die unvensitet zu Lubingen, allda er
1551 3004 2669 3177 seinen handel auch habe consultieren laßer, ihme
1548 3060 2082 3221 Eentaut auch lchtguben
1533 3143 2691 3352 B len welchen, daten er diß fattuer außgebreiket habe.
2363 3309 2662 3423 B Wider
