3024 4032
307 483 1350 650 pfug dr Standet, daß es zu Bern solche richter
328 595 1352 746 giebt, die da wollen mlenschen, Christen, ja Statt
313 668 1340 810 halter gottes seten und sich nicht schamen ein solches
323 756 1297 871 gott ehr und gelaußßenlaases wseill überd
325 820 1361 964 einen inschuldigen zu fallen, deßßen sache nit gehörig
329 895 653 997 und ersuchet d.
308 968 1354 1095 Item daß sie den großen schandflecken widerd aus,
319 1065 1338 1184 zuwischen stuchen, wormit sich sonderlich der Graße
322 1136 1348 1258 raht durch dieses schandtliche urveill besndelt hat.
316 1223 1329 1357 verners. Da nun meine ungerechte richter in
314 1312 1339 1422 meiner nacht die causee coquitionem underlaßen
322 1383 1304 1507 und den odinum dediciurium nicht beobechtet,
313 1462 1341 1588 so haben sie sich aus dem standt der oberkeit in den
302 1531 1318 1659 standt eines prwati gesezet, folglich sint sie vlir
310 1618 592 1721 gleich worden.
306 1688 1326 1818 Dannethin: Daß also die gantze samma des mid von
307 1773 1330 1885 meinem frinden durch dieses allen göttlichen und mensch
304 1841 1338 1965 lichen rechten zu wieder lauffende urteill vorur sachten
301 1905 1353 2023 lesten und schaden sich belauffe ec. Seind also meine
301 1968 1348 2093 keinde und ungerechte richtes vor gott under denen bird
308 2039 1326 2168 ner, gestzen schuldig, weil sie mich in nichts gehorig
304 2109 1342 2221 und denen berner gesetzen gemaß überwiesen, folg
298 2170 1353 2314 lich gedachte meine frinde und ungerechte richter nach
313 2235 1363 2384 ermellter Berner gesezen an meine stelle als schuldige
311 2311 1343 2450 gekommen und nun die stragk verdienet, die sie mid
315 2371 1327 2507 beschuldig und unserdint in ihrem ungegrindeten
293 2469 814 2584 Urtill zuerkamt haben.
294 2553 1326 2701 Eestlich nach welchem gott ehr und gewißens
300 2609 1342 2758 Loosen grundt (der falteben supptic) sein grichts
318 2686 1350 2807 Weill über mich hat können gefellet werden s und
315 2785 1284 2903 viel andere dergleichen schandtliche cxpressionem mehr
294 2825 1331 2971 Wardt herauff in sherem befragt. Ob ihne nicht
305 2898 1356 3049 leßes seye, daß zu sich solches gestalten gegan das Oberlit
316 2977 1344 3109 vergesorgn in dam erd den zügel seines schandtlichen zeng
317 3053 1039 3178 und feder in so weit habe schießen laßen.
298 3114 1374 3269 eetc. Er seye gezstoungen wirden solches zufuhen, in de er
1057 3212 1246 3285 Niemaler
2451 431 2566 532 205.
1522 523 2574 669 Mietlatn einher ubalt aht übrbiesing worden, dendach eine
1532 609 2558 734 selchen harten swraafft und stehen mnaßeng und alles deß
1521 674 2592 804 einigen braubet worden, Es habe öffers an erschidene
1520 748 2566 884 Erng uder did solen stander allhieb gschriben undt
1531 808 2439 952 sich kklagt, aber krne antwort jemels erhalt.
1525 885 2556 1047 h zu daß für einem endlhkert sor inhehen oberkleit
1544 967 2509 1105 auff solche wariste durchgezogen und außgeschrauten.
1530 1051 2546 1209 e. damit er ing seinem clagten machte erhart woerden
1524 1138 2576 1302 Repticirt. das jennge sovvor der Oberheitl Wteil
1541 1214 2602 1355 de e. mi 5 vorzangen, sge durch dieselbe uußgebracht
1531 1270 2567 1432 worden, in deme er sich damalen jselbst erkennt und
1547 1338 2557 1503 bekemit hatte gefehlt zu haben. Unmaßd en geleghen
1540 1406 2531 1556 dißmalen ausstruwkenlich erkennt, in daßelbe nicht.
1533 1474 2594 1638 mehr einzutrotten, sonder daß es nur lediglich umb sein
1542 1522 2592 1724 Letsteres fantam zutuhr seye os er also nicht
1551 1604 2589 1760 erkenne in dieserm feito gooblich gefehlt zu haben und
1546 1682 2600 1835 obe ihme solche steig verbrichen gegen des hohen oberkeit
1551 1800 1989 1917 nicht hetzlich alnd seye
1537 1836 2608 2015 fr Ersteür inschuldig und uinberwisen banidiert worden.
1536 1917 2596 2059 Ertane keinen richter wehr allhiedauff der welt
1545 2001 2585 2128 Ds tuker gottes gericht ang, er appettiere vor dar
1538 2066 2574 2203 jüngste gericht. Er seye nicht sein fehler, daß er
1542 2131 2616 2282 solches habe murßach vornemmen, sonder deren, die ihne
1541 2233 1821 2344 dahig gebracht.
1530 2291 2637 2425 zu wordens er dang vormals durch sie dof ihme under
1541 2379 2624 2505 schrieben fapitication eich als fehlbar dargestellt und
1537 2451 2139 2584 umb verzeihung gebetten habe
1547 2505 2604 2669 dinsele supticatien komme nicht voy ihme ber
1547 2576 2649 2725 mann habe diejanige, so er damals eingebeng verworffee
1545 2691 2581 2824 fo habe also die actsver als gefangen underschäiben
1551 2770 2321 2896 hemußer, da er jind ach uschuldig kere.
1538 2821 2593 2984 prapticier. Er solle dach in sich elbsteig gehaen. Ob er
1564 2893 2620 3039 nicht bekennen meeße, daß is gegeig der hohene oberkeit
1564 2967 2641 3116 übel gefehlt in demme ed die allerschandtlichsteie capressi,
1540 3050 2567 3184 eren söndes sie ausgespaßen, ja ihraso zusaren
1566 3085 2599 3256 nacht trag und siepter gebrungen. Wann e slricht
2348 3191 2577 3291 sie sehe nicht
