3024 4032
2568 488 2665 579 139
1651 481 2621 691 Bentans vnd Gagict
1721 630 2547 798 e Drel Mloctoll
1606 759 2659 921 in helendischen Keigs diensten sichlufe deden
1714 856 2522 1002 Hanns Ruudolff Leckendver
1720 934 2601 1091 eheweibs von etwann 233 jahren alters
1577 1130 2659 1295 Hactdenr jungst untrichemnen 20 augusti
1637 1233 2680 1367 M2tt morgind Wischen 6 und 1 uhren ein
1630 1321 2661 1457 neüto gebahrert knäblin allhind in des statt
1639 1397 2691 1542 hind es denn so genannten speschern todt under
1645 1487 2667 1627 einem spycher verscharet gefunden worden undt
1647 1562 2683 1699 nachteres über die von ihr gnaden verordnete
1634 1648 2689 1796 geenter nachfartung daso liedigen taht und
1636 1733 2699 1873 gebetten pumma gelts deme so die Muter darzu
1648 1825 2702 1947 mtdehen wande etc. Bald an tag kommen, daß die
1628 1905 2682 2053 Jadittz Morlott diesers Kindtlin terst Zuith
1643 2004 2714 2146 zud wolt gebohren habe, sie auch deßen auf
2604 2065 2731 2178 Als
1642 2087 2601 2221 Befragen nicht in Abred seÿn könmen.
1648 2159 2704 2309 habind hochgedaicht ihr gnad i herauff disere
1633 2238 2764 2409 persan alsobald zu gefangliche unso arnne in die
1658 2344 2740 2486 Ober gefangenschafft die so gmnannte Rebeur-
1645 2430 2734 2566 Gatterstuben in verhafft sezen laßen, Alloo
1661 2514 2758 2669 auß deroselben besolhen, sie beider durch meinen
1658 2591 2747 2751 hichgeulng herrin Rahlsherpa Wyßals
1660 2682 2772 2835 aut jhr gu Lohenn Mittilgn hirzu verarderten
1642 2780 2731 2929 herrn exammatoren, wie auch metohl her
1666 2841 2767 3005 Rochthauß, Amamg Johenn Rudolff Thormann
1667 2958 2723 3086 und serl Gmgeltner, schreiber Jacob Fhriederich
1669 3008 2732 3152 h anstath Metohl Graß wegbel und Aricht¬
1652 3126 2743 3240 schreibers ( so beide verwandtschafft, halb abteitteng
2477 3211 2668 3306 mueßen
