3024 4032
348 583 1353 732 hauß 1 alldahin sie als kochin auff Jacobi A24
357 672 1329 819 gelanget) habe sie und ihre nebend mlagd Aneli
334 733 1332 865 korch sich wol übel vergeßen, Audeme sie dem
332 797 1277 957 Tischmahrs schad zu Heürahten gesucht unds
344 895 1325 1003 ihme niwarhafft vorgeben, Ob hatte sie ziemlich
342 951 1299 1071 shonr verdiente wittel und gungsamm zu Ein
348 1011 1338 1149 lauffung deß Burger und gesellschafft rechte
348 1091 1278 1209 und auch zu einem satz in sein handklorert.
343 1156 1314 1275 Und weilnn dene nit also wart, so habe sie sol
350 1237 1304 1356 hes dem Aneli kirchvorgestellet und ihns
354 1307 1328 1428 veranlaßet und angetrieben zu Trachten über
358 1382 1299 1505 deß herrren landtogts gehalt zukommen, mit
339 1445 1309 1572 Uerdentag sie müeße 50 b und für die ge
348 1519 1271 1645 sollschafft nach ein mlehrers haben. Dazero
344 1621 1296 1741 3. Habe das Ampli eittig ohne ihr betorsten
351 1695 1324 1808 508 in pannische dubloue genommen und
341 1760 1320 1894 Ihra Madle Graber, da sie auß dem Garten
348 1826 1354 1970 kommen solche auff der stegen zugestellt, wolh
346 1912 1332 2028 hes gelt sie in ihreig trag gelegt, darauß aber
346 1966 1350 2086 nachmals wiederumb verlohren habe, nicht
351 2033 1366 2154 wußand wer und auff waß weise mann selbiges
354 2141 526 2230 gnommen.
343 2194 1341 2328 1. Als nun obiges gelt hinsorgg waren, ohn
345 2259 1354 2405 gefehr zu zeit deß Martini klarbts Kilschin
357 2340 1376 2461 De hhre landvvogt Lramk lage, habe das Aneli
348 2415 1329 2550 kirch in ihr der lochig beistung dem krantzen
349 2491 1318 2633 dem schribzich aufgelupft und nit wudend
364 2555 1297 2678 mit waß für einem eisten das schloß daran
340 2624 1356 2754 Nind sich getruckt und also die außere tuhr
351 2687 1338 2820 grösnns, nachtarrts auß eines schubladern den
354 2779 1355 2874 schlüßel zu dem inneren tührlin genommen
360 2825 1372 2941 selbiges auch auffgetahren und auß dußigem schafft
377 2907 1356 3015 lin die schlüßel zu dem eisenem trag genomen,
370 2956 1377 3083 und darmit selbigen auch auffgemacht: Damalen
375 3030 1371 3125 habind sie also mit einnanderer auß dem eisenen
372 3091 1395 3199 trag worlche dupkonen ( wüße nicht wir manch
365 3135 1384 3276 dann sie solche nit gezehlet) wie auch 2 guntzethen
1060 3221 1352 3324 d. wari th
2451 484 2540 586 279.
1547 574 2550 726 4. Bern tahler und v rd pfrnnung, etlarliche
1553 676 2546 802 Berm Hunf Butber und zohen köetzlis getrendt.
1561 743 2531 891 wortan sie die köchingen nach ihrer rechnung fürd
1552 809 2561 958 ihren veill bey 50 r gehabt. Dieser gelt
1564 888 2572 1042 habe das Anneli selbsten auß dem trag genommen
1564 964 2538 1111 in seinem furtuch hinab in das stubli, da mann
1553 1034 2591 1184 sfrisbt getragen, allto sie solches und er einanderen
1564 1102 1713 1197 gebilt.
1566 1204 2571 1337 6. Mogen drey oder vierd wuchen vor ihrem vor,
1556 1276 2581 1408 haffts seye das Ameli in ihn der köchig gegennt
1562 1358 2576 1479 wiedermabnn auf vorerzehlte weise überd den schreib
1554 1429 2564 1535 stisk und dem eisenem trag gerahten. Damals
1571 1494 2592 1611 habind sie auß dem schreib, tisch, welche durlanen
1583 1566 2566 1659 und auß dem eitenen strag auchetliche duplanen
1574 1632 2581 1739 und ducates trentosols, funffazler und sehen
1564 1699 2569 1808 Kreützler entwendt, sie wuße nicht wie viel es
1577 1760 2534 1872 getsen, dann sie solches nit recht zehlen können.
1573 1836 2571 1927 Das Anneli habe wiedermalnn diß gelt selbsten
1580 1899 2598 2019 auss dem schreibtischn und dem eitnem trag herans
1562 1954 2537 2077 genommen und hernach ihro der löchin zugestellt,
1570 2028 2469 2132 welches sie nachtwerts in ihren trag gelegt.
1576 2065 2579 2225 Auß dieserm gelt habe sie die lachnn bey 10 ß.
1564 2159 2600 2273 für ihre kleydung bey 14 thl für eine kerdung
1577 2232 2611 2357 dem tischmacher Schard angetrndt, auch ihme shar
1568 2289 2583 2420 2. oupt und steinem bruder dem Trompeter
1568 2369 2619 2500 1. Dupl im Gold darvon geberen, auch seithers dem
1571 2435 2577 2556 herren landtvogt Tillird 4 doppelte und ein
1579 2512 2553 2644 vierfache dupf samt 2 oucaren wiederumb
1935 2583 2601 2694 alles übrige gelt samit des Amnlis
1569 2596 1797 2709 zugestellt.
1568 2638 2555 2762 Anteill aberd habind sie under Nordn Maler
1572 2733 2586 2827 durch Madle Graberd ihre schtroster beisamen i
1587 2777 2531 2894 einem verbundenen säcklin nach sigrißwyl
1564 2845 1712 2948 geschikt
1565 2898 2599 3055 S. So habe das Anneli zu gleiches zeit, als sie beis
1577 2977 2563 3123 über den schreib tisch und eisenen trog gerachten,
1585 3054 2546 3169 nicht wußend wo und wie, die schlüßel zu dem
1571 3109 2576 3273 Magazin adar Grumpel, Gemach genommen, Über
2373 3172 2554 3285 welchet su
