3024 4032
371 453 481 580 76
463 499 1537 719 Dorff Brittelen herumb, allwo Er angetroßen
454 605 1508 766 und Ihme nach seinem Begehren auß Vor¬
463 682 1505 832 anstaltung seiner Liebste von seinem
433 769 1513 919 achen,aeuthen PPeter Blank und deße
448 841 1490 991 weib speiß und tranck zugebracht
459 908 703 1015 worden.
946 943 1476 1060 Der Merer wäber.
455 990 1466 1149 dann nach verrichtung seines gottes.
459 1067 1500 1227 Diensts ptc. etwan Abends umb 44 Uhren
453 1150 1518 1312 Nahmt zu Inns vor dem Raht- Hauß von
442 1245 1496 1397 allen gegenwärtigen freundtlichen Ab¬
434 1333 1515 1498 scheid, setzte sich zu pfferdt und reysete
454 1403 1509 1559 in begleit Pfeter Balimans Eines Kuß,
432 1495 1202 1626 gangers auff Heymath zu¬
1342 1533 1497 1623 Unter¬
445 1565 1485 1718 wegs war dieser bey der Meistes gespräch
428 1646 1449 1778 von sein Meyers Ttochter und Ppeter
406 1734 1481 1866 kaußelet und wurde er Meyer von
428 1812 1469 1952 diesem seinem Reiß, gefehrdten Zur
422 1879 1484 2028 versohnung angemahnt, der auch darfür
415 1972 1488 2102 guten willen erzeigte, ihme dem Bali
432 2075 1468 2182 mann aber hierbey von deß haußelets
428 2126 1480 2269 ungt zimmender auffführung gegen ihme
422 2225 1467 2343 mnd zwar in der gegend denen Oban¬
418 2293 1477 2431 zogenen Geychstanden klagend Erzehle,
413 2370 1437 2498 te, und daß Nammlich derselbe Ihne
402 2462 1471 2580 Mleyer und seinen Sohn zu Erschießen be¬
415 2530 1463 2653 dröhet habe, sagend hierauß, sob er
407 2601 1474 2732 deßtwegen nicht ein fauler s. K. galgen,
419 2688 1339 2817 Vogtl, ein Golgenschelm seye?
1343 2695 1472 2805 Wich.
402 2767 1460 2859 rend oder gleich nach dießen worten er-
403 2837 1444 2978 ginge Ein Blinten, sutz auß denen
401 2916 1438 3043 Geichstanden, und Wurde darvon der
403 2997 1446 3129 Meyer durch den Kopff hindurch stare
405 3077 1452 3211 stodt geschoßen, ohne daß der Balimann
407 3153 1360 3267 nach seinem vorgeben den thäter
411 3229 1464 3361 sehen könnte, welcher ab solchem gählingen
1191 3302 1402 3429 Unheil
1727 578 2777 715 unheil hefftig erschrocken und alsobald leüth
1723 655 2757 791 suchte, denen er die begegnuß anzeigte
1697 744 2770 874 Nach diesem wurde der Kaußelet in da¬
1701 836 2791 972 siger Gegend von Niemans mehr erblicket
1717 915 2778 1049 begabe sich nach seiner selbst geständtnuß
1702 985 2769 1103 zeruck nach der zihl brugg, langte in
1702 1057 2781 1184 scpahter nacht daselbsten an ward von da-
1717 1125 2769 1243 siger Bereits auffgestellten Wacht ange¬
1710 1204 2769 1347 ruffen, gabe keine antwort, weichte zu
1706 1272 2759 1388 rnck, ließe auff ihne ein schuz ergehen
1693 1353 2733 1476 wattete mit hinterlaßung eines schuhes
1701 1421 2793 1560 durch die Zihl, nahme die flucht in die
1688 1513 1896 1617 sehene
1675 1591 2784 1743 Bei solchen sammtlichen klahren jedicien und
1677 1694 2784 1826 wahrzeichen, wie auch daß in einem in
1710 1759 2749 1893 denen gestagten Geychstanden auffge¬
1690 1839 2748 1977 worffenen sand-graben sußstapfen
1691 1927 2803 2061 eines gelrtichten schuhes, gleich er kaußelet
1700 2006 2797 2131 getragen, sich befunden wurde er laußen
1700 2069 2782 2200 lit von mäniglich ungezweiffelt für de
1704 2156 2755 2298 thäter dieser mordthat gehalten und
1706 2228 2783 2373 deßtwegen aller orthen auch in benach
1699 2303 2749 2440 warten bottmäßigkeiten die müglicht
1691 2381 2740 2522 anstallt zu seiner erhaschung gethan.
1685 2458 2744 2588 Indeßen Zoge man die Anna Maria
1688 2550 2716 2679 wäber in meinung, ob hätte sie von
1692 2616 2780 2757 deß haußelets an ihrem vatter vermucht,
1693 2702 2768 2833 lich erschrokenlich außgefuhrtem Vorha¬
1694 2765 2771 2896 bie vorlauffige wüßenschafft gehabt, in
1700 2853 2777 2990 verhafft, kame aber diß orths nichts an
1686 2925 1798 3020 ag.
1691 3001 2784 3148 Nach einichen Monahten Nahete er Laußen
1698 3078 2705 3231 hat wiederumb hinzu beschickte herren
1689 3160 2774 3305 haubtmann zeibollet seinen ehemalligen
1691 3237 2773 3379 guten freund zu dem so genanten Rolten¬
2524 3329 2749 3461 Hauß
1605 565 1702 676 17
