3024 4032
550 277 1496 598 Endicann Stsrg
509 430 1513 699 Wieder Spater Lausslet haffen
446 581 1498 814 eingerinkt habe, daß sie beyde zusamen
278 1696 383 1866 7
426 648 1496 893 gesprochen worden, auch das auffgen
1486 699 1514 715 Wieder Spater Lausslet haffen
445 725 1511 977 meldter erkandtnuß getreckt geweßene
434 805 1479 1027 Ober shorgrchtlichen Siegel darab ge¬
433 927 1498 1123 nommen und auff die gestagte abschrifen
424 982 1517 1213 gehoffet, solche Nachwährts dem H hre¬
428 1087 1506 1269 mnantl zu Dachsfelden produciert und
436 1164 1492 1357 darmit die Cpulation beÿ Ihme auß
429 1254 1504 1420 zu Würcken getrachtet, der ihme aber
436 1345 1508 1496 solche außgeschlagen Vide Examen
427 1418 1509 1580 von erlach n 2 schreiben de 26t au
429 1485 957 1634 gusti 1723 N 3.
426 1694 1495 1881 So liegen auch Vielerley unverbürschliche
421 1818 1497 1974 Indicia und probabiliteten, daß Namlich
422 1903 1430 2022 Er Kaußelet die Mordthat an dem
421 1982 1505 2109 Meyer Wäber verüebt habe, wieder den
409 2048 1033 2181 selben klar am Tag.
421 2127 1490 2272 1 hat derselbige sowohl als Anna Maria
422 2215 1461 2334 Wäber sich öffters wotgen von seithen
411 2268 1483 2401 deß Meyer wäbers wieder sie und ihr
414 2342 1500 2478 Ceuraths vorhaben auffs außerste er¬
427 2412 1493 2578 zeigter härtigkeit und ohnanß bittli
418 2487 1495 2658 cher Verfolgung durch große ungedelt
409 2579 1491 2759 und shnnicht übernemmen laßen, auch
407 2669 1475 2836 an unterschiedlichen orthen mit sie
409 2746 1468 2933 beyde, insonderheit aber er haußelet
420 2818 1457 2981 in Böste und Untsetzliche Dröhrwort
412 2895 1474 3067 wieder gedachten Merer wäber auß
405 2983 1497 3148 gebrochen. inmaßen a die Anna
398 3055 1478 3218 Madia Wäber grad anfangs ihrer Ent,
395 3141 1467 3309 außerung in deß Kanßelets hauß und
382 3212 1428 3401 deßelben gegenwart gesagt. Es seyen
381 3272 1456 3492 Ihra wenig drau gelegen, Ihr vatter
1280 3358 1437 3459 möge
1578 512 1668 640 19
1701 489 2750 668 foter Laußolets Entschuldigungen
1571 1775 1657 1898 4o
1675 683 2741 842 Copulation gesucht zu haben: Allein den¬
1685 771 2724 907 noch habe Er selbige Niergends wo als zu
1666 849 2348 1004 dachsfelden produciert.
1684 1740 2610 1902 So hat er auch nit wiedersprochen.
1685 1867 2715 2004 u. daß er nicht öffers sich ab deß Meyer
1676 1949 2752 2059 wäbers erzeigter wieder setzlicher härtig,
1676 2015 2744 2142 keit wieder ihr vorhaben mächtig ver-
1677 2083 2742 2199 wunderet, und solches Ihme gegen seiner
1674 2159 2740 2291 vormahls jederweiligen absonderlichen
1668 2221 2758 2369 familiaritet ganz unglaüblich vorkommen,
1684 2308 2758 2432 auch habe er bißweilen und zwar vor
1663 2390 2726 2523 O3 Herrenschwand über deß Meyers
2615 2465 2767 2586 Er wolte
1678 2464 2598 2597 Veränderlichkeit Camentiert:
1685 2548 2764 2675 aber Jedoch mit nichten gestehen, jemahls
1631 2624 2733 2748 meiniche dr�hwort wieder den Meyer
1676 2694 2734 2816 Wäber noch seien Sohn außgebrochen
1679 2767 1953 2902 zu seyn.
2059 2778 2709 2907 füegte auch bey daß
1685 2855 2773 2982 wan er einicher maßen gedröcht halbe
1678 2925 2754 3030 er deßen ohne Bedencken bekanntlich
1690 3017 2768 3125 seyn wollte, dann es gerahte mancher
1682 3072 2779 3199 in dröh wort, so dennoch dieselben
1681 3143 2101 3280 nit außführe.
2534 3307 2749 3408 2 so
