3024 4032
509 340 1417 629 Gubica vund allechinten
458 467 1427 705 wieder pfster haußglothafftend.
299 323 422 462 90.
411 609 1467 880 Ergangene Contumace und der in der
408 715 1465 953 ganzen Graßschafft Erlach zu seiner
419 822 1472 1047 behändigung ertheilte befelch undge
415 915 1438 1109 machte anstalt wohl bekannt gewesen.
412 990 1443 1165 und er also mryhern land, weniger
409 1047 1436 1246 das amt erlach nit hätte betretten.
418 1144 1457 1358 dörffen, auch daß deßen ohngeachte
389 1215 1468 1407 Laußelet an gleichem tag da der meyer
407 1311 1483 1486 umbkommen den 3ttag maii morgens prühe
399 1393 1466 1567 von der zihlBrugg hinweg und zwar
398 1472 1423 1662 durch abwegen und hölzer nacher.
402 1569 1457 1747 brittelen gerei�t und über die gren
403 1650 1464 1807 tschen durch deß Meyers Reben sisl.
389 1743 1454 1891 genannt zu deß Meyers hauß sich fin
412 1828 1456 1970 zugenahet, und von daselbstiger
388 1896 1430 2047 h�he gedenten Meyer wäber auff
398 2007 1418 2125 anderer seithen gestehen habe Zur
371 2067 1399 2210 bpredig geben nach tnnß Reiten.
386 2156 1450 2298 daß er sich auch nachwährts denselben
388 2261 1443 2388 ganzen taa über daßiger Enden,
390 2322 1416 2483 Theils auff dem Inster, seld voran
389 2416 1456 2553 den grychstauden ohnweit der straaß
378 2487 1458 2620 von gnnß nach brittelen gehend theils
380 2553 1431 2706 dann auff der so genanten greütschen
387 2649 1404 2804 und bey deß Meyers somer hauß
386 2737 1440 2875 biß in die nacht auffgehalten habe.
378 2818 1441 2928 Oide Deposition N. 19. No 12. N. 13.
366 2897 1431 3035 Klein Aurn Buch fol 273. 27. 275.
990 2984 1389 3134 6 da� er vor
375 3086 1416 3244 Dieser seiner Abreiß die Wäberm er¬
384 3165 1403 3327 sucht hatte ihme, wo müglich auff das
359 3219 1443 3398 innß, beld vor an denen geychstanden
368 3285 1420 3481 einiche mahrung zustenden, welches
1233 3350 1373 3460 Sie
1690 491 2693 656 Peter Laußelets Eintschuldigungen
1541 515 1654 654 97
1661 667 2699 808 sich zu besprechen, weil und ihne zu befra¬
1660 745 2657 894 gn, wie er sich zu Bern zu verhalten
1663 822 2703 944 und die sach vornemmen sölle und also von
1662 906 2705 1009 demselben entweders ein Memorial oder
1658 973 2682 1119 lundtliche instruction zu empfahrn.
1654 1046 2727 1188 zumahlen ermeldter Meyer in der wuchenschn
1656 1136 2695 1269 zuvor ihme haußelet durch verschiedene
1649 1217 2683 1349 sfersohnen und auch brieffen entbotten,
1661 1291 2676 1408 sich nach bern zu verfüegen, mit an¬
1659 1356 2684 1500 sieten bey seiner auff montag hernach
1662 1432 2706 1556 den 3atag dito wegen der gingeldt kech-
1668 1527 2691 1645 nung vorgehabten reyß nach ortschwaben
1660 1585 2710 1705 auch das seinige zu gutem beyzutragen.
1656 1648 2676 1754 Und weil alles im amt frlach zu seiner
1659 1710 2724 1862 ergreiffung veranstaltet ware, habe er
1663 1810 2709 1932 abwegen nemen mueßen, so daß Er am
1671 1873 2731 2007 morgen einwenig zu spaht, da der Meyer
1668 1941 2733 2071 bereits Nach Jnnß abgereißt, daselbsten
1660 2035 2729 2149 angelangt, und also biß zu seiner wie
1660 2077 2737 2214 derkunfft der fnden geblieben seye. Vide
1669 2170 2712 2313 Außaagen N. 4. biß N: 15. ihcluswe.
1661 2263 2187 2374 N. 481 49 und 20.
1869 2326 2736 2477 6. Weil wie gedacht Er sich in kei¬
1678 2410 2723 2538 nem Hauß Blicken laßen dorffe, habe
1663 2496 2721 2619 Er zuvor die Wäberen erstucht ihme, wo
1672 2558 2737 2691 müglich einiche Nahrung auff das Innß¬
1659 2646 2729 2772 feld vor an denen gerchstanden zu Ver¬
1665 2712 2729 2819 schaffen, welches Sie dan auch durch den
1677 2772 2733 2895 Blank und sein weibwerckstelligge
1680 2863 2705 2988 macht, die da ihme speiß und stranck
1672 2925 2731 3036 etwan umb 2 oder 3 Uhren überbracht,
1664 2991 2743 3120 haben Vide Außag No 14. 45. 17., Allein
1849 3072 2666 3215 Nachdeme die Blankischen
1681 3157 2724 3296 ohngefehrs umb 3 Uhren von Ihme hinbeg
1677 3228 2724 3376 waren, habe er sich von denen geychstanden
2507 3310 2727 3418 hinweg
