3024 4032
1792 573 2734 772 Hkauhaus und Vergicht
1811 729 2737 904 Baniel Sohls, diß Mluend
1764 873 2699 1025 Ab dem bich holtrbrg der kirchlrin dieß bach
1748 945 2585 1114 Im gricht sichtenlach Amts signaute
1874 1047 2426 1177 von 50 jahren alters.
1604 524 1669 614 N.
1611 1234 2735 1413 Aachrnr diseo Bamail Wollstal¬
1680 1357 2721 1518 ehre sonsten bey mänwglich für einen ehrlichen und
1669 1443 2694 1595 fromen mann prassiertevor einihen wuchen
1675 1527 2708 1693 einem stergament inem versiegelten, Dennoch aber
1668 1621 2725 1742 inventiert und falsher Gultbeirk von 6000
1650 1691 2692 1857 ffunden capitat a Wachahl itz Nener schrishung
1679 1788 2713 1918 verkaufft und deßen gantzen belauff in barrn
1655 1850 2685 1998 gelt würcklich empfangen und isein hauß an
1663 1924 2716 2075 der vatten allhieb getragen hatte. Und aber
1646 2004 2712 2178 Hochgedacht Nghl Und alsobeld gleichen abend
1646 2090 2668 2264 glücklich in erfahrung gebracht, daß sein gesagt
1665 2150 2704 2354 erkanftes gult brief erdichtet und fallih seye,
1645 2242 2661 2405 auch so gleich durch ohnversaumte verans altung
1652 2321 2701 2508 und muht stahung beider and ahenes samtliche gelt
1641 2414 2713 2556 zu Wolemells mohghe vn handenen wiederum einge
1637 2480 2723 2662 bracht und auch gedeüter Beleirard samuel roht
1640 2556 2717 2741 bchändiget und allhieb in hoch oberkeitlichenn verlaft
1642 2629 2720 2802 gesegt, volglich auß ihro gaad w befelch zu ehen
1638 2727 2720 2888 underschedlichen malen als den 16ten julii 127
1635 2792 2704 2977 und 28 augusti 1722 beider durch mlamen
1612 2871 2722 3047 hochgeehren, weeen Srattls herthen von Bonstlten
1629 2971 2713 3142 hierzu verordnetem werren laammnatorh und ihro
2506 3086 2604 3140 d
1622 3048 2690 3187 Au Dienere mutohl  Groß weibel im saff und
1630 3129 2654 3283 den grichschreiberen anthani knecht und s ward
2313 3221 2532 3369 gütlich
