3024 4032
650 676 712 678 zu legen weder versöhnlich noch schrifftlich
299 427 410 555 97.
458 537 1411 701 wieder den laußehlt hafftend.
495 426 1365 595 Jndicia und wahrzeichen
424 678 1480 857 zu legen weder versöhnlich noch schrifftlich
420 758 1450 909 gesucht. sonder im gegentheil daß
421 847 1482 983 er alsobald sich fortaemacht und w�hren
412 907 1446 1075 der nacht zuruch und nach der zihl
422 988 1454 1130 Brugg entflohen, und über dieselbe
407 1067 1476 1226 zu gehen sich nit getraulet daselbsti¬
411 1159 1466 1303 ger Wacht, so ihne verspührt, und an,
409 1240 1487 1389 geruffen, kein bscheid geben noch gewar¬
413 1331 1438 1473 tet, und also auff sich Peutor geben
418 1415 1439 1553 laßen, auß forcht und angst mit
406 1491 1482 1628 hinterlaßung eines Ihme h. K: entfal¬
414 1572 1408 1692 lenen schuhes ohnweit dem spanel.
416 1645 1457 1789 durch das waßer gewattet und her
423 1737 1441 1864 nach ohne ferneren Anstand völlig
412 1815 1420 1949 an frönde und entfernte orth
412 1898 1129 2015 flüchtig worden seye.
1246 1922 1396 1978 Auch
419 1967 1442 2108 Nachtdahrts zur Zeit seiner Bthän¬
406 2052 1482 2182 digung bey der zihl Brugg sich zum
393 2139 1451 2264 Fenster hianß gemacht und aber
418 2203 1482 2345 mahl die flucht zu getommmen getrach,
407 2290 552 2404 tet.
410 2362 1428 2541 60 Weilen er haußelet in seinem
423 2438 1451 2599 Den 1tn julii 1223 an die wäberm
414 2503 1482 2683 gestellten brieff ganz bedenckliche
413 2589 1459 2749 Reden geführt, und dieselbe auß
420 2662 1453 2827 alle weise und weg auffzuweißen
431 2745 1469 2909 und zu instruieren getrachtet, daß
417 2818 1467 3032 Sit sich behutstam in ihrer bekandt,
430 2929 1468 3093 nuß auffführe nicht gestehe ihme
414 2999 1452 3166 Nahrung in das grych zugesandt
430 3091 1468 3252 zu haben, beständig auffgleichen
432 3157 1486 3315 reden und wortenganz unerschilen
447 3236 1476 3386 en bleiben und ihme nit etwan
441 3329 1358 3486 noch großer unheil und übel
1206 3371 1482 3500 anrichte
1685 517 2641 675 Peter Lauselets entschuldigungen.
1580 541 1672 660 33
1672 694 2646 811 alles im gantzen ammt erhartz zu seiner
1683 759 2717 866 verhafftmachung bestellt gewesen und er als
1677 837 2681 967 sich nit dörffte sehen laßen, zudeme sich
1697 883 2646 1009 miter herren landtvogt Lusters getalt
1683 950 2695 1064 mit nichten wagen wollte. außglei¬
1683 1007 2708 1142 cher Urstach habe Er auch noch bey der Zihl,
1675 1071 2721 1218 Brugg zur Zeit seiner Anhaltung die fluche
1677 1141 2674 1293 ergreiffen wollen, und deßtwegen sich
1668 1216 2679 1348 zum Fenster hinauß auff ein Manrlin
1667 1276 2713 1432 hinabgelaßen, dann er einicher domesti,
1672 1357 2703 1488 ques auß dem schloß Erlach dazumahl
1683 1429 2680 1569 alldort gewahr worden, sonsten habe
1682 1505 2709 1664 er freylich der oberkeit seine dißer
1680 1582 2721 1733 thige inschuld vorstellen laßen wolle
1684 1654 2738 1796 zu vor aber bey einem sürsten pro¬
1689 1742 2479 1890 tection zu erwerben gesucht.
1688 2302 2736 2451 60 In dem an die Wäberin gestellten
1683 2388 2715 2504 brieff de 1ten Julii habe er derselben
1685 2460 2715 2578 auß dieser Ursach die Instruction er¬
1678 2530 2721 2661 theilt sich in den Reden behutsam auf,
1696 2601 2721 2746 zu führen und nit zu bekonnen, daß sie
1685 2679 2723 2815 ihme spheiß in das geych zugeordnet habe.
1676 2757 2737 2888 Weilen er vernommen hatte, daß der keß
1691 2846 2666 2963 ler Heißli oder Blank außgesagt
1682 2910 2743 3041 ob hätte Sie Ihnen 100 thl: angebötten
1690 2983 2712 3104 umb ihren Vatter an der Mlusterung
1688 3052 2685 3197 todt zu schie�en, deßtwegen er in die
1695 3126 2729 3276 gedancken gerahten, ob hätte Sie sel¬
1698 3210 2742 3346 bigen Sonntags etwas dergleichen ange¬
1692 3305 1879 3420 richtet.
2534 3347 2704 3474 70 lo
