3024 4032
289 312 1360 649 erdennen
301 415 1188 682 dret lepliheden
292 519 1363 834 dentreinanten
303 633 1335 876 umb das kindt zu vertonheloaßen und vorderbeng
292 679 556 819 zelassen.
289 810 1376 1051 Bo sling, sie bittrumb vorgebung, wann sie dis
304 904 1352 1129 böse intention gehabt hatte, so sandt sie sich zu
296 970 1353 1205 statt hinauß an eine großeren einsankeit berben
310 1061 1349 1265 und mit sachen, so darzu erfarderlich versehen waben,
312 1128 1346 1336 und also ware sie zu solchem end nit by hellen
287 1221 1368 1405 Jag Hinter diesfeiberen gangen, an ein dit, dan
297 1314 1363 1487 beständig ja stundtlich reüth henkauneg und such-
280 1388 1353 1566 praspieren, Sie habe dißfahld ein gutes unbe,
285 1478 802 1609 kraukts gebüßßen.
302 1575 1327 1718 2. Ob sie das kindt nicht vorsetlich habe lichen
311 1651 1316 1791 und etwann expresoes habe verbludhen laßen.
307 1753 559 1866 slin
286 1843 1365 1982 Repticirt. Wann sie nit dergleiben hatte instun
310 1927 1349 2059 gehabt, warumb sie dann ihre schwangerschaff der
291 2005 1149 2135 mluter und männiglichem verlaugnt.
284 2066 1370 2231 B. Ihre Mluter habe solche ihra nit anderst zuge,
286 2163 1366 2300 emuchtet, als daß sie verdechet, es gehr ein alleemi
299 2202 1385 2372 ines gerucht, ob wäre sie schwangeren leibs, sie solle für,
587 2279 1369 2443 Sie habe solche nit gestehen wollen,
298 2351 590 2488 sichtigseen.
322 2345 1367 2551 Weilen sie einen erlang und darzu viel frind gehabt,
295 2428 1362 2624 wol wüsend, daß gar viel Leüth darüber wouden
304 2510 1337 2714 freübd bezeuget haben, Sie habe erdacht, er
302 2584 1340 2798 werde nach fruche grung sagen zum spott zu orden.
300 2617 1359 2869 wann er müeße keye und das kindt zu lalte
312 2695 1361 2968 geboren. Die frren hubering habe auf ihn selte
316 2782 1366 3041 die schwangerhafft ni vorgehalten und allein dir
292 2998 627 3123 geluten geslagt.
275 2935 1378 3238 . Auff was weise sie der mluer bergnet, werg s
311 3021 1376 3321 ihre die schwangerhafft zu erichtet, ob sie i sesen
304 3069 1405 3409 agen se
1168 3213 1251 3316 B
302 3276 752 3477 n halsten selas.
2409 354 2529 461 185
1522 482 2568 650 . Sie habe kidielich gelaugnet, wol wüßend, daß
1537 583 2562 719 die wutes solches uedererlanniglich ansagen wurde, sie
1512 655 2529 798 lbraber, die muter werde nit sagen, daß sie mit
1519 740 2282 882 schmachworten gegen ihre auß gefahren
1522 826 2577 963 . warumb sie das andlin und die slachgebuetter,
1519 917 2541 1053 schergen und verdeckt, wann sie keine gebalttahtige
1534 987 2052 1123 hnd an das kindt gelegt.
1534 1082 2559 1212 . Das kndtlin seie todt gelarsen, das vergeg und
1540 1165 2549 1269 damit des Weltsche mann, so dahin kommen, solches nit
1525 1233 2591 1369 sehr, habe sie es mit herts zugedeckt, willend daslbe
1534 1311 2587 1433 hernach wieder zu hoben, Der nachgeburt aber habe sie
1551 1386 2562 1527 vergrabt wegen den hunden, dann ener umb sie
1544 1473 2001 1593 erumb sich befunden.
1530 1562 2568 1700 e. Sie habe vormald vorgeben, daß sie mit einem
1546 1638 2616 1757 Heürlin and ihrer mluter lanß wiederumb zurick be
1540 1713 2592 1836 gangen se, vorhabens das kind zu holen, ob sie dari
1540 1788 1938 1910 jemand gesehen habe.
1545 1830 2589 2003 e. Als sie in das Gaßli hinter herrn zochenders hauß
1555 1929 2586 2039 kommen, abe eine frauw eine andere weltsche gefragt,
1528 2006 2563 2123 Wo jag mann das lindt gefunden, welche beide sie
1542 2073 2586 2202 so starck angeschaudet, desswegen und weil diesech
1555 2142 2550 2261 albereit am tag, seye sie zur nit nach hauß gangen
1553 2204 2601 2339 Es habind sie etliche bauren Wardlin ihrs behalten
1564 2283 2587 2410 auch die fr Diekenen und die brunmeelin damald
1553 2366 1698 2462 gesehen
1563 2421 2596 2574 . Als die wluber ihre zugemuchtet, daß das tadt
1566 2515 2589 2627 gefundene kindt ihra zugehöre, warumb sie es ihre
1573 2575 2610 2703 gelaugnet, anstatt, daß sie tag selbsten hatte erzehlen
1554 2666 2281 2795 sollen, waß sich mit ihra zugebragen
1561 2726 2602 2873 . Sie habe es der wuter nitselbsten sagen wollen,
1565 2795 2654 2952 Weilen sie in einem guten tramor sich befande, uonder laben
1578 2860 2624 3040 ihm unrd eubet, sie seyr ie bel jubrig halt hrunder
1587 2943 2615 3086 geruffen worden, damit diselbige ihra diesach anzeige
1579 3017 2609 3188 birsie auch getahren und daßin wirder hin guf komen
1578 3064 2568 3243 n ihre die sach zugenuchtet, hat sie alsbat kkent.
2351 3175 2458 3255 2
