3024 4032
444 485 1464 647 ohne beysich gehalten Leintaadt drd andere
442 567 1457 731 oh tendigkeiter ohnge fehd morgend ein wain
436 659 1496 836 dar sinf Uhrin filends luded die slichen
423 745 1469 913 begeben, woselbsten sie maamg nach einer vor
419 847 1456 979 stelstund auff einem ffchre schaoß stitend
433 904 1479 1077 das kindt auff den baden zu Wolt gebracht
435 977 1487 1161 und gebohren, auch solcher etwanng, wie sie glaube
421 1069 1496 1251 eine viertelstundt, lang auff dem bedegliegen
430 1140 1506 1348 Laßßen, biß nach der vor ihre außgegangen
417 1240 1495 1422 Nachgebürt, da sie damn kein keben an Ihm
432 1316 1471 1469 vermerckt und deßßentlaegen dasselbe under
425 1395 1465 1553 selbiger spycherd gelegt, mit hredt und abbruch
409 1488 1456 1631 zugederkt und einen zihligen stein auff die
418 1558 1476 1737 Nachgeburt und das und erden gefallen blut
414 1661 710 1780 gesezt habe.
415 1803 1447 1973 6. Sie wollte aber keinesvegt gestehen in
426 1910 1487 2028 einichem bosen absehen und in dem vorstatz dem
418 1979 1500 2121 kindt abzukommen ihre schwangerschafft verschläen
415 2051 1489 2192 ogen und gelaugnet, nach auch daß sie in der
416 2141 1468 2268 bese intention das kindt alzutuhn dder
394 2221 1497 2355 zu verwahrloosen an gemellter AbÖetslichn be-
407 2299 1452 2427 geben habe, viel lrniged, daß sie einhe
397 2373 1455 2528 Antoalkältigkeit an den kindt Vernebt,
414 2458 1462 2596 oder selbiger capresoe und vorsetlich habe
401 2537 1480 2683 fleydiglich Verzappeln und zulschloeßen uer
394 2655 783 2738 darbei lasßen.
403 2712 1495 2894 Sond wi im Gegentilb Scharerte Sie beständig,
405 2797 1479 2972 glich, daß sie am vorgen, so frühr, glich zu
411 2892 1474 3045 zu uad an allen sonntagen getahn von hauß
420 2995 1459 3121 gangen in dem vorhaben zu ihrer muter sich
417 3044 1526 3216 zu verfürren und ihres kndts zu hinten, deit
416 3130 1529 3290 die wbäter nach ihrem gebrauch die frühespridi
1147 3203 1497 3354 Besucheng könke,
2574 499 2666 591 143
1649 555 2665 715 Sefuchen könnte, Daselbsten aber an dem annach
1658 650 2653 783 verschloßen angetraffenen hauß wegen von der fr
1664 741 2674 857 Haberin wirder sie auc ursach ihres unordentlichen
1664 806 2711 940 Wandels geherter srindsuligkeit nicht habt antlopfen
1656 893 1836 987 whlen.
1979 892 2708 1025 daß sie damald ihre gmüisst nicht
1659 972 2637 1111 so wbahr zuseyzn vermuchtete, zumalen sie daß
1660 1046 2671 1186 kindts eineh zeit zwar nicht gewahr worden, biß
1661 1146 2684 1276 daß die gebürts, Schmetzer uod gesagtem hauß sie
1661 1212 2688 1353 so entstezlich angefallen und dermaßen in angsten
1663 1296 2707 1425 gestezt, also daß sie ohne verstand und sumglich
1672 1378 2695 1500 einem ohwernünfftigen und stimloosten manschen
1675 1461 2700 1606 hindes die wychren gelaßen, Alda sie ellaann
1666 1538 2675 1668 eine viertelstundt hernach das kindt gebahren
1667 1628 2692 1752 und wegen der angst und shoht solches auff dem
1672 1712 2707 1836 baden schießen laßen müeßen und also nicht
1685 1787 2716 1917 in vermögen gewesen, daßelbe mit den händen
1647 1863 2737 1988 zu empfahren, nach auch von dem baden auffzuheben
1669 1935 2733 2087 und ihme taht zu schaffen, ehrbeod sie auch von
1683 2028 2749 2166 ded nacharbuhrt (so ihro eben so viel ja velehr als
1672 2108 2721 2243 das kindtselbsten zuschaffen gegeben i entlediget
1678 2196 2731 2336 gewesen, Da sie dann hernach das Kindtlin
1681 2269 2727 2372 auffgenommen, selbiges in alle worg vicitiert und
1678 2351 2772 2499 befunden, daß die Habelschund zeeißen ware,
1682 2453 2760 2567 daß das kindt gleich einem Wäshn Lümplin alle
1685 2514 2722 2647 Gliedlin hangen lüße und nicht das geringste
1672 2601 2738 2734 Zeichen des Lebens von sich habe, Derowwarn
1701 2687 2766 2814 und wilen ein franaß Dorthin kommen, habe sie
1696 2774 2789 2908 das kindt als todt und er den ppybes verborgen
1699 2853 2779 3004 und mit herdt zugedeckt, willend daßelbe hernach
1703 2939 2730 3080 daselbsten wider zu halen und heym zu tragen.
1694 3021 2789 3164 habe auch nachtorts zu dem endhan in ihre muter
1690 3112 2773 3256 doramentAllda sie vor endigung ded shrühe,
2517 3204 2708 3325 scheldigk
