3024 4032
376 407 521 467 den
619 447 671 507 e
816 488 868 548 e
1256 590 1407 650 en

390 499 513 559 det
553 521 592 581 e
839 591 1041 651 e
1125 633 1203 693 e
1287 667 1411 727 en

1156 2882 1278 2909 3. Reatio Medica
391 615 773 675 dee
858 666 944 726 e
1070 699 1195 759 te
1281 734 1412 794 en

379 680 538 740 ese
600 714 666 774 e
727 739 824 799 ehe
1014 781 1141 841 ehe
1203 805 1397 865 ehten

366 762 444 822 zer
468 788 623 848 ehe
1009 857 1037 917 e
1062 865 1114 925 e
1346 906 1424 966 en

386 872 680 932 dere
789 918 934 978 e
1009 940 1044 1000 e
1079 949 1118 1009 e
1298 979 1413 1039 et

379 939 449 999 ve
514 953 551 1013 e
583 962 616 1022 t
1297 1057 1404 1117 e

381 1044 453 1104 Si
504 1057 623 1117 en
697 1086 990 1146 eheriein,
1014 1110 1085 1170 das
1136 1122 1184 1182 Er
1231 1140 1405 1200 ese¬

390 1133 512 1193 ale
559 1148 630 1208 zut
704 1162 751 1222 e
802 1169 825 1229 e
896 1182 1018 1242 eise
1065 1193 1092 1253 n
1163 1209 1382 1269 en

362 1229 592 1289 genommen,
618 1239 680 1299 wol
715 1246 787 1306 aber
840 1258 920 1318 habe
955 1265 999 1325 sie
1044 1275 1159 1335 gesehen
1185 1283 1291 1343 selbige
1319 1288 1354 1348 im

390 1317 530 1377 tranck
562 1325 616 1385 von
670 1333 778 1393 gutem
821 1346 1026 1406 Krauberiy
1058 1354 1090 1414 in
1132 1359 1219 1419 wein
1240 1362 1284 1422 und
1306 1366 1391 1426 waßer

377 1410 487 1470 Lochen
537 1417 598 1477 und
622 1421 746 1481 darvon
782 1432 993 1492 Trinken:

1110 1441 1187 1501 Ihre
1208 1443 1329 1503 Tochter
1340 1448 1405 1508 seye

384 1502 475 1562 fast
510 1507 579 1567 alle
623 1511 771 1571 sonntag
806 1516 977 1576 morgens
1011 1519 1159 1579 während
1181 1522 1227 1582 der
1250 1522 1340 1582 frühe

382 1598 496 1658 Predig
542 1601 576 1661 zu
622 1603 702 1663 ihra
736 1604 907 1664 kommen,
953 1604 1022 1664 Sie
1044 1603 1113 1663 habe
1136 1603 1262 1663 dennoch
1284 1601 1387 1661 selbige

377 1685 408 1745 an
459 1687 512 1747 den
585 1688 740 1748 sontag
782 1687 928 1747 Mararn
969 1687 1032 1747 nit
1053 1685 1115 1745 vod
1136 1685 1198 1745 dem
1230 1685 1291 1745 hauß
1323 1687 1416 1747 gesehen

389 1777 470 1837 noch
504 1777 585 1837 habe
607 1778 665 1838 sie
712 1777 769 1837 der
804 1775 941 1835 muter
977 1772 1045 1832 auch
1069 1771 1114 1831 nit
1137 1768 1309 1828 verdanket,
1333 1765 1367 1825 daß

372 1875 441 1935 Sie
488 1873 673 1933 damalern
708 1870 767 1930 vor
801 1867 858 1927 das
894 1866 974 1926 Hauß
1022 1860 1149 1920 kommen
1172 1854 1230 1914 und
1241 1850 1288 1910 die
1311 1845 1369 1905 Ruhr

388 1955 586 2015 beſchloßen
638 1953 858 2013 befunden,
889 1948 950 2008 wol
983 1944 1055 2004 aber
1087 1939 1139 1999 daß
1170 1935 1222 1995 Sie
1253 1930 1295 1990 das
1315 1927 1420 1987 Kindlic

391 2045 463 2105 nit
498 2044 582 2104 habe
630 2044 714 2104 umb
749 2041 810 2101 das
857 2037 964 2097 Loben
989 2030 1145 2090 gebracht,
1156 2020 1264 2080 sonder
1275 2012 1311 2072 es
1324 2004 1408 2064 sich¬

896 2132 986 2192 Auff
1027 2128 1076 2188 die
1107 2121 1217 2181 frag,
1227 2116 1256 2176 ob
1287 2110 1317 2170 die
1336 2101 1438 2161 tochter

399 2140 591 2200 verblüetet
621 2134 746 2194 habe:

384 2239 440 2299 dem
487 2233 566 2293 hauß
611 2227 795 2287 Sclüßel
817 2221 943 2281 gehabt,
954 2215 1046 2275 stagte
1057 2209 1102 2269 sie
1136 2204 1172 2264 ja
1194 2199 1251 2259 isie
1262 2191 1320 2251 habe
1331 2181 1421 2241 solchen

377 2321 663 2381 eggangtwältig
688 2308 888 2368 genommen.
937 2296 1137 2356 Verdaukte
1161 2280 1274 2340 Anbey
1298 2268 1325 2328 es
1337 2259 1411 2319 habe

369 2427 424 2487 in
461 2412 650 2472 Tochters
687 2397 818 2457 enicht
855 2387 912 2447 tig
949 2376 1099 2436 Vrhre
1117 2365 1175 2425 in
1193 2351 1343 2411 Kesen
1361 2336 1419 2396 ud

382 2510 457 2570 ein
496 2491 818 2551 datbtzahtn
838 2469 990 2529 gmnenen
1027 2456 1085 2516 wa
1104 2449 1123 2509 e
1160 2440 1199 2500 si
1237 2428 1292 2488 des
1313 2411 1428 2471 salhe

1124 2531 1223 2591 Über
1251 2514 1294 2574 die
1322 2503 1393 2563 Frach

397 2593 628 2653 gebraucht,
643 2576 789 2636 wüßße
803 2564 875 2624 sie
905 2553 1064 2613 nicht:

379 2689 466 2749 bet
494 2678 552 2738 eh
954 2633 1041 2693 est
1100 2616 1155 2676 h
1242 2593 1301 2653 e
1388 2560 1447 2620 eh

357 2771 445 2831 es
473 2755 647 2815 e
762 2734 822 2794 he
937 2716 1024 2776 sh
1373 2634 1461 2694 cht

387 2858 466 2909 so
545 2839 583 2899 e
1133 2773 1249 2833 e
1370 2725 1450 2785 e

716 2947 754 3007 te

669 3017 761 3072 3.
806 2998 1059 3058 Reatio
1104 2961 1332 3021 Medica

1315 3032 1427 3072 e
1315 3072 1427 3092 e
285 3204 357 3264 da
576 3163 688 3223 est
872 3125 948 3185 e
1055 3091 1167 3151 eh

373 3266 680 3326 ese
1138 3168 1186 3228 e
1343 3113 1446 3173 en

1316 3199 1400 3259 d.

2511 482 2595 542 179.

1589 590 1635 650 In
1659 581 1707 641 der
1742 568 2014 628 Gefangenischafft
2026 572 2239 632 enthaltenweg
2262 579 2392 639 Zudillz
2403 577 2556 637 wlorlott

1599 653 1801 713 nachvolgende
1845 646 2056 706 quaestiones
2065 646 2101 706 so
2118 648 2170 708 gut
2206 652 2347 712 müglich
2374 654 2400 714 zu
2417 655 2602 715 beantworten

1595 741 1647 801 pt
1660 730 1740 790 ghro
1753 722 1858 782 gel.
1886 723 2191 783 Undertahnigsers
2217 734 2402 794 Collegium
2428 736 2574 796 Medium

1593 815 1649 875 mit
1660 807 1741 867 fleiß
1785 795 1944 855 ertagen
1990 793 2047 853 und
2081 796 2206 856 funden

1589 940 1665 1000 4.
1687 931 1752 991 Daß
1774 926 1861 986 zwar
1893 923 1937 983 die
1970 924 2178 984 Nabelschuus
2199 928 2297 988 etwaß
2340 931 2461 991 unglich
2471 929 2614 989 abgelaßt

1610 1014 1751 1074 worden,
1769 1006 1840 1066 aber
1875 1004 1936 1064 eben
1981 1004 2059 1064 dahes
2104 1004 2174 1064 nicht
2200 1006 2298 1066 posit
2315 1007 2360 1067 ive
2404 1006 2553 1066 schließung

1608 1096 1745 1156 könner,
1764 1085 1938 1145 obselbige
1984 1081 2194 1141 abgeschnitten
2231 1083 2285 1143 mit
2305 1084 2432 1144 schlimmen
2450 1082 2606 1142 Meßerig

1591 1175 1654 1235 oder
1682 1168 1755 1228 schär
1800 1161 1855 1221 oder
1900 1157 1963 1217 aber
2008 1154 2227 1214 abgerißen,
2254 1154 2299 1214 als
2326 1154 2426 1214 welche
2444 1154 2490 1214 nit
2517 1153 2625 1213 zugegen

1596 1247 1717 1307 geborseng

1622 1361 1675 1421 2.
1696 1355 1833 1415 können
1865 1351 1929 1411 auch
1949 1346 2001 1406 nit
2044 1342 2350 1402 determiniren,
2372 1340 2403 1400 wo
2413 1340 2456 1400 sie
2477 1339 2603 1399 gewesen

1624 1437 1665 1497 bey
1687 1432 1738 1492 dem
1768 1420 1945 1480 sfyscherd.

1620 1538 1679 1598 3.
1698 1533 1747 1593 Ob
1776 1528 1845 1588 aber
1874 1526 1913 1586 die
1952 1525 2167 1585 nabelschuud
2187 1528 2216 1588 so
2246 1529 2431 1589 beschaffen,
2441 1532 2490 1592 daß
2509 1531 2548 1591 sie
2568 1530 2616 1590 von

1615 1610 1668 1670 dem
1700 1607 1774 1667 fahl
1805 1606 1849 1666 des
1880 1604 2008 1664 kindts
2029 1606 2210 1666 zweißen,
2241 1609 2390 1669 mmeßen
2423 1610 2486 1670 wie
2507 1612 2636 1672 sagen,

1626 1685 1678 1745 daß
1721 1683 1742 1743 es
1774 1681 1805 1741 an
1837 1679 1890 1739 dem
1942 1678 2016 1738 ort
2049 1676 2101 1736 der
2144 1678 2250 1738 schuud
2270 1679 2345 1739 nicht
2376 1683 2524 1743 lüchtlich
2535 1689 2640 1749 gshehen

1611 1754 1752 1814 können,
1777 1748 1878 1808 weilen
1894 1747 2011 1807 selbige
2044 1745 2086 1805 von
2112 1745 2136 1805 so
2161 1745 2262 1805 dinker
2303 1747 2353 1807 und
2387 1748 2470 1808 vesten
2503 1750 2611 1810 hanten

1616 1825 1748 1885 besteht,
1789 1821 1850 1881 kam
1890 1819 1961 1879 aber
2001 1816 2062 1876 wol
2104 1814 2286 1874 abgerißei
2336 1813 2448 1873 werden
2478 1814 2539 1874 Ober
2569 1816 2599 1876 an

1618 1898 1669 1958 der
1699 1896 1932 1956 nachgeburt,
1942 1892 2003 1952 wie
2023 1891 2094 1951 offt
2104 1888 2155 1948 von
2195 1885 2469 1945 unfürstichtigen
2499 1883 2641 1943 hebammen

1612 1970 1758 2030 geschiehet,
1778 1969 1856 2029 oder
1885 1967 1963 2027 wäre
2011 1967 2070 2027 dem
2098 1966 2205 2026 Kindt
2245 1966 2293 2026 der
2333 1966 2430 2026 Kabel
2459 1966 2653 2026 außgeeißen

1630 2034 1769 2094 worden,
1794 2036 1899 2096 weilen
1916 2038 1960 2098 sie
1986 2038 2020 2098 an
2047 2039 2186 2099 selbigem
2229 2041 2290 2101 ort
2316 2042 2341 2102 im
2403 2044 2507 2104 Leibli
2524 2046 2654 2106 verteillet

1624 2114 1783 2174 dergleichen
1822 2114 1892 2174 wir
1921 2114 1971 2174 nit
1991 2114 2140 2174 funden,
2160 2116 2290 2176 wüßen
2329 2117 2389 2177 also
2408 2118 2478 2178 nit,
2498 2119 2548 2179 wie
2568 2119 2597 2179 er

1610 2186 1736 2246 geſchehen
1771 2185 1888 2245 wäre.

1610 2285 1685 2345 4.
1727 2285 1791 2345 Die
1812 2287 2025 2347 Nabelschnud
2068 2288 2153 2348 dann
2185 2288 2259 2348 haben
2303 2288 2377 2348 wir
2409 2287 2441 2347 an
2462 2284 2622 2344 gewohntem

1634 2353 1686 2413 und
1719 2357 1856 2417 Rechtem
1899 2360 1973 2420 Ort
1994 2362 2143 2422 rlamlich
2174 2363 2228 2423 30
2249 2362 2313 2422 oder
2334 2360 2398 2420 4.
2418 2357 2524 2417 Ques-
2535 2351 2640 2411 finger

1621 2426 1697 2486 lang
1720 2429 1883 2489 abgelaßst
1905 2432 2058 2492 gesehen.

1629 2539 1692 2599 5.
1755 2539 1819 2599 Von
1851 2539 2009 2599 hebammen
2041 2536 2188 2596 wüßen
2221 2532 2284 2592 wid
2305 2527 2433 2587 nichts.

1634 2647 1694 2707 Diß
1730 2644 1777 2704 ist
1789 2643 1862 2703 also
1886 2638 2078 2698 dasjnigen,
2102 2632 2162 2692 was
2186 2629 2247 2689 aus
2271 2624 2379 2684 Befehl
2402 2621 2451 2681 Ihr
2475 2618 2534 2678 Gl.
2546 2615 2668 2675 Mohl.

1623 2726 1918 2786 examinatoren
1965 2710 2232 2770 undertähnigst
2252 2695 2384 2755 berichten
2412 2686 2528 2746 sollen.

1634 2810 1739 2870 Artl.
1764 2808 1798 2868 den
1811 2804 1903 2864 6ten
1916 2796 2010 2856 9mbris
2032 2791 2220 2851 1724.

2178 2932 2272 2992 Also
2285 2923 2338 2983 aus
2351 2915 2443 2975 Gehriß
2471 2906 2577 2966 Mahl
2590 2903 2631 2963 .

1716 2921 1878 2981 siguiet

2136 3002 2190 3062 des
2203 2993 2338 3053 Collegis
2352 2977 2500 3037 Insulari
2526 2953 2689 3013 expedirt

2326 3042 2403 3102 durch

2136 3133 2242 3193 Jacob
2256 3124 2316 3184 bey
2347 3116 2378 3176 In
2393 3100 2587 3160 suschreibers
2602 3084 2664 3144 .
