3024 4032
157 2839 299 2934 Abschauch.
374 502 1377 658 hilßf zuschaffen, weniger hat sie ihrer meyster
367 603 1419 723 frautt, die es jedoch leichtlich hatte erhören mögen, umb
382 670 1398 780 bistand zugerußen. Sonderen dieser grausamme
370 746 1377 869 Muter hat ihres eggene Bleisches und blubd im so lit
380 822 1401 928 vergeßen, daß sie  als sie sich in etwaß wirderum
376 887 1380 985 erholet hatte das kindli an deme sie nach eineche
373 954 1390 1046 respiration und athein zug versführte, vorsetzlich
371 1028 1375 1138 abzuschaffen gesucht, dasßelbe auff sich gelegt und
566 1107 595 1146 1
367 1096 1393 1187 auf die benst genommen, auch dermaßen an sich ge-
349 1164 1388 1286 strmkt, biß ab sem lebent-zeichen mehr von sich gabe
359 1244 1395 1359 Nach diesem stuhnde sie vom bott auff, kiße aber
351 1303 1377 1408 das kindlin noch eine zeitlang darinn liegen, endtlich
352 1375 1401 1486 aber hat sie daßelbige hinder das haupt luß verborgen,
340 1437 1394 1564 biß daß die mleyster srl etwaß dergleichen an ihra
340 1521 1389 1633 benrckt und sie delinquntin ihr kindklin, so damalen
352 1590 1413 1701 zodt ware, ihre hinders den hauptLußi zu zeigen
352 1653 945 1775 gmöchtiget und angehalten hatte.
337 1740 1381 1880 Nachdeme nun allfietige hohe landt oberkeit unsere
342 1826 1411 1951 allerkeits gnädige herren und obraren raht und burger
334 1892 1370 2019 gesorigen tags bey eyden sich versammlet und diesere
336 1967 1423 2089 Der Mario Krame gurt und speinlich getahr bekannt,
333 2049 1399 2158 auß und vergicht mit allen ihren umbständen angehört,
335 2114 1366 2235 und darbey sich schuldigster maßen erinneret, dero zu
330 2194 1377 2314 abstraffung dergleichen schwäree misßetahten von gott
323 2260 1396 2390 dem aller höchsten degenten ihnen anvertrautten hoch
308 2331 1396 2444 oberkeitlichen amts und daran hangendero pflichten.
316 2407 1378 2531 habend darauffhig hachgedacht unser gnedige weren und
322 2470 1390 2588 Oberen, damit solche blut, schulden nicht auff das landt
316 2552 1360 2658 geladen werdint, bey ihren syden zu recht erkeunt und s
655 2618 1397 2738 Daß dieser Matesicantin Nechst
319 2623 519 2743 gesprochen.
319 2693 1386 2812 empfehlung ihrer selen in die land ihrer erlösers etc. zu
322 2760 1386 2877 dera wol nd ienten straaff und männinglich zum vlleget
326 2841 1393 2958 und schreiten dem Scharff richter übergeben, von ihme ge
317 2905 1348 3019 bunden und ober auß auff dem gewohnlichen nichtplatz
317 2976 1381 3079 geführt, daselbsten ihre nach dieser lobl  statt been rechtag
320 3035 1395 3146 und habendem gebalt mit dem schwert dat haubt abgeschagen
311 3102 1375 3210 und also vom leben zum tadb hingerichtet, auch folglich
317 3164 1390 3289 derd leittnahm an das gewohnte verschmachte deb verschwort
312 3218 549 3324 worden solle.
308 3290 1340 3428 Also an der kreüt gß bey dem richt erstuhl verlesenen und die
317 3355 1237 3478 Urteilb alsobald exquiert den 2. aprilio a726.
