3024 4032
297 564 363 674 2.
206 497 308 585 9t.
291 1095 359 1193 3.
414 554 1340 691 habe es in diesem seinem dienst sich immerhin
399 654 1356 769 treuto und ehrlich verhalter und alles gelt, so
399 717 1383 848 es in dem Hauß auff dem boden liegend klanen
388 801 1388 934 angetroffen aufgehebt und gedacht seinem herrn
393 878 1365 1000 biß auff das Gerinaste wiederumb allwegen zu
393 950 1180 1073 gestellt, biß auff diesen lostere zeit
423 1068 1371 1229 Zit deme Madle Grabes dann als Kochin auß
390 1159 1386 1295 Jacobi Ersthin auch in herren landtvogt Tillirs
409 1228 1338 1353 dienst kommen, habe selbige ihme Anneli Lrach
396 1305 1344 1430 vielfaltig vorgestallt, wie daß sie die lochin so
391 1366 1380 1504 übel gelt velangelbard umb den ihrigen chulff
395 1464 1380 1577 lich zusteyen, Auch wie sie mit dem euschmacher
394 1532 1379 1655 Schar von hind sich ehrlich versprochen und ihme
400 1588 1386 1723 unwahrhafft vorgegeben ein ziemliches am erword
383 1669 1377 1784 benen mitteli zu haben und daß sie so voll
402 1720 1385 1868 zeühung solch vorgabanden heitrachts fur das bu
382 1806 1305 1937 iger und gesellschafft, annemungs, gelt eine
391 1893 1361 2015 Nahmhaffte Summa auff Brinanen müeße, Anbrg
387 1959 1372 2084 habe gedente lachig zu dem fud Jhnrs Aneli Krrch
401 2033 1389 2158 gerëicht und angetrieben zu trachten ehrengemellt ihrem
398 2109 1358 2238 diensts Herrn aber aun scheibstisch und eitnen
387 2190 1371 2321 strag zu gerachten, mit erbitten darzu behulfflich
387 2260 1361 2381 zu sezen. Dahero und auß sotahnem anterb
403 2319 1371 2441 habe es sit dem vergangmnen probst teillt eintzig,
395 2381 1368 2529 tills dann mit bezulff der lachin slde
381 2465 1401 2607 Graber gesagtem herren landtvogt Tillin vol,
1100 2548 1231 2638 Abs
382 2554 916 2680 gendt dirbstahl begangnen.
385 2683 1404 2806 d. Das erste mahl vor etwann 3 odred 14 monateg
388 2749 1386 2895 Rutz ad dem Martini Narbt letschin als hr
393 2823 1392 2986 landtvogt Tillind anßgegangen war, habe es
394 2904 1395 3055 Aneli Krochgantz lintig mi g tagen des wrantz
394 3002 1389 3140 auff dem schribes kis auff gehebt und mit inem
385 3067 1374 3215 starken Mesßerd dals schloß daran großnet
1158 3178 1330 3300 Volglich
2442 432 2539 507 213.
1588 519 2538 641 volglich auß einer schubbader darinnen den
1580 600 2587 724 Schlüßel zu dem junweren scheib tisch schafftlin
1583 671 2589 806 genomeen, darmit daßelbe auffgetahnen und
1589 745 2601 862 auß dem schafflin die Schlüßel zu dem fisenen
1575 812 2603 935 trog gewomen und darmit so wol den handt-
1594 895 2613 1034 griff, beide nalet, schlosß und das haubt schwl
1599 971 2604 1117 als auch das inmnere Kißtlin auffgemacht: Da
1585 1054 2585 1197 mals habe es mitig aud dem schribtisch
1585 1132 2598 1264 8 im munt und diccetlig, wie auch Pary
1580 1211 2599 1363 Doppelle duplauen und etliche einfachr sanische
1571 1287 2620 1421 dnplane auß einem paqult biß auff dem belauff
1576 1365 2626 1508 des 50 f, wie auch auß dem eisenen tragtduben
1605 1438 2596 1586 in galt und 2 zunff byler enttanndt, volgende
1584 1523 2565 1665 alles widerumb ordentlich zugemacht und die
2519 1611 2617 1706 Vorg
1598 1620 2330 1758 schußel an ihr vorigen oet gelegt:
1578 1693 2618 1816 dusen alt habe er der kächne, da sie auß dem
1597 1765 2607 1888 garter kaumn 50 l im gold zugestellt, welche
1581 1831 2613 1971 solcher in ihren trag getahren und nachterts vor
1589 1908 2637 2037 walen Ob waren diese 50 l ihre darauß wegen
1586 1992 1738 2106 en.
1604 2059 2629 2224 2. Dat zweyfe wahl ohngefehr zud zit deß
1606 2171 2595 2287 Martini vebarckts 1 als hrr landervvogt
1594 2244 2592 2363 Tillier an dem  ddagra wank klare seie
1592 2304 2614 2427 er Aneli Krech und Wladle Graber die Lochin
1594 2393 2610 2501 über den schreibtisch und eisenen trag gerahten
1576 2464 2567 2602 welche beide es Ameli aus vgerzehlts weise.
1590 2542 2600 2658 groffnet habe und auß dem ttrag ewelche beri
1581 2607 2610 2741 sunk, bazler und zihm krentzlich, wie auch elelche
1578 2685 2597 2821 Duplonen nit wußend wie mambt und sag
1588 2763 2597 2906 gantze zahlerd entwandt. Inmaßin es Anneli
1600 2818 2602 2982 nach seines rechnung damals für seinen till 50 t
1588 2918 2557 3036 und die kächig für ihren weill auch so viel oder
1586 2971 2611 3103 Villeicht im mehrers gehabt. Diesers gelt habe es
1587 3044 2595 3186 Anneli selbsteng auß den Seckelen in dem eisewn
1569 3092 2568 3261 trag hrauß genommen, Alldiweil die köchig den
2292 3176 2455 3302 dibb
