3024 4032
316 359 1372 667 dlen nesee
335 461 1375 732 habe, ob sie nit bald hinauß bald winder in die
322 546 1382 804 Stuben hinein geloffen, als vom gewüßen getein
318 620 1184 845 bey und als wann sie samboo� ware.
317 707 1383 966 Bo. Da sie in dem hauß ein gemür mol gehört, daß
336 814 1387 1026 das tadter kindt ihra zugehört, seye sie bald auf
322 882 1350 1081 die lauben hinauß gangen außzulosen, war weie
316 966 1350 1148 fers darvor geredt werde, wann dann sie ein
311 1044 1326 1218 mehrers darvon hörte, so seye sie von frecht undt
317 1114 1367 1313 Angst übernammen wiederumb in die stuben gangen,
327 1199 1333 1368 nit wüßend, wie sie die sach fürnemmen wolle,
309 1274 1290 1457 biß sie endtlich ihre muter hinab zu der sr
308 1335 717 1479 hubwin gebisen.
304 1426 1308 1615 Repticirt. Ded bericht Laute, sie habe so
309 1540 1314 1665 ungemeinen camentiert als vom gewüßen getrieben.
286 1634 1343 1778 det. Sie habe nichts anders lamentirt, die sel
322 1713 1272 1841 Huberin tuhr mehr zu sach als daran sege.
287 1816 1314 1952 e: ob sie nit nach am samstag vor ihrer grinhst
298 1898 1347 2016 Abends pfaht bey ihres gluter gelrsen und nicht
289 1978 1303 2114 bey ihro bleiben wollen, obschen sie ihre das
285 2040 1370 2184 a oament angebotten, sonderen sich nach faht hintrg
299 2111 1224 2256 und zum Anggeli scheürtlenst od begeben.
266 2195 1332 2366 Ja Sietage am sanstag Abendt biß suhren
291 2283 1327 2455 beyh der muter getesen, nachwerts als sie dos dar
293 2352 1326 2520 Hauß kommen, habe sie deß scheüerleysters ere an
270 2439 1325 2595 getroffen und sie befragt, ob ihr mlann ihran
276 2505 1316 2668 könnt eie möschene strick radel machen und
267 2577 1296 2740 da sie solches bejahrte, seye sie zu dem end dahin
262 2661 1329 2847 gangey, Daß aber ihre mluter sie gmöhtigt
273 2733 1056 2910 bey ihra zu übernachten soe nicht.
241 2791 1304 3020 A. Ob das jenige tranck, so sie wring zeit dor ihrer
264 2880 1287 3093 Grinsst angenommen, nicht anprisos zugerichtet
269 2951 1366 3150 ware umb das kindt zu vorderberen und abzutreiben.
1143 3051 1238 3159 B
314 3166 1137 3319 und daselbst verblieben biß am abend
207 3260 1169 3428 Humb 9 ahren, da sie nach hauß gangen,
2485 482 2581 576 187.
1576 536 2616 702 H lein es seye nichts anders gelasen als sant-
1578 656 2624 793 Blatter mit waßßen gebachrt zu eines bluts reg in
1576 726 2617 859 gung, deren sie berike lediger weise und da sir noch
1595 794 2630 929 em junges kindt geworsen, eingenommen. hatte solche
1586 872 2473 1004 deß malngn in heren knrchts apothek gekaufft.
1555 966 1921 1094 Act. Obstat.
1582 1092 2623 1252 D g ga mehnlohen r heren richtehremn wyß
1585 1187 2599 1309 herren rahthauß Ammann Gormann und herren
1589 1257 2174 1386 ohingelbner schreiber slbb.
1520 1350 2617 1497 H Dachdanre heütigen tags wird ermalen über die
1586 1435 2620 1545 in der oberen gefangenschafft in ihr gel handern
1576 1500 2638 1633 sitzende zadilz wborlott blut gericht gehalten werden
1583 1580 2660 1698 sollen und zu dem end, die mit ihre von ihnen kehitsen
1594 1655 2646 1762 verführte Camina und auffgenommene informationes
1595 1725 2644 1830 vor mleghli und oberen s  B ablesend angehört
1589 1788 2623 1891 und darüber nochmalen die verfrag auff die bahr
1574 1854 2605 1962 gebracht worden, ob diese mit ihr verführte
1577 1918 2540 2036 procedus für absolviert anzusehen oder nicht.
1582 1988 2666 2118 habend hochgedacht veleghen. z und oberen nach weitl auffin
1582 2072 2645 2191 pro et contra angebrachten grunden mit einem sahm
1572 2123 2651 2231 shafften mehzrd befunden, daß ermelte pro cedus auß
1588 2200 2639 2329 deeig ersachen nit fur abrotviert zu halten, weilen
1582 2268 2665 2389 gedachte Mateficantin durch die nit Ihra Verrichtete
1565 2335 2681 2475 Caamma nit bekannt gemacht werden können an ihrem
1567 2423 2649 2532 sub 20tag augusti letsthim hinderd den sycheren zu
1573 2475 2667 2614 welt gebehrnen und dort verscharerten kindt getoalltehtig
1570 2555 2655 2683 hand anglagt zu haben, deßen auch biß dato nicht
1582 2630 2639 2768 überführt worden, Nach diesere ihre dißörtige vor
1560 2708 2651 2826 schut ander unschuld bißharigen gebrauch nach an der
1571 2760 2054 2888 vlarter nicht erhalten.
2240 2779 2607 2884 Als habend hohge
2601 2818 2644 2888 9
1568 2839 2633 2934 acht ilro Gal brkrnnt, daß vod aus fellung einer
1568 2915 2625 3043 End, Urteill mit peinlicher frag und wurklichr
1580 2986 2602 3101 anwandung dar marters an die gesezt, zu dem end
1566 3066 2607 3178 währendem examine zwey mahl kard außgezogen
2348 3136 2536 3214 und üeber
