3024 4032
326 373 433 507 26
334 475 427 567 6.
465 453 1515 680 bekemne er auch hngeheucht, daß er zrsich
441 569 1522 753 usgesagt seinem getnkhen katts volgender zu
424 665 1459 851 capressionen bedunt habe, Namben
400 758 1508 933 Das ansehen der pperson seye in des Eagiwiler
442 860 1518 1044 zehnd steitigkeit dem keren rechten verigen
427 962 1527 1157 Die hern von Brrn vollind sein unp arteyisch sehn
439 1049 1075 1209 über diesen procesp halten
415 1159 1507 1296 Der bekuste eingenommen frstere kugenschein
413 1257 1515 1401 so da wie bekaust anß zurrd gal befelch vor
423 1342 1473 1486 gangen seye eine gewaltähtiger augenschein.
418 1431 1529 1600 In diesem processo sehe gebalt gebracht worden.
441 1548 1357 1711 mann frage den rechten nichts nach.
413 1656 1513 1827 Er heße zu Bern santer gieb her beß die has
478 1762 1174 1901 und hernach zum land, auß.
441 1845 1495 1993 ein solcher unbrtliches gewalt werde ihne auß
441 1948 1377 2088 demlandt des erbendigen nicht treiben.
402 2042 1531 2217 So gestyhnde er auch frecher dinnen, daß er etwal
532 2156 661 2217 it
428 2151 1518 2284 ihr sam verschiedene soche standts glidere diese
439 2234 1530 2355 Statt annoch auß des gefangenschafft Heüren aber
429 2295 1519 2429 schickt habe, als und er aud erin zwey an muchhe
451 2376 1514 2517 heamlicher von Dießbach, Da in dem ersteren
440 2492 673 2595 enthalten.
402 2563 1522 2697 Das seyge seine statt halterng gotter, die nach dem li
441 2649 1522 2795 ben rechten nicht sehen noch herren will, sonder und
428 2730 1275 2857 blinder weise ueillen und richten.
422 2809 1517 2987 Das uhrelte und andere mehr in des zehndstreittig
417 2885 1498 3055 gkeit zu Fraiteil, seye ab dem nlagel genommen,
432 2978 1273 3137 wo deß depammen hit gehanget ist.
411 3083 1518 3249 Item er sege einem nit geholften, wann ihne um
432 3162 1529 3333 nricht geschichet, wann shon gesagt wirt, dis eggitoni
1130 3242 1373 3377 sn dek
1636 514 1739 618 27
1712 578 2777 736 sigen der nleuben zehnd velarchn zu seinding, wel
1720 659 2795 809 ehe worder ihre antvent shr sechste gemacht worden.
1729 739 2767 859 Sie müeßen wol, wie der tall, wo wollen sie
2003 812 2675 929 sante abes hierbey, zu dieser
1715 816 1863 932 hir
1723 882 2754 1008 hristorischen gleichnuß von dem cällseye ers
1739 959 2759 1076 desswegen veranlaßßet worden, weil mann in
1745 1038 2687 1168 dem eggiteiler proceso Uhralte gelatten,
1732 1111 2770 1248 Uhralte zihl und marchen approviert und erd
1751 1174 2028 1326 ichtes habe.
2641 1295 2761 1418 die
1726 1292 2453 1446 Im ermelltem brufe stehe nach.
1740 1381 2761 1524 hehr oberkeit von Brrn habe sich für kläger
1739 1464 2292 1599 und richterd dargestellt.
1721 1554 2768 1731 Deme verjährte erd Glatz auch das treiben an
1723 1672 2687 1815 reben standt Zürich abgefertiget ze haben.
1737 1737 2190 1870 in delhen enthalten.
2495 1761 2767 1870 Auß diesem
1750 1817 2783 1953 namlich dem getruckten) berichtschreiben werd,
1728 1892 2759 2025 de mann ersehen, wie umbill ich mann mit dem
1742 1968 2116 2090 glatz umbgangen.
1729 2055 2768 2209 fint solche verfahrung wäre laun bey Cajapitias
1734 2129 1986 2261 zufuden
1730 2245 2783 2397 Allein dieser samtlichen vermeßenen und schandtlichen
1727 2352 2771 2487 siden und capressionen ohnangesehen wollte dußer
1738 2442 2766 2561 hartnacbige gratz keiner wegr gestehen nach bekennen
1736 2511 2752 2637 Obschon ihme desstwegen die sholter angetrenket.
1735 2583 2740 2718 und vorgrhausen worden, daß er dardurch eine
1714 2664 2774 2798 hohe und gnädige landtsoberkeit anzegrihen,
1735 2743 2759 2862 zu verkleineren noch zu verleümden begehrt nach
1738 2812 2772 2950 gedacht habe, In deme es nicht klagen könne, daß
1729 2888 2734 3004 selbige ihme jeinald etwaß zugemuchtet oder
1730 2955 2749 3086 zutuhn befahln habe, welches da wiedrer gotter
1745 3030 2784 3156 gebott streitte oder außert und wieder gottstär.
1725 3103 2781 3239 sondern er habe die advocaten, welche mit dem
2368 3182 2749 3302 Eggiteil proceso
