7296 5472
665 2741 872 2871 110.
710 1410 895 1590 109
964 559 3226 836 höltzigen Werckmeister in diensten, Welcher der that
984 696 3191 976 auch geständig worden, sind also beide in die gsatzmäßige
1001 847 3154 1074 abbüßung erkendt: Den 5. Januar 1700 ist er nach gethaner
988 948 3217 1209 depraecation erlaßen worden und Ihme das Kind ad form. zuge¬
973 1020 3142 1286 sprochen worden, wann sy nider genißt uf Ihme beharren
987 1221 1333 1365 werden
980 1303 3055 1555 Margreth Boltz klagt der Schwängerung halben an
961 1438 3114 1694 Jacob Pretelli / vide 87 / so sich dißmahl in der Eyd¬
976 1550 3128 1791 gnöschischen Leibwacht in Branden Burg aufhaltet: mit
989 1684 3210 1906 vermelden, daß selbiger verwichenen Brachmonats
985 1805 3120 2013 anderer wochen in Herrn Landvogt Herports Hauß, und
970 1926 3214 2167 hernach zu Loffen beschlaffen und geschwängeret
977 2055 3206 2264 habe: Cogn: Sy solle abbüßen. Ein Schreiben von Herrn Hauptmann
952 2200 3159 2393 Du Rosey den Pretelli hierüber zu examinieren und
976 2310 3196 2505 Meinen gnädigen Herren zu berichten: Den 27. dito Ist Sy mit gwohnter Censur
1756 2441 1820 2504 Januar
977 2402 3257 2594 dimittiert worden. Den 17. langte von Herr Du Rosey ein antwort ein mit Einschluß
976 2512 3243 2677 von dem Pretelli, daß er zwar deß byschlaffs bekantlich seye, so aber das Kind
973 2642 2104 2758 sin wäre, solte es schon gebohren sein.
993 2722 3148 2928 Über beschehene Citation Folia 90 erscheinend nun Peter
987 2838 2962 3032 Gyßler, Madle Gugger beide von Inß und immer
952 2970 3174 3189 Bloch von Vineltz: da dann der erste von seiner habenden
966 3106 3158 3330 Ehransprach abgestanden, der Bloch hingegen ungeacht
974 3236 3104 3446 alles zusprechens darby verharret: Weilen nun
950 3376 3192 3581 Sy Gugger mit zustand Ihres Bruders nicht die Ehever¬
974 3504 3162 3702 sprechung vor zwey Ehrlichen Gezeügen geschehen zu sein
967 3617 3125 3810 bekennet, anby aber Ihme vorhaltet, daß darby heiter
966 3736 2949 3941 reserviert worden seye, daß er Bloch die von Ihra
2447 3883 3116 3978 verkouffin
973 3895 3076 4076 Gugger erwartende mittel weder genugsamlich
975 3988 3162 4198 vertauschen, versetzen nach sonst verenderen solle,
985 4101 3112 4308 und deßen gnugsamme versicherung geben, oder die
982 4226 3229 4410 mittel in sein deß Bruders handen laßen solle. Deßen nun
998 4334 3171 4566 er Bloch nicht absein können. Als sind sy zusamen gesprochen,
979 4451 3203 4676 doch daß er diesem vorbehalt statt und gnug thue, hingegen
1000 4572 3243 4771 aber ist der Gyßler ad form. gescheiden worden. Den 5. Februar ist
1005 4679 3235 4877 obige Erkantnuß der verpenigung nochmahls bestätiget, deren
996 4767 3011 4972 Grund dem Herrn Landvogt zu Erlach uberschriben und der Bloch der
988 4859 2880 5039 begehrten relaxierung gantzlich abgewisen worden.
3222 3219 3297 3385 1
3379 3205 3582 3357 113.
3668 475 6128 711 Nun erscheint David Girardet und seine Frauw / vide 75 /
3392 506 3603 690 111
3662 600 6091 813 welchen beiden hinführe beßer mit einander zu leben ernstlich
3670 747 6144 929 zugesprochen worden: Der von Ihme Girdardet außgegoßenen
3625 829 6133 1033 Fluchwörteren halb, solle er zu Lausane mit 3 mahl 24
3663 963 6167 1209 Gefangenschafft abgestrafft und vor der Ehrb zu Cresner
3685 1102 6153 1301 zum Herd Fahl und depraecation gehalten werden: deßen
3667 1192 4905 1411 ein Schreiben an Herrn Landvogt zu Lausane.
3406 1404 6145 1681 112. Meister Büchler deß Glasers selig wittib Castri Stettler, welche
3675 1592 5875 1791 wenig Zeits nach Ihres Ehemanns Tod zwillinger
3662 1748 6148 1964 niderkommen, die dem frömden Doctor Carl Gabriel Rotenflue
3681 1833 6046 2046 zugehören, laut intercipierten Brieffen: Hierüber
3647 1936 6158 2186 habend Meine gnädigen Herren mir befohlen die hinder Herrn Daniel Engelhard
3667 2085 6034 2313 von Ihme Rotenflur umb 6 Ratsthaler hinderlegte 7 fache
3655 2271 6153 2464 Dublone in arrest zu legen, darvon 3 Thaler den Profosen und
3702 2345 6106 2578 1 Thaler dem Brieffentrager zu entrichten, deß Rotenflue
3653 2457 5895 2681 by der Bühleren habenden Costen zu verpitscheren
3602 2600 6102 2821 und als verlauten wollen Sy Bühlere werde sich
3679 2734 6053 2909 hier vort machen, und deßwegen eingesetzt werden,
3677 2842 5953 3034 sollen, hat Ihr Bruder Hans Stettler von Stettlen
3672 2958 5438 3162 umb sy für Leib und gut gutgesprochen.
3657 3167 6159 3421 Uber eingelangtes Schreiben von Langnauw deß Jaggi Ballmergger
3682 3342 5991 3542 die Madle Hermann Ehelichen wolle, deren keine aber
3677 3447 5963 3650 zu leben habe. Ist ein Citation erkent, Ihne uf den 27. huius
5221 3557 5332 3640 und
3672 3579 5982 3754 allhar zu halten: dito ist er erschinnen, umb die Eheliche
3681 3682 6106 3858 Capulation angehalten, ist aber biß Montags zuruck gewisen
3661 3773 6032 3919 worden, Inzwüschen solle ich Meinen gnädigen Rahtsherren Rychener der
3660 3869 6086 3990 Ihnen als einen Schlimmen und vieler diebstählen verdächtigen
3658 3965 6150 4165 gesellen vor Meinen gnädigen Herren zu verleiden willens advertieren: den 15. May
3672 4058 6032 4248 langt abermahl ein Schreiben von Langnauw ein, daß diesere beide zu
3669 4177 6051 4350 großer ärgernuß der gmeind mit einander lebing: Ist ein Schreiben
3680 4285 6139 4455 erkent sy beide gwahrsamlich allhar zuhalten, und dann einen
3677 4388 6151 4632 Bericht Ihrer Klegdten, und oppositions gründen dieser heüraht
3677 4505 6076 4668 mit zuschicken. Den 12. August 1700 erscheint die Madle Hermann allein
3665 4597 5995 4811 ist zurück gewisen, und ein Schreiben nach Langnauw erkendt beide
3663 4723 5808 4919 mit einem Bericht Schreiben den 21. huius allhar zu halten.
