7296 5472
924 504 3171 878 Der von Meinem gnädigen Herren Venner Daxelhoffer ab seiner Frauw
983 706 3167 964 gemahlin geklagten zeitlichen mittlen halb, Soll Meine gnädige Herrin Frauw
961 833 3234 1112 Vennerin, deß Jenigen, so sy etwann währender bywohnung
2528 949 3056 1061 oder hernach
979 968 3254 1237 mit Meinem gnädigen Herrn Venner eroberet erspahrt haben möchte Von
954 1086 3156 1314 Ihme empfangen haben möchte, worby er sein Ver¬
959 1228 2981 1459 bleiben haben solle, in rühwigem posses als Ihres
965 1358 2474 1565 eigenthumbs sein und verbleiben: Wollend
953 1420 3149 1665 auch den zwüschen den Ehrenden partheyen aufge¬
955 1546 3067 1782 richteten Ehebrieff, wie zugleich die Ehever¬
945 1711 2946 1928 kommnuß, als deren in verführter procedur
961 1824 3054 2055 vielfaltig gedacht worden in Ihren Kräfften
937 2008 1622 2200 bestehen laßen.
953 2077 3185 2326 Denne sollend wol ermelte streitig gewesene
923 2220 3158 2456 hohe Ehepartheyen wider zusamen tretten,
904 2353 3152 2580 und Mein gnädiger Herr Venner Daxelhoffer diesere seine
914 2552 3092 2746 Frauw Gemahlin in sein Hauß, Schutz, Schirm und
926 2650 3228 2863 protection auf und annemmen. Sy mit aller nohtdurfft
943 2796 3166 3005 Ihrem hohen Stand und Ehren gemäß zu beider¬
956 2931 3028 3130 seitigem vernügen versehen. Und Ihra wie
928 3026 3128 3257 hingegen Meine gnädige Herrin Frauw Vennerin Ihme Meinem gnädigen Herrn Venner
930 3165 3205 3402 alle gebührende Ehre, Liebe, und Troüw erweisen
940 3358 1606 3491 und bezeügen:
838 3446 3037 3682 Welcher fründtliche ußspruch beiden Ehrenden
909 3578 3159 3813 Partheyen alsobald eroßfnet, und Ihnen schrifftlich
906 3711 2617 3914 under dem Sigel mitgetheilt worden:
863 3868 3166 4094 Worby auch / doch ohne solches im Spruchbrieff zu vermelden /
933 4022 3183 4183 gutfunden worden, daß Meine gnädige Herrin Frauw Vennerin von zwey von
939 4180 3099 4331 Meinem gnädigen Herrn Venner, und zwey von Ihren Herren Verwandten
940 4257 2989 4447 in Meinem gnädigen Herrn Venners Hauß noch wo möglich vor dem
918 4391 3159 4596 Neüw Jahr begleitet alldort von Meinem gnädigen Herr Venner recipiert
932 4524 3133 4731 und von beiden Ehrenden Parthey, Meinen gnädigen Herren praesidi, so uf
940 4626 3142 4856 Ihr ersuchen darby zusein ersucht ist, diesem Spruch
952 4753 2263 4938 nachzugebeben globt werden.
3382 1765 3568 1904 105
3412 2621 3580 2769 106
3412 3648 3572 3839 107
3388 4407 3575 4560 108
3644 699 5488 1031 Montag den 18. Decembris 1699
3617 881 5525 1168 Meine gnädigen Herren Bauwherr von Wattenweil praeses
3646 1060 4536 1301 Herrn Decan Bachmann
4986 1092 5683 1280 Herr Landvogt Fischer
3647 1215 4533 1437 Herr OberVogt Matthey
5004 1207 5684 1414 Herr Landvogt Steiger
3649 1335 4604 1578 Herr Schultheiss Früsching
5035 1352 5833 1579 Herr von Graffenried
3811 1504 4168 1716 Herr Berseth
3658 1709 6073 1943 Herr Rudolf Stauffer in namen Meines werten Edlen Junkers alt Hooff Meister
3627 1830 6039 2094 Abraham Tscharners hat wider Herrn Abraham Sprüngli
3633 1956 6011 2181 Predicanten zu Sur umb schuldige 70 Ratsthaler und Cap. und
3637 2078 6110 2330 30 Pfund Cap. sambt Von beiden Summen verfallner Zinßen
3646 2203 5272 2437 das erste wahrnungs Schreiben erhalten.
3666 2565 6108 2802 Jean Hubert de la Valleé du Lac de jou hat sich beklagen laßen,
3631 2762 6008 2921 daß Herr Predicant zu Romainmostier Ihme nicht bewilligen
3615 2803 6066 3048 wolle, sich mit Anne Marie Le Coultre, so in erster Ehe mit
3647 2964 6031 3142 sein Aubert Germain verehelichet gewesen, zu ver¬
3639 3108 6084 3301 heürahten. Cogn. ein Schreiben nach Romainmostier an die Ehrb.
3641 3205 6037 3410 daß mann solche Heürahten nicht zulaßen könne, so aber
3642 3324 6099 3557 etwas anders an dem beschehenen verhinderen ursach
3654 3479 5037 3699 wäre, Meinen gnädigen Herren deßen zu berichten.
3629 3617 6096 3847 Nun erscheint Anna Fuhrer / von deren im vorgehenden
3631 3747 6041 3978 Manual zu sehen / legt ein ein Schreiben von Niclaus Liechti uß
3599 3865 6094 4070 Breda, durch welches er Bekent, Ihres gestorbenen Kinds¬
3621 3981 6072 4222 Vatter zusein, und verspricht Sy zu ehelichen. Ist also sy
3604 4108 6069 4340 führer zwar erlaßen, wegen frühe zeitigen byschlaffs aber
3621 4270 4728 4463 umb 2 Pfund gstrafft worden.
3611 4308 6126 4562 Judith Rüetschi, welche schon einen ledigen fehler gehabt, spricht nun
3579 4488 6084 4734 der Schwängerung halben, so uf Jacobi beschehen an Claude Billiard
3617 4585 6044 4834 von Cully, und einen Ehemann und Zimmermann, so hier by dem
