7296 5472
590 570 693 770 79
550 3172 758 3345 80.
2405 426 2767 577 Sommer
850 451 3349 737 Anna Fuhrer, welche verwichenen Jahrs by Herrn Zehnder
891 610 3232 794 OberVogt zu Biberstein in diensten gewesen, und
893 727 3214 953 uf sein anhalten Ihra biß nach der Ernd, die laut
906 844 3227 1070 vorgehenden Manuals an Niclaus Liechti so sich in
888 965 3369 1224 Holland aufhalten soll, prætendiere Eheversprechung
904 1119 3149 1290 zu erweisen termin vergant worden, und
889 1208 3270 1415 aber nicht erschinnen, soll uf den 18. huius vor Meinen gnädigen Herren
897 1316 3295 1534 erscheinen, oder Sy wo sy sich aufhalten berichtet
955 1451 2761 1650 werden: deßen ein Schreiben an Herrn OberVogt.
910 2114 3250 2403 Montag den 4. decembris 1699 Nachmittag
871 2300 2645 2565 Meine gnädigen Herren Bauwherr von Wattenweil
2147 2428 2999 2689 Herr Predicant Hopff
870 2476 1908 2694 Herr Decan Bachmann
2164 2624 3093 2861 Herr OberVogt Matthey
879 2617 1674 2845 Herr Landvogt Fischer
2206 2741 3102 2988 Herr Schultheiss Früsching
901 2778 1647 2992 Herr Landvogt Steiger
2225 2955 2787 3171 Herr Berseth
878 2944 1741 3170 Herr von Graffenried
881 3107 3308 3335 Uf erscheinen Meines gnädigen Herrn Venner Daxelhoffers an einem
895 3288 3328 3452 und Meiner gnädigen Herrin Vennerin Daxelhoffer mit fründtlichem
893 3409 3281 3613 zustand Meiner hochwürdigen Herren Herr Venner Willadings, Herrn Commandant
897 3529 3281 3752 von Bonstettens, Herrn Schultheiß Effingers und Herrn Hans
867 3667 3229 3877 Ludwig Effinger Ihrer respective Herren Brüderen und
868 3799 3253 3987 Schwägeren am anderen theil: Habend Meine gnädige Herren Sy zwar
907 3914 3311 4087 nochmahls zur fründtlichkeit alles ernsts angemahnt, weilen
885 4081 3302 4247 aber solches gantz unerheblich gewesen, als sind die Ehrende
850 4173 3289 4375 Partheyen in Ihrem anbringen aller weitlaüffigkeit nach
886 4286 3245 4454 reciproce verhört worden, Welche dann nach vielen
894 4409 3291 4592 gegen einander gewechsleten reden und gegenreden
895 4517 3280 4695 entlichen dahin gezwecket, daß Mein gnädiger Herr Venner Daxel¬
900 4684 3179 4874 hoffer prætendiert, daß auch neben Meinem gnädigen Herren Schultheiß
3799 489 6199 755 Effinger sich sein Bruder Mein gnädiger Herr Obervogt stellen solle
3795 670 6331 854 als die er nun wegen uf Ihne geklagten Ehebruch ersuchen
3801 764 6340 983 wolle, hoffend, daß selbige Ihme entweders den Vorsager
3799 900 6189 1092 stellen, oder satisfaction geben sollind: da hingegen
3790 996 6314 1189 Meine gnädige Herrin Frauw Vennerin mit Meinem hochwürdigen Herrn Ihren Assistenten vermeint,
3726 1117 6313 1349 Daß weil Mein gnädiger Herr Venner Daxelhoffer seine Frauw gemahlin
3799 1253 6313 1457 daß sy von demseinigen 7000 Pfund ptq Ihra zugeeignet habe
4689 1342 4876 1433 ag
4858 1349 4917 1409 Klag
3790 1354 6245 1533 beklagt, und nun solche laut Meiner gnädigen Herren Erkantnuß da dato
3798 1519 6088 1699 23. Januar 1697 Injurios seye, auch mit diesem puncten
3798 1601 6304 1828 es viel weiter als keinem anderens aduanciert worden
3780 1705 6215 1940 also deß bereits nicht nur Herrn Schreiber Delosea und Herr
3752 1826 6312 2079 LandSchreiber Schaub als von Meinen gnädigen Herrn Venner Daxelhoffer
3792 1948 6278 2148 gestellte Kundschafften hierüber vernommen worden,
3806 2087 6249 2309 sonderen auch Meine gnädige Herren sub dato 16. Martii 1697 daß Ihnen
3777 2207 6114 2395 fahls Mein gnädiger Herr Venner nicht acquiescieren wolte, der
3791 2332 6100 2542 Eydt abgenommen werden solle, be erkendt: Als
3773 2468 6248 2672 hoffe Sy daß auch mit diesem puncten vorerst vort¬
3783 2574 6240 2777 gefahren, und die Kundschafften entweders liberiert
3783 2688 6018 2895 oder Ihnen der Eydt abgenommen werden solle:
3757 2813 6278 3041 Darwider aber Mein gnädiger Herr Venner Daxelhoffer vermeint,
3708 2945 6148 3155 daß Ihme als Kleger freystehe, mit dem puncten so
3752 3059 6191 3274 Ihme beliebig vortzufahren, und er deß orts nicht
3780 3173 6198 3394 gebunden werden könne. Auch weden er wegen
3775 3325 6229 3518 deß punctens der 7000 Pfunden, welcher nicht injurios seye,
3785 3422 4188 3519 auch sonder
3798 3421 6269 3635 und er Herr Venner obangezogene deßörtige Oberkeitliche
3757 3546 6180 3770 Erkantnuß wider aufzuheben gedencke, noch mehr
3774 3684 6081 3879 Kundtschafften zu stellen habe: vermeine also daß
4367 3786 4775 3893 obbemelter
3776 3788 6296 4054 beidel Meiner Herren Gebrüderen von Willdegck und Wildenstein
3763 3921 6125 4162 Ihme mit bscheid und antwort begegnen sollind.
3765 4075 6255 4274 Dahingegen von Meiner gnädigen Herrin Frauw Vennerin uf obigen gründig
3770 4199 6135 4356 beharret wirdt, vermeinend, daß mit dem puncten
3763 4302 6221 4545 der 7000 Pfunden als der Ihr Ehr ansehen zuerst vortgefahren
3776 4433 6253 4657 werden solle: und gehe Sy die an beide Herren Gebrüdern
3764 4547 6214 4747 Effinger suchende Klegdt, gantz nichts an. Hierüber
3764 4674 5474 4902 Meine gnädige Herren Erkantnuß erwardtenden.
5627 4719 6097 4958 Hierauf
