7296 5472
861 518 3220 753 Meinen gnädigen Herren Venner Daxelhoffer hierdurch den streitigen
848 651 3203 885 klagpuncten nicht erwisen habe, und ob er wol ein
866 771 3190 1009 gewüßes gelt uß specificierten sachen bezogen, mache
860 899 3208 1121 dannoch solches keine consequentz daß die Frauw Vennerin
853 1025 3013 1247 in vorderen Jahren eben so viel bezogen habe.
828 1175 3240 1418 Hierauf hat endtlich Herr Venner Daxelhoffer noch¬
856 1290 2934 1497 mahls geschloßen, daß er solche puncten nur
836 1415 3173 1612 demonstrations weiß eingebracht, damit er die¬
848 1537 3164 1795 jenigen puncten, so negiert werdind beweisen
832 1709 2879 1869 könne, welches zu thun annoch begehre:
815 1793 3061 2027 Als nun beide Ehrende partheyen hierüber
845 1930 3122 2169 diesere sach zum Rechten gesetzt: Habend Meine gnädige Herren
855 2067 2917 2286 darüber erkendt, daß Mein gnädiger Herr Venner
834 2223 3174 2443 Daxelhoffer den streitigen Klagpuncten, daß
841 2356 3004 2578 namlich Meine gnädige Herrin Frauw Vennerin von seinem gut
849 2493 3190 2713 unrechtmeßiger weiß by 7000 Pfund und Leinwaad
829 2613 2973 2857 an sich gezogen habe, nicht bewisen habe:
805 2744 3146 2932 Welchern Urtheil aber einmahl eingestelt worden.
840 3188 3219 3458 Betreffend die ab Meinen gnädige Herren Schultheiß und Herr Schult
661 3359 1063 3488 OberVogt
829 3397 3187 3616 heiß Effinger von Meinem gnädigen Herr Venner Daxelhoffer
828 3504 3104 3722 den 11. huius geführte Klag, ob solten Sy Ihne deß
819 3634 3224 3858 Ehebruchs beklagt, und solches den im May 1696 Vor
838 3762 3250 4004 Meinen gnädigen Herren gestanden haben: Stellete nun Mein gnädiger Herr Venner
783 3866 3165 4105 Daxelhoffer noch volgende Kundtschafften, und
831 4010 3209 4195 zeügete Mein gnädiger Herr Decan Bachmann er wüße annoch
841 4159 3219 4343 wol, daß under den Ehrenden partheyen scharpffe
856 4264 3210 4463 wort gewechslet worden, könne sich aber wegen
854 4417 3142 4565 lange der zeit, der eigentlich gebrauchten worten
867 4513 1919 4682 nicht mehr versinnen.
835 4621 3225 4849 Mein werter Herr alt Schultheiss Berseth erleichterte sich dahin, daß
3686 470 5927 746 weil damahls Mein gnädiger Herr Venner Daxelhoffer Mein gnädiger Herr die
3672 620 6191 836 damahls deß Chorgrichts waren, sambtlich vermahnt habe,
3667 728 6027 941 als beschwähre er sich anderst als mit übrigen Herren
3675 862 5967 1051 hierüber zureden: Sonsten aber seye Ihme wie
3668 923 6102 1181 Meinem gnädigen Herrn Decan und könne sich einmahl der eigentlichen
3663 1028 4933 1249 worten nicht versinnen.
3668 1130 6225 1413 Herr Rudolff Gauder aber Begehrte schrifftliche Communication
3662 1289 6152 1495 der Voroffnung, wolle dann darüber sich bedencken,
3667 1416 6096 1633 und seine ußsaag auch schrifftlich einlegen: Könne sich
3686 1527 6029 1727 einmahl nicht versinnen, was vorgangen sein
3675 1673 6097 1829 möchte, umb so viel mehr, weil er damahl nicht als
3666 1748 6135 1952 Secretarius der Cammeren, sonderen nur by der thüren
3664 1882 6102 2071 gestanden und abgewartet, und also uf solche sachen
3672 1969 4801 2175 nicht so genauw geachtet.
3652 2155 6055 2416 Denne legte Herr Abraham Delosea über die an Ihne
3656 2346 6083 2500 den 11. huius gethane vor: Und gegen Voroffnung
3668 2500 6133 2693 seine ußsaag schrifftlich ein Innhalts, daß er sich der von
3656 2586 6128 2837 Meinem gnädigen Herrn Venner Daxelhoffer vorgeoffneter dreyen
3667 2738 6129 2920 puncten wegen länge der zeit sich keineswegs erinneren
3671 2860 6111 3069 möge, also daß er darvon nichts zu zeügen wüße, eben
3659 2983 6077 3194 so wenig als von den dreyen ersten puncten der gegen¬
3661 3104 6123 3303 voroffnung: Daß vierten halben, was Mein gnädiger Herr Venner
3633 3234 6111 3388 Daxelhoffer mit Ihrern geredt habe, laße er es by dere
3646 3359 5983 3577 den 26. August 1696 ertheilten ußsaag verbleiben.
