7296 5472
923 490 3236 814 Hans Herren von Jaggispach, Hans Schertz, und Christina
903 672 3207 950 Tschannen sollend wegen sy nicht an Ihrene gebührenden
1089 866 1540 988 zu frommen Cappelen
940 785 3171 1076 ort zu predig gehend, sonderen anderstwohin lauffend
931 939 3183 1198 allhar citiert werden: Den 18. dito sind obige persohnen
936 1088 3145 1345 erschinnen, und entschuldiget sich, daß er zwar vor diesen
935 1166 3179 1425 dem Herren Guldi, Lutz, Müller zu Predig gangen, nun aber
955 1311 3156 1512 eine lange Zeit daheim bliben seyn, und als er ein¬
934 1405 3206 1648 mahl wegen einer gewüßen an ußeren orten gehörten
902 1537 3176 1774 Lehrhalben, von Herrn Predicanten erleüchterung begehrt,
939 1651 3060 1898 habe selbiger Ihme geantwortet, er sage seine sach
945 1786 3071 1982 uf denn Cantzel: Schertz bekent noch kürtzlich zum
919 1873 3221 2132 Pümplitz gewesen zusein, die Tschannen bekente
932 2027 3211 2244 nun etlichmahl wegen unwürdigkeit das Heilige Abendmahl
948 2184 3109 2384 nicht empfangen zu haben: Alle drey beklagten sich
888 2317 3121 2490 daß Herr Predicant Ihnen in particular niemahlen
908 2407 3041 2640 gewehrt habe. Ist ein Schreiben erkent an Herrn Predicant
939 2543 3115 2764 zu FrauwenCappelen, Sy vor sich zu bescheidenm und
938 2673 3138 2881 mit fründtlichkeit von dem gelauff abzumahnen.
910 2782 2999 3010 Worby Herr Predicant erinneret werden soll
941 2886 3117 3095 niemand ins kunfftige zu verklagen, sy wollind
916 3019 3085 3234 dann umb die particular bestraffung nichts thun,
889 3145 3161 3348 denne solle er nicht außschagen den Begehrenden
936 3270 3222 3423 mit underricht zu begegnen und zwar in particularii,
927 3380 3183 3603 welches so viel oder mehr früchte als die Predigen
913 3500 3223 3718 Insonderheit solle er die Tschannen so oft möglich zu sich
921 3633 3090 3859 beschicken, und dieses zarte gewüßen zu stercken
898 3781 1509 3959 sich befleißen.
637 3956 858 4100 104.
931 3875 3167 4143 Peter Widmer von Trachselwald hat wider seine
916 4045 3081 4255 Ehefrauw Cahtrin Burcki von Arberg uß in vor¬
935 4158 3160 4383 gehendem Manuel enthaltenen Gründen, ein Ruff¬
921 4289 2740 4466 brieff erhalten, zu Arberg zu verlesen.
943 4394 3164 4549 Den 27. dito Langte ein Brieff ein von Herrn Hey Reg. Predicant zu Straßburg
936 4529 3172 4676 daß sy Bürcki Ihren Ehemann verlaßen, seye ursach weil er andere lieber
945 4614 3235 4776 gesehen dann Sy, wie dann sy eine seinethalb verdächtige persohn uß der Statt getriben
953 4681 3142 4870 welche bald hernach Kindbetterin worden: er habe Sy sehr hart geschlagen, wolle
971 4775 3186 4956 immermehr ins Land: Den Diebstahl by Frauw Hügi betwelchen seye sy unschuldig
971 4872 3195 5036 und werdind von selbiger Frauwen alle mägdt deß diebstahls beklagt.
618 4898 2783 5066 Den 3. Junii hat er uf wider eingelegten Ruffbrieff auch den Scheidbrieff erhalten.
672 706 906 866 103.
3529 509 4165 783 Sambstag
3674 588 6157 911 Sonntag den 16. decembris 1699 extraordinarie
3479 778 5455 1058 Meine gnädigen Herren Bauwherr von Wattenweil praeses
3608 952 4503 1173 Herr Decan Bachmann
4944 920 5848 1161 Herr Ferdinand Hopff
3607 1083 4407 1338 Herr Landvogt Fischer
4971 1087 5899 1309 Herr Obervogt Matthey
4975 1226 5848 1452 Herr Schultheiss Früsching
3617 1233 4369 1483 Herr Landvogt Steiger
5026 1367 5560 1582 Herr Berseth
3634 1352 4493 1607 Herr von Graffenried
3640 1584 5959 1831 Dißmahlen stellte sich Mein gnädiger Herr alt Landvogt Sigmund Steiger
3370 1685 3605 1894 104 1/2.
3625 1746 6093 1962 In namen Meines gnädigen Herren Venner Daxelhoffer anbringende,
3606 1889 6126 2084 daß selbiger sich durch Ihne dahin erleüchtere und erklähre
3629 1989 6078 2183 die mit Meiner gnädigen Herrin Frauw Vennerin seiner Frauw gemahlin,
3639 2123 6107 2289 und dero Herren Brüderen und Anverwandten habende
3642 2254 5842 2474 streit und injuri sachen durch einen fründtlichen
3626 2391 5963 2554 entscheid hinlegen zu laßen. Welche erleüchterung
3625 2516 5845 2707 Herr Decan Bachmann und Herr Predicant Hopff als von
3599 2690 6061 2885 Meinem gnädigen Herrn Venner Daxelhoffer selbst angehört zu haben, auch
3631 2799 6040 3011 bestätiget: worüber Meine gnädigen Herren Venner Willading
3614 2912 6048 3119 Herrn Schultheiß, Herrn OberVogt und Herrn Ludwig Effinger in
3623 3038 6113 3279 namen Meiner gnädigen Herrin Frauw Vennerin hierin durch die Fründtlichkeit
3622 3219 6054 3353 handlen zu laßen sich auch erbotten. Deßwegen dann
3599 3300 6086 3531 Meine gnädigen Herren die sach alsobald an die hand genommen, alleswol
3636 3407 5738 3612 erdauwret und darüber erkent: Daß alle
3616 3544 6098 3777 Daß alle zwüschen den wol Ehrenden Partheyen selbsten,
3624 3692 6077 3884 und auch zwüschen Meiner gnädigen Herrin Frauw Vennerin wol Ehrenden Herren
3605 3782 6042 4012 Brüderen und Verwandten, und Meinem gnädigen Herrn Venner Daxel¬
3621 3904 6094 4174 hoffer hier oder anderstwo in particulari oder offentlich
3635 4046 6120 4278 schrifftlich oder mundtlich vorgefallene Ehrempfindtliche
3628 4194 6112 4400 wort und werck gäntzlich und allerdings abgethan, und
3625 4324 6069 4523 aufgehebt, auch als niemahlen geredt oder geschriben
3632 4426 6129 4648 gehalten, und deren nimmermehr gedacht werden. Wol¬
3633 4577 6134 4772 ermelte wol Ehrende Partheyen zu allen seiten derenthalben
3607 4677 6049 4856 Ihrer wolhargebrachten hohen Ehren und guten Lümbdens
3611 4799 4830 5006 wolverwahrt sein sollend.
