7296 5472
562 3999 836 4264 84 1/2
610 1982 754 2200 84
921 436 3377 718 Über eingelangtes S. von Jegenstorff, daß Anna
674 508 838 730 83
768 613 3307 862 Vögelin ungeacht angewendten verwahrnungen,
899 735 3349 963 dannoch mit abgelaßenen zöpffen / so Ihra als die einen
946 884 3355 1054 fehler gehabt nicht anständig / zu Kilchen und Märit
934 1007 3251 1242 zugehen, und auch dem UnderChorgricht nicht
957 1135 3363 1369 parieren noch vor demselbigen erscheinen wolle,
886 1265 3333 1517 Ist eine S. erkent nach Jegenstorff sy uf den 11. hujus
938 1386 3288 1606 allhar zu halten, den 31. jan. langte Bericht ein, daß sie annoch
925 1533 3327 1710 die züpffen nicht aufbinden wölle, ist ein zedel erkendt worden.
915 1643 3303 1802 an Herrn Venner Steiger selbige gwahrsamlich hereins zu lifferen,
918 1742 3303 1898 Den 5. febr. ist sy gebracht worden und hat globt die zöpffen aufzubinden,
910 1875 2813 2017 ist verlesen und ein S. nach Jegensdorff erkendt worden.
906 1946 3217 2201 Über eingelangten Bericht von Offtrigen, daß
910 2117 3117 2318 Melcher Bär guten Lümbdens und in seiner
888 2262 3136 2429 Vogtey sich wol verhalte: und erscheinen der
870 2387 3103 2608 Barbara Cradtli / vide d. 49 / Schwager Bruder und
891 2509 3342 2732 geschweyen und abgelegtem bericht, daß sy von keiner
886 2668 3312 2885 Eheversprechung noch glückwunsch nichts wüßind.
881 2798 3273 2996 habend Meine gnädige Herren die von dem Jacob Klöti an Sy Wadtli
883 2936 3333 3153 praetendierte, aber unbewisene Eheansprach ungültig
892 3073 3194 3257 erkendt und ad form. gescheiden: Sy Kradtli Ihme
884 3238 3119 3393 Klöti umb 15 Thaler zu bekent: und weilen der
806 3331 3327 3532 Cradtli hiebevor gehabte bystand Hans Heinrich Wyß
882 3496 3325 3691 durch seine ungegründte information zu der Citation
878 3617 3143 3770 deß Melcher Bären anlaß geben. Als solle er
879 3723 3305 3951 er Wyß selbigem für seine Reiß Cösten 5 Thaler zube¬
895 3862 3301 4077 zahlen schuldig sein, deßen ein S. nach Offtringen.
877 4019 3303 4243 Uber Allbrecht Sultzer schrifftliches anhalten, umb bewilligung
884 4157 3166 4352 mit Susanna Düll von Brüggen Kirchensrecht zu thun. Ist ein
871 4311 3276 4458 S. erkendt nach Brugg fürderlich zu berichten, ob selbige
902 4366 3229 4575 nicht schwanger und was Lumbdens und Lebwesens
872 4503 3270 4683 sy seye. Den 15. Langte bericht ein, daß sy nicht schwanger seye und
897 4613 3224 4794 auch nicht uff diese ehe instiere. Ist ein Antwortschreiben erkent, Sy
894 4746 3214 4852 darvon in ansehen, er die Pfrund verliehren wurde zu
891 4840 3232 4976 dissmadieren. Item dem Herrn provisoren zu verdeüten, daß
909 4883 2604 5071 er seinen Schwager Sultzer auch abhalten.
3481 4132 3646 4327 87.
3856 648 6270 903 Freytag von 8 decembris 1699.
3763 793 6218 1080 Meine gnädige Herren Bauwherr von Wattenweil praeses
3793 955 4711 1207 Herr Decan Bachmann
5169 982 6065 1209 Herr Landvogt Fischer
4269 1070 5073 1245 Matthey
5189 1128 6097 1344 Herr Landvogt Steiger
3847 1146 4648 1322 Herr Obervogt Fischer
3766 1201 3893 1359 Matthey
5198 1280 6156 1499 Herr von Graffenried
3810 1284 5168 1518 Herr Schultheiss Früsching
3782 1421 4879 1647 Herr Berseth
3505 1646 6273 1859 85. Daniel Roulet von Wifflißpurg spricht mit einlegung
3818 1838 6176 1992 einen procedur der Ehehalben an Anne Barbeli Grondis
3802 1911 6204 2044 Weilen er aber solches nicht erweisen können. Als sind
3768 2018 6250 2200 Sy ad form gescheiden und Ihra mit dem Jean Jacques Fischer
3788 2130 6286 2325 in dem annonces, welche durch den Roulet verhinderet worden,
3791 2238 6227 2434 vortzufahren bewilliget, er Roulet wegen solchen eintrag
3787 2359 6279 2512 zu Wifflißpurg 24 stund in die gefangenschafft erkendt und
3803 2431 6250 2637 soll der Grondis an Ihren Costen 4 Thaler bezahlen, deßen ein
3859 2580 5725 2769 S. nach Wifflißpurg.
3501 2711 3781 2897 86.
3804 2765 4976 2943 Uber eingelangtes S. von
4981 2743 6151 2979 Herrn Landvogt zu Erlach, daß der
3775 2875 6144 3040 Ullrich Holtzer umb die laut vorgehenden Manuals
3797 2992 6101 3214 ergangene underchorgrichtliche Cösten nicht abschaffen
3789 3119 6150 3321 wolle. Ist ein Antwortschreiben erkendt, daß er Holtzer 2/3 und die
3763 3232 6244 3452 Anna Maria Fisches 1/3 / wegen Sy beide durch mit einander verdächtig
3791 3363 6275 3571 gepflogene gemeinschafft zu einem bösen verdacht gnugsammen,
3775 3465 6207 3702 anlaß geben / an den Chorgrichts Cösten abtragen solle: und
3715 3612 6285 3800 Ihnen beiden ernstlich eingescherpft werden solle, fahls mann
3761 3726 6242 3908 Sy in das künfftige verdächtig oder einsamm by einander angetroffen
3800 3863 6266 4061 werden sollten, mann sy alsdann alsdann als Ehebrechere abstroffen
3783 3966 4000 4139 solle.
3682 4144 6286 4365 Nachdemme Meine gnädigen Herren vor ungeferd Sechs wochen vorgebracht
3788 4255 6221 4472 worden, ob solte Elßbeth Wild, Herr Operator Meßmers sel.
3796 4376 6150 4586 Wittib sich schwanger befinden, selbige aber über angelegte
3785 4491 6242 4659 Citation sich vor Meine gnädige Herren zu verantworten sich kranck beschriben.
3767 4597 6211 4776 und biß dato sich inngehalten: als habend Meine gnädige Herren Befohlen, daß
