7296 5472
583 1876 769 2048 95
857 723 3255 1035 Donstag den 14. decembris 1699 Extraordinarie
856 918 2907 1202 Mein gnädiger Herr Bauwherr von Wattenweil praeses
2067 1090 2972 1327 Herr Predicant Hopff
872 1099 1730 1316 Herr Decan Bachmann
2135 1227 2925 1432 Herr Landvogt Steiger
865 1285 1520 1500 Herr Landvogt Fischer
2157 1364 3067 1608 Herr von Graffenried
862 1383 1751 1632 Herr Schultheiss Früsching
850 1557 1390 1798 Herr Berseth
886 1751 3196 2006 Uf abermahliges erscheinen Meines gnädigen Herrn Daxel¬
893 1920 3189 2150 hoffers mit fründtlichem zustand Meiner werten Herren Herr Guber¬
924 2054 3219 2242 natoren Zehenders, Herr Landvogt Lombachs, Herr Landvogt Stürlers
891 2186 3183 2406 von Trachselwald, Herr Landvogt Sigmund Steigers seiner
891 2320 3193 2543 Ehrenden Herren Verwandten als Herr Klegeren an
877 2435 3091 2669 einem. Und Meiner gnädiger Herrin Frauw Salomelen Effinger seiner
844 2564 3005 2786 Frauw gemahlin mit fründtlichem zustand Ihrer
879 2700 3219 2885 vorgemelten respective Herren Brüderen und Schwägeren
859 2830 3069 3047 / Except Junker Landvogt von Erlachs / als Frauw Antworterin
881 2985 3231 3117 am anderen theil: Hat Frauw Klegerin einwenden
876 3060 3143 3276 laßen, durch den mund Meines gnädigen Herrn Venner Willadings
857 3188 3077 3408 daß die Meinem gnädigen Herrn Venner Daxelhoffer zu¬
878 3327 3089 3553 beweißthum seines wider seine Frauw gemahlin
872 3443 3145 3657 geklagten punctens der entwendten 7000 Pfund und
1440 3569 2221 3683 den 11t. huius producierte
2638 3580 3026 3727 wenig
864 3573 2951 3798 Leinwandts eingelegte Kundtschafft weege
868 3717 3095 3884 gleichheit einer Kundschafft habe, dann solches alles
2186 3821 2835 3906 welchen allen
883 3809 3156 3994 lautere allegationes seyend, und neüwe Klegdten
871 3931 3141 4085 also beantwortet werdind, daß einmahl erstlich
879 3988 3178 4222 Sy die von Meinem gnädigen Herrn Venner Daxelhoffers genamsete
882 4175 3235 4350 Jahr die specificierte sachen gar nicht empfangen habe.
849 4266 3009 4443 Deßen Mein gnädiger Herr Daxelhoffer auch geständig worden
905 4429 3137 4578 und verdeütet, daß er darinnen verschoßen seye und
879 4496 3250 4640 diesere Jahr selbsten empfangen, setze aber Meiner gnädigern Herrin Frauw Vennerin
876 4599 3225 4796 habe in den vorgehenden 10 jahren eben so viel empfangen
896 4748 3225 4915 wie er dann ins gemeine Klage, daß Meine gnädige Herrin Vennerin
3680 512 6223 760 alleweil sy in seinem Hauß die verwaltung gehabt, von dem
3690 673 6187 875 seinigen 7000 Pfund an sich gezogen habe zugeeignet habe, zu
3672 755 6233 950 deßen demonstration er solches von puncten und zu puncten
3697 847 6220 1036 vernamset, der meinung, daß er das Jenige, was Ihme
3670 957 6200 1155 werde gelaugnet werden auch ordentlich beweißen
3682 1118 4036 1228 wolle:
4326 1101 6194 1249 Hingegen H aber beharrete Mein gnädiger Herr Venner
3610 1185 6097 1431 Willading, daß Mein gnädiger Herr Venner Daxelhoffer sich declariert
3670 1317 6186 1555 daß er dieses zum beweißthum einlege, und darby Ver¬
3680 1427 5992 1656 bleiben wolle, und keine andere Kundschafft zu stellen
3659 1533 6129 1760 begehre, Seye also nicht mehr umb neüwe Klagpuncten
3691 1663 6183 1900 sonderem darumb zu thun, ob Mein gnädiger Herr Venner Daxelhoffer
3673 1767 6015 1982 den puncten der 7000 Pfunden und Leinwadt geng bewisen
3674 1882 6038 2121 habe: und wirdt und Mein gnädiger Herr deß Ehrsammen Chorgerichts
3680 2001 5382 2201 uber solche beweißthum vorgestelt.
3671 2152 6138 2384 Deß Meine gnädige Herrin Vennerin negiere die Feüwrstatt statt¬
3684 2260 6172 2495 Hüner von Utzigen 10 jahr lang eingenommen zu haben
3674 2443 6160 2607 zum Bericht aber vermelde Sy daß der mehrte theil
4112 2513 4765 2625 in natura bezogen.
3670 2562 6149 2715 derselbigen in die Haußhaltung verbraucht worden.
3641 2660 5949 2875 Und wann die Frauw Vennerin selbige schon bezogen
3656 2781 6122 2975 hätte, Ihra selbige auch von Rechts- und allgemeinen
5776 2916 6157 3100 Welches
3674 2910 5353 3127 gebrauchs wegen solche zugestanden.
3668 3017 6141 3250 aber Mein gnädiger Herr Venner Daxelhoffer nicht gestehen will,
3681 3192 6069 3328 und nochmahl offeriert zu erweisen, daß solche Hüner
3693 3276 6137 3490 nicht nicht in natura / wie seine Bodenzinß Hüner deren
3667 3405 6149 3604 aber hier nicht gedacht werde / sonder in gelt bezogen
3689 3549 4436 3742 worden seyend.
3636 3668 6180 3850 Den Werch, flachs, Rüben, und Rüblin zehnden betreffend
3673 3782 6124 3966 habe Meine gnädige Herrin Frauw Vennerin den Rüblin und Rüben zehnden
3677 3885 6160 4060 nicht ein geforderet: Wol aber habe Sy uß Meines gnädigen Herren
3676 4028 6165 4173 Venner Daxelhoffers befelch permission etwann 8 Jahr
3690 4131 6135 4332 lang den werch- und flachszehnden eingenommen, und
3675 4292 6172 4467 darauß underschidenlich als von 4 biß 8 Kronen pro Jahr erläßt
3679 4360 6159 4549 so er Ihra auch ohne opposition gelaßen: so sich insonderheit
3670 4479 6086 4669 uß Meiner gnädigen Herrn Venner Daxelhoffers eigener Bekantnuß
3682 4581 6174 4781 den dato 15. Januar 1695 erscheint, daß er damahls nichts ab Ihra
3687 4700 6150 4889 zu klag gehabt habe, und seye also diß eine bereits außge¬
3658 4800 6130 5046 gemachte und terminierte sach: zudemme daß solche sachen
