7296 5472
864 487 3182 785 Sy mit Ihrem schwangeren Leib in das Sollothurnische
896 658 3213 893 zugehen vermahnt, seinen namen zum Creditoren
901 806 3039 1012 in deß Knechtliche Obligation, dargelichen, selbige
894 910 3118 1140 hinder sich genommen, und der Lüscherin die Zahlung
892 1007 3062 1252 darvon, wann er sy empfahen werde, zuzustellen
930 1149 3190 1368 versprochen. Johannes Egli gestunde zwüschen
880 1263 2982 1468 Knechtlin und der Lüscherin zu einem Botten sich
895 1385 3195 1567 gebrauchen laßen, den accord gemacht, die Obligation
877 1519 2993 1696 dem Kyburtz überbracht, vorgelesen, und der
864 1628 3197 1841 Lüscherin auf die abreiß einen thaller verehrt, den
884 1746 3014 1956 der Knechtlin Ihme zu ersetzen versprochen
818 1866 3091 2080 Welcherr bekantnußen Meine gnädigen Herren vorzutragen.
906 2003 2929 2195 erkendt worden. Den 18. decembris langte ein
888 2129 3005 2302 RahtsErkantnuß ein, Innhalts: Daß neben der
897 2243 3241 2475 gsatzmäßigen abstraffung deß Knechtlis die Obligation
880 2461 3121 2604 als einen versprochenen Hurenlohn zu handen
896 2546 3147 2707 eines Oberen Chorgrichts allhier nach bißhariger
871 2649 3081 2843 gewonheit confisciert sein, und dem Knechtlin der
895 2780 3154 2957 arrest allhier angelegt werden solle, biß er ent¬
895 2904 3139 3105 weders mit bahrem gelt bezahlt, oder gnugsamme
882 3035 3166 3254 Bürgschafft darumb gestelt haben werde, daran Ihr
858 3159 3035 3362 kommen möget: den Kyburtz aber eine Jahr lang
887 3289 3093 3499 seiner grichtsstell eingestellt, den Egli 8 tag hinab
898 3404 3159 3575 erkent, die Lüscher aber solle deß Lands verwisen
890 3539 3148 3712 werden darby aber ad notam genommen werden,
870 3678 3206 3841 daß sy bereits 40 tag gefangenschafft / so nicht hätte sein
870 3783 3123 3972 sollen / außgestanden, so wol allhier als Insonderheit
879 3911 3019 4073 20. tag zu Lentzburg. Den 15. Januar habe Ich uß Meinen gnädigen Herrn
877 4024 3099 4248 Befelch obige 150 Gulden von dem Knechtlin empfangen
3388 483 3652 746 101.
3381 1900 3585 2071 102.
3666 435 6015 729 Mit einem Schreiben von Thun erscheint Hans Winteregg von
3650 590 6128 832 Goldenweil, klagende, daß seine Ehefrauw Anna Flogerti
3660 707 6109 954 von Oberweil ampt Wimmis Ihne verlaßen, nun ein Jahr
3648 807 6152 1032 lang im Land herumb zeüche, und Ihre Mittel zu Oberweil
3656 918 6167 1134 habe: Ist Ihme ein Suchbrieff ertheilt worden. Denne
3650 1054 5959 1212 ein Schreiben nach Wimmis die Verordnung zu thun, daß
3649 1134 6165 1355 die mittel nicht alieniert werdind, sonder in Sicherheit
3631 1245 4301 1476 verbleibind.
3653 1861 6124 2082 Nun erscheint d. 93. Doctor Johannes Flettner und zeügete
3631 2024 6113 2188 daß er vor ungeferd 8 oder 9 Wochen die Frauw Meßmer
3655 2084 5944 2264 in der Cur gehabt, aber keine Schwangerschafft an Ihra
3638 2223 6139 2415 bemerkt, Sy habe selbsten Ihme proponiert, daß sy gewohnt
3648 2330 6064 2522 seye, offt zur Ader zulaßen, und gefragt, ob sy nun auch
3632 2443 6126 2641 laßen solle, welches er aber weder rahten noch wehren
3650 2551 6036 2708 wollen, deß uf dem fußlaßens aber Seye nicht gedacht
3638 2666 5606 2831 worden: wüße auch nicht ob Sy gelaßen habe.
3619 2780 5924 2974 Den 18. dito Abraham Meyer der Glaser auch
3644 2921 5862 3114 beschickt und gefragt, was er an gewüßen orten
3647 3049 6123 3206 geredt, daß er von der Meßmeren magt habe in den Bach
3647 3136 6141 3322 schütten sehen, wolte gantz nichts wüßen. Ist also dieser
3637 3264 6126 3488 sach Gott und der Zeit zu offenbahren heimbgestelt worden,
5184 3356 5412 3451 worden
3635 3362 6084 3586 Ihra Frauw Meßmeren aber insinuiert innert 3 Monaten
3642 3475 6078 3721 durch eine Authentische von Herrn Du Rosey underschribene
3636 3601 6107 3841 Bekantnuß Ihre Eheansprach uf den Jacob Pretelli zu er¬
3645 3764 5896 3942 weißen, widrigen fahls Sy zur abbüßung werde
3647 3858 6121 4087 gehalten werden. Den 22. Januar ist dem Doctor Flettner uf sein
3640 3988 6036 4179 anhalten, wegen er den Bericht abzustatten von Kertzertz allhar
3625 4109 6141 4305 kommen müßen, 2 Thaler so Ihme die Frauw Meßmeren entrichten solle
3644 4211 6089 4430 gesprochen worden. Den 29. dito ist diesere Urtheil dahin bestätiget worden.
3629 4332 6138 4550 daß sy Ihme solche uber das was er an Speiß oder gelt von Ihra
3652 4435 6092 4667 empfangen haben möchte, innert 14 tag entrichten, und der
3619 4555 6034 4754 Flettner umb vernere handbietung vor den Herren Grossvogt
3638 4688 4423 4876 gewisen sein solle.
