7296 5472
666 475 3243 782 123. Margrecht Andrist von Latterbach spricht mit klagender
954 633 3220 917 schwängerung der Ehe halben an Hans Rytter von
937 771 3158 1052 Frutingen, und bringt mit ein weitlaüffiges Schreiben von
924 906 3199 1160 Frutingen: Weil aber der Rytter nicht erschinnen, als
959 1052 3150 1288 ist ein Schreiben erkent an Herrn Castlen zu Frutigen. Beide Partheyen
959 1139 3214 1399 uf den 5. Januar 1700 allhar zu halten. Es wäre dann sach
926 1269 3138 1519 daß der Rytter dem Herrn Castlan die Andrist zu ehelichen
943 1411 3224 1626 globen und fürderlich Kirchen Recht halten wolte, in
936 1541 3167 1784 welchem fahl Sy der allhar Reiß erlaßen werdind.
639 1720 3007 1981 124. Von Herrn Landvogt von Morsee langet Bericht ein: Daß
941 1909 3165 2127 der Marti Suter  / vide d. 118 / bekantlich seye, und
925 2027 3115 2250 die Cahtri Steffani ehelichen wolle: Welches Ihra
943 2150 3238 2377 eröffnet, und anbefohlen worden, den Kirchgang
928 2272 3003 2458 Innert 14 tag zu Murten oder Losanne by dem
914 2419 3159 2655 Teütschen Prediger zu halten. Deßen ein Schreiben an Herrn Landvogt
938 2545 2957 2777 zu Morsee, und Ihra einen offenen Schein.
925 2690 3220 2935 Mit einem Schreiben von Hochstetten erscheinend Hans Hermann
622 2796 850 2951 125
947 2857 3189 3063 von dorten, und Barbara Schneider von Dießbach
942 2989 3116 3170 by Büren, welche sich beiderseits eine lange zeit
930 3114 3248 3291 im Niderland aufgehalten: und begehrend mit einander
895 3240 3178 3429 Kirchen Recht zu thun, und sich dann wider das Land
909 3354 3182 3531 hinab zu begeben. Cogn. weil keine opposition vorhanden,
900 3468 3163 3666 Sie auch von Herrn Predicant zu Dießbach einen gnugsammen
885 3597 3182 3800 Schein hat, als ist Ihnen KirchenRecht erlaubt und solle
905 3719 3100 3934 Herr Predicant zu Hochstetten Sy mit einer guten
886 3833 3221 4003 Attestation Ehrlicher gebührt, harkommens und Lebens
931 3966 1411 4176 versehen.
918 4098 3156 4319 Uber das so hievor d. 84 1/2 obgangen erscheint nun
592 4136 849 4297 126.
899 4231 3209 4428 Allbrecht Sultzer selbsten, und hielte umb bewilligung
933 4346 3084 4527 an, daß er sich mit Susanna Düll verehelichen möge.
918 4518 3226 4666 Nachdemme Ihme aber weitlaüffig remonstriert worden,
3392 3046 3603 3232 127.
3604 443 6111 672 daß er hierdurch seiner zu Köngsfelden habenden doppleten
3606 556 6118 785 Pfrund, ohne hoffnung daß Ihme das eingewendte Capital
3598 660 6072 897 werde restituiert werden, sich verlurstig machen,
3629 764 6091 1011 und also in großen Kummer Armuht und elend stürtzen
3633 882 6027 1105 werde. Ist er zwar gutwillig von diesem seinem
3601 975 6039 1212 Vorhaben abgestanden, hat aber hingegen begehrt, daß
3623 1094 6102 1297 seine Pfrund möchte in gelt verwandlet, und Ihme
3624 1211 6100 1443 sich allhier etwann by einem Trayer an tisch zu ver¬
3607 1317 6015 1519 dingen möchte vergont werden, damit er die Düll
3643 1437 6064 1618 nicht mehr vor seinen augen sehen, und seine zeit
3639 1540 6022 1746 mit arbeiten vertreiben könne: Welches Meine gnädigen Herren
4927 1662 6040 1866 praesidem ersucht sein
3626 1676 4937 1904 auch gutfunden, und Meinem gnädigen Herrn
3619 1794 6050 2001 Sultzers Schwager Herr Marquard Wild vor sich zu
3625 1908 5995 2155 bescheiden, solche sein Sultzers billiches begehren zu
3637 2067 6048 2247 eröffnen, und Ihme anzubefehlen, daß er Meine gnädigen Herren
3628 2157 6031 2355 zu verwandlung dieser Pfrund in gelt nach¬
3616 2291 6069 2521 werben, und dann seinen Schwager etwann an ein
3624 2399 6101 2634 gutes orth zu einem Meister verdingen solle: welchem
3631 2532 6062 2723 aber alsdann wol ein zuscherpffen sein werde, daß
3656 2627 5979 2853 er uf Ihna Sultzer, damit er sich nicht etwann an einer
3631 2763 5453 2964 Weibspersohn verhencke, wol achtung geben.
3663 2918 6083 3156 Uf beschehenen anzug Meines gnädigen Herrn Decans, daß Junker Jacob Von
3630 3079 6065 3335 Bonstettens Ehefrauw nun über zwey Jahr weder zu
3603 3208 6099 3492 Predig kommen, noch das Heilige Abendmahl empfangen habe. Ist
3651 3354 6111 3562 mir dem Schreiber befohlen mit dem Junker von Bonstetten
3646 3477 6135 3712 und dann auch mit der Frauwen zu reden und uber
3613 3594 5973 3819 14. tagen deßen so Ich außgerichtet, bericht abzustatten.
