7296 5472
912 410 3223 701 ersättigen, und diese beide Herren diß orts liberieren
887 619 1260 807 könne:
876 661 3265 909 Als nun Mein gnädiger Herr Venner Daxelhoffer darauf hin mit
934 823 3305 988 einem anderen puncten der Eheverkomnußhalben
929 928 3321 1184 vortfahren, und dem Herr De Losea nochmahls voroffnen
938 1065 3318 1256 wollen, hat Meine gnädige Herrin Frauw Venner sich darwider opponiert,
914 1197 3323 1412 und vermeint, daß laut jüngst ergangener Urtheil
909 1355 3336 1565 Mein gnädiger Herr Venner Daxelhoffer mit dem puncten der 7000 Pfund
684 1436 3271 1662 Verners vortfahren solle: Worüber Meine gnädige Herren
756 1582 3290 1799 erkent, daß zu volg den 7 huius ergangener und
926 1749 3348 1934 von beiden Ehrenden partheyen angenommener
990 1841 3183 2017 Urtheil Mein gnädiger Herr Venner Daxelhoffer mit dem
918 1984 3241 2211 puncten der 7000 Pfunden vortfahren, entweders
908 2109 3329 2351 Vernere Kundschafft stellen, oder über die gestellte
933 2245 3196 2455 absprechen laßen, Ihme aber dannoch sein Recht
941 2391 3271 2615 dem Herrn De Losea uber den puncten der EheVer¬
901 2526 3320 2741 komnuß verner vorzu offnen vorbehalten sein
904 2663 2949 2882 solle: Welcher urtheil sich beide Ehrende
894 2797 2290 3011 partheyen ersättiget habend.
915 3004 3202 3271 Hierauf hat Mein gnädiger Herr Venner Daxelhoffer zu auf¬
925 3194 3321 3408 grichtung der Klag der 7000 Pfunden Meine gnädige Herrin Frauw Vennerin *
953 3307 1377 3402 angesetzt
935 3288 2101 3507 vorbehalten, ob Sy nicht
936 3436 2807 3638 daß Sy 10 Jahr lang die Feüwrstatt Hüner
944 3548 2787 3758 von Utzigen eingenommen habe, so da zu¬
1785 3737 1884 3829 a
963 3682 1494 3854 samen thue
2889 3634 3344 3897 90. Kronen
901 3794 2808 4007 Item vom werch, flachs Rüben, und Rüblin
910 3928 2795 4138 Zehnden, habe Meine gnädige Herrin Frauw Vennerin in den
935 4053 2807 4261 Jahren 1690. 91. 92. 93. 94. 95. 96 und 97 em¬
2890 4125 3315 4368 71. Kronen 17 Batzen
928 4171 1341 4365 pfangen
953 4238 2819 4486 Herby nicht begriffen, was Sy in vor¬
972 4413 2311 4611 gehenden Jahren eingenommen.
851 4582 2305 4825 * mit vorbehalt der miß Rechninß
3773 509 5814 771 Verner habe Meine gnädige Herrin Frauw Vennerin empfangen den
3780 654 5791 892 obszehnden de Annis 1688. 89. 90. 91. 92. 93. 94. 95.
3774 779 4509 970 96. und 97, thue
5815 746 6288 951 58 Kronen
3760 906 5879 1137 Item habe sy alles obs, so wol von Utzigen als uß
3729 1049 5850 1219 den Matten bezogen, und das, was nicht in dem
3785 1156 5845 1344 hauß verbraucht worden, verkaufft: das jahr
3794 1259 5823 1471 nur zu 20 Kronen gerechnet, thut in 15 jahren
5800 1193 6104 1437 300 Kronen
3784 1406 5613 1622 Item uß dem garten haben Mein gnädiger Herr Venner
3750 1516 5785 1735 gezogen Anno 97 70 Kronen und Vernen 50 Kronen rechne
5505 1661 5841 1760 Ja wird
3789 1663 5866 1848 also daß Meine gnädige Herrin Frauw Vennerin * Jahr 40 Kronen darauß
3790 1756 5784 1967 erläßt wegen der vielen refugierten, so
3767 1815 6096 2095 hier gewesen, mehr erlaßt habe, thue in 15 jahren 600 Kronen
3769 2048 5807 2290 Item habe Meine gnädige Herrin Vennerin von 30 flämschen
3784 2223 5842 2403 Schaffen die wollen empfangen, Vom Schaff zu
3789 2303 5709 2539 2 Pfund, und das pfund 1/2 Kronen gerechnet thut in
5804 2346 6121 2596 450 Kronen
3794 2425 4571 2665 15 jahren
3789 2577 5818 2802 Darvon aber abzuzeüchen by 60 Ell. Sargette
3869 2702 4918 2899 so sy in das hauß gemacht.
3739 2813 5812 3079 Verner habe Meine gnädige Herrin Frauw Vennerin von dem
3791 3007 5845 3152 Schaffner von Trub, empfangen, was einem
3745 3131 5762 3335 Seckelmeister gehört an Käßen und Ziger thue
5805 3171 6166 3426 414 Kronen
3781 3256 4775 3459 in 5 Jahren zusamen
5589 3248 5663 3472 .
5227 3385 5465 3536 wirdt
5003 3455 5102 3529 oder
3777 3425 5841 3650 Item einem Herren Seckelmeister und Venner Jährlich
3774 3616 5809 3754 verehrt 18 Käßen, zu 30 Pfunden gerechnet, und
5821 3604 6150 3847 648 Kronen
3788 3721 5440 3903 das pfund a 20 2 Batzen thut in 15 jahren
3761 3817 5879 4056 Darvon abzuzeüchen 18 Kronen so Meine Gnädige Herrin Frauw Vennerin
3826 3971 5588 4183 Meinem gnädigen Herrn Venner vor einmahl gelifferet.
4426 4087 6213 4342 thue obige posten zusamen 8538 Pfund
3748 4268 5940 4493 Hierin der Brandtenwein, Honig, Zinßhanen und
3758 4426 5937 4633 Zinßnyer so Meine gnädige Herrin Vennerin bezogen nit begriffen
3747 4574 6165 4734 Item by ablag der salz directoren rechnung empfahrt ein Herren
3738 4643 6099 4830 Seckelmeister und Venner biß uf 16 mäs saltz an welchem er
3765 4747 6095 4945 nicht gnug haben mögen, da er doch sith der Frauw Vennerin
3771 4876 5146 5069 Abwesenheit daran genug habe.
