7296 5472
614 630 849 794 132.
893 513 3187 782 Nun erscheinend Cahtrin Dingnauwer Meister Abraham
808 650 3179 929 Dullickers deß Sattlers Ehefrauw, und Herr Hans
872 798 3152 1030 Jacob Wyß der Ferber: Da dann die Dingnauwer
905 906 3176 1205 Ihre anklag uf underschidlich an Sy gethane fragen,
910 1037 3159 1268 und antworten, nochmahl also geführt und erzellt:
902 1153 3130 1475 Es seye gestern 4 wochen gewesen, daß Herr Wyß
921 1311 3152 1544 sy vor den Wäberen angetroffen, und den Mantel
927 1441 3148 1677 über Sy hin geschlagen, darzu die benachbahrte Frauw
894 1555 2983 1829 Pretelli kommen, er sy gehen, und mit Ihra Frauw
903 1689 3192 1957 Pretelli reden laßen, er aber seyen hinein gegangen
893 1811 3039 2039 und ein Kind heraußgeschickt, und Ihra sagen
900 1956 3147 2212 laßen Sy solle hinein kommen, er habe etwas mit
894 2141 3052 2350 Ihra zu reden, und als Sy hinein gegangen, habe
927 2246 3144 2478 er Ihra gelt ein maas wein zu reichen gegeben,
918 2371 2964 2591 so sy auch gethan, als Sy widerkommen, Seye Ihr
882 2532 3095 2717 Sattlergesell in der Stuben, Herr Wyß aber in der
883 2619 3071 2849 Küchen, darinn deß Gesellen beth seye, gewesen
906 2759 3005 2936 welcher Ihra da hinein geruffen, Sy uf das
902 2899 3164 3102 beth gezogen, und seinen willen mit Ihra vollbracht,
913 3011 3153 3224 und Leibsgemeinschafft gehabt: Darüberhin seye
898 3139 3147 3340 Sy in die Stuben und Herr Wyß Ihra nach auch hinein
909 3266 3027 3455 gegangen: Und als Ihr Ehemann Dulligker auch
905 3401 3148 3605 heimkommen, habe selbiger das nachteßen zurüsten
904 3505 3047 3719 gemahnt, und den Herrn Wyß auch darzu eingeladen,
891 3647 3081 3836 welcher ge da gebliben, und Ihne Dulligker sich uf
907 3778 3100 3979 die Hochwacht zu begeben vermahnt, so er gethan:
898 3898 3138 4115 Herr Wyß aber uf dem tisch entschlaffen, deßwegen Sy
889 4021 3107 4235 Ihne aufgeweckt, und zu Ihrem beth geführt, Ihme
933 4154 3017 4370 sagende, daß er darauf ligen, und den Rausch ein
923 4270 3229 4485 wenig ußschloffen solle, da er sich dann in den Kleideren
914 4404 3170 4586 darauf gelegt habe: Endtlich aber als sy seines wider
913 4495 2953 4746 aufstehens nicht erwarten mögen, habe sy Ihre
3536 459 5893 674 Kleider außgezogen, und sich gemächlich under das
3541 580 5989 798 Dackbeth geschlichen, da er Sy dann nochmahl mißbraucht
3542 673 6034 922 habe und sy verspührt, daß er seine Kleider außgezogen
3566 799 5922 1000 gehabt. Am Morgen frühe aber habe Sy Ihne ufstehen
3553 930 5906 1117 und uß dem Hauß gehen gemacht, und auch seinen Degen
3555 1017 6015 1234 annoch uf dem Beth da er Sy erstmahls mißbraucht
4085 1121 5923 1314 Diesere that nun seye etliche tag
3556 1157 4101 1360 gefunden:
3551 1253 6011 1436 verschwigen gebliben, biß eine gewüße Mareyen
5544 1343 5651 1436 und
3550 1349 5952 1568 so by Ihra wohne, der grempberen gallenen diesere
3558 1456 5910 1692 deß anderen Dullickers Frauwen Schwöster, und
3574 1565 5909 1775 endtlich diese er Ihrem Schwager darvon gesagt,
3541 1695 6008 1921 welcher seinem Bruder Abraham Dullicker Ihrem
3538 1823 6039 2069 Ehemann acht tag nach beschehener that, solches eroffnet.
3482 1942 6014 2152 Wer Als er nun wider heimb kommen, habe er seine
3531 2062 6010 2269 Frauw gefragt, was Sy hindt acht nächt begangen habe?
3529 2185 5898 2409 Worüber Sy also erschrocken, daß Sy uß dem Hauß
3564 2318 5883 2541 geloffen, darob und hierauf nun habe Herr Wyß den
3503 2443 6049 2611 Adam Leonhard Haffner und Herr Bindthemmer zu Ihrem
3580 2565 6038 2812 mann geschickt, und Ihme zusprechen laßen, daß er hierauß
3565 2707 6004 2928 kein unwesen machen solle, sonder seine Frauw in der
3587 2832 5947 3067 stille wider zu sich nemmen solle: worzu er sich auch
3571 2971 6072 3188 declariert, und sy sich wider zu Ihme begeben habe, Ihme
3561 3123 6046 3272 umb den Halß gefallen seye, und Ihne umb Verzeichung
3566 3257 5894 3420 gebetten habe, da er sy dann auch nicht übel tractiert
3599 3367 6034 3574 sonderen nur zwen streich mit dem Rinder Zähn geben
3582 3492 5813 3674 habe: damahls habe der Ehemann und nur von dem
3566 3623 6054 3815 byschlaff uf deß gesellen beth gewußt, von dem anderen
3572 3724 6030 3962 aber in der Stuben begangen, habe Sy selbsten Ihme erst
3582 3859 5361 4072 verwichene Wiehnacht nachts bekent:
5012 4018 5135 4119 als
3550 4007 5935 4239 Herr Wyß hingegen erzelte, daß er bedeüten Zinßtag
3576 4188 6084 4400 heimbgehen wollen in dem Hooff aber die Dingnauwer
3571 4295 6020 4465 angetroffen, habe selbige Ihne gefragt, ob er Ihr Fürtuch
3588 4405 6023 4621 geferbt habe, und uf verneinen Ihne geheißen hinein
3570 4516 6032 4783 kommen, so er gethan, und als Dulligker auch heimbkommen,
