7296 5472
567 1544 857 1720 128.
565 1661 904 1832 * Von Sankt Blaise
577 3076 845 3283 129
908 593 3174 935 Mittwochen den 3. Januarii 1700
2274 813 2653 969 praeses
890 838 2269 1083 Meine gnädigen Herren Venner Daxelhoffer
2163 936 2991 1170 Herr Predicant Eym
913 997 1777 1241 Herr Decan Bachmann
2171 1074 2986 1322 Herr Landvogt Steiger
919 1142 1587 1369 Herr Landvogt Fischer
2202 1223 3044 1470 Herr von Graffenried
915 1287 1826 1532 Herr Schultheiss Früsching
902 1482 3165 1737 Herr Rudolf Müßli ist ist seines Begehrenden Hochzeit
929 1625 3223 1840 Scheins, mit Jungfrau Louiise prince * ungeacht von Ihrem
929 1741 3206 1953 Vatter und Mutter vorgelegten Consens wegen
932 1854 3237 2090 manglenden Attestation der zu Sankt Blaise beschehenen
925 1979 3273 2201 annonces, oder sonst einer Chorgrichtlichen permission
920 2119 3199 2352 abgewisen worden: Uf den abend ist uf mein
895 2239 3240 2459 deß Schreibers anhalten Ihme der Chorzedel an
908 2366 3205 2543 einem beliebigen ort Meiner gnädigen Herren und Oberen Gebiets
899 2506 3170 2709 Kirchen Recht zu thun bewilliget worden, doch daß
900 2603 3196 2836 daß er dem Herrn Predicant wo er sich wirdt copulieren
899 2790 3163 2951 laßen wollen, obige angezogene permission oder
914 2870 1972 3092 Attestation einhändige.
928 3015 3260 3276 Verena Gamper von Rüttigen spricht mit klagender
939 3202 3175 3411 schwängerung der Ehe halben an Ulli Kuhn uß dem
855 3319 3123 3535 Fröschbrunnen Kilchöhre Trub / vide d. 58 / welcher
913 3443 3197 3655 eine hievon auch einen Ledigen Fehler gehabt, dißmahlen
908 3561 3125 3763 nun dermahlen erscheinet, der Schwängerung
919 3677 3139 3874 geständig ist, die Eheversprechung aber nicht gestehen will.
903 3791 2967 3950 Sind einmahl beide hinab erkendt worden.
913 3868 3152 4106 Den 5. Januar hat er Kuhn gelobt, die Gamper fürderlichst
914 4057 3125 4216 zu ehelichen, zu dem und Ihme ein offener Hochzeit
918 4137 3167 4298 Schein ertheilt worden **, deßen ein Schreiben nach Kilchberg
937 4269 1425 4443 by Biberstein
895 4369 3157 4549 ** und Ihnen wegen manglenden mittlen Jedes alsonderlich
934 4488 1726 4662 zudienen bewilliget.
3425 3859 3495 3967 q
3385 472 5953 750 130. Anna Hirsi Leah nun den wider Ihren Ehemann Hans
3593 600 6025 825 Wyder beide Kilchspiel Guggisperg den 16. Januar 1695
3618 706 5914 931 erlangten Ruffbrieff ein, mit underschribener
3598 837 6097 1018 Attestation der geschehenen Rüffen und begehrt der
3608 941 5977 1142 Schidigung, welche Ihra auch ad form ertheilt worden.
3562 1048 6091 1247 Weilen aber Sy verdächtig sich bereits anderwertig
3593 1157 6098 1409 versprochen zu haben, ist ein Schreiben erkent, an Herrn Predicant uf Sy zu
3634 1262 5965 1462 achten, ob Sy etwann dieser zeit schon schwanger oder
3602 1385 6043 1583 versprochen gsin wäre. Den 8. dito bekente die Hirsi dem Hans Zwahlen, so
3683 1475 6059 1653 der Scheidbrieff ervolge versprochen zu haben. Ist Ihnen vortzufahren
3691 1564 5813 1734 erlaubt worden, deßen ein Schreiben an Herrn Predicanten im Guggisperg.
3631 1659 6061 1857 Nun erscheinend die d. 23 citierte Claude Dumasterey
3375 1694 3585 1907 131
3641 1770 6051 1930 und Anne Marie Pey, Nicolas Mormod Eheweib, eine
3619 1862 6070 2054 weitlaüffige procedur wider Sy beide sehr verdächtigen
4036 1963 4678 2076 begangnen Ehebruchs
3642 1979 6112 2163 umbständen halben verhörter Kundschafften mitbringend,
4317 2095 4484 2175 nun
3570 2088 6085 2263 und weilen sich uß selbigen gnugsamlich erscheint, daß
3613 2265 5954 2436 Sy ungeacht beschehenen Zweymahligen verbots
3630 2351 6003 2555 dannoch zusamen gewandlet, Ja sy Ihne in Ihrem Hauß
3655 2457 6031 2685 verborgen enthalten, als sollind Sy * laut Gsatzes als
3346 2632 3616 2770 * ungeacht verlaugeners That
3620 2621 5892 2830 Ehebrechers abgestrafft, und Ihnen nochmahl alle
3616 2709 6031 2935 vernere Communication ** verbotten sein, also daß so
4548 2845 4681 2953 nur
3625 2866 5943 3081 in sy in das künfftige mit einander redend angetroffen
3613 2990 6033 3193 werden solten, Ihnen solches werde zum C zweiten Ehebruch
3639 3114 6051 3357 zugerechnet, und Sy deß Lands verwisen werden.
3616 3232 6080 3440 Dennoch aber solle er umb zusehen, ob die Bekantnuß Von
3615 3391 5737 3616 Ihme zu erhalten uf den Esterich gethan werden.
3637 3498 6081 3757 Den 8. hujus als Sy beiderseits uf der negativ verharreten
3606 3630 5979 3851 Sind Sy die 20 tag auß zu machen hinab erkendt worden:
3620 3753 6042 3920 den 22. ist er, und den 24. auch Sy mit der Censur dimittiert und
3556 3868 6049 4095 Ihnen die Urtheil eröffnet werden: Deßen ein Schreiben nach
3634 4021 3973 4197 Burtigni
3982 4073 4192 4230 Ihme
3586 4091 5426 4373 ** wie auch den Bezirck der gemeind Burtigni
