7296 5472
963 755 2715 1054 Freytag den 22. Decembris 1699
878 951 2715 1210 Meine gnädigen Herren Bauwherr von Wattenweil praeses
2069 1094 2708 1249 Herr Landvogt Fischer
892 1122 1697 1315 Herr Decan Bachmann
2078 1188 2749 1385 Herr Landvogt Steiger
872 1212 1666 1439 Herr Obervogt Matthey
2092 1355 2910 1541 Herr von Graffenried
890 1367 1669 1589 Herr Schultheiss Früsching
885 1486 1305 1717 Herr Berset
887 1625 3107 1935 Über eingelangten Rahtsbefelch Meinen gnädigen Herren zu berichten
522 1786 808 1940 117
910 1797 2975 2042 was es mit Hans Schletti von Boltigen * durch
537 1909 874 2032 * welcher die
549 1978 876 2075 Landsöffnung
834 1952 2934 2149 Anna Kühnen / vide Manual 1696 / erlangte und
536 2040 796 2185 begehre
901 2059 3162 2317 außgeführte Ruff für eine beschaffenheit habe. Ist solchem
893 2205 3114 2435 nachgeschlagen, und die sach Meinen gnädigen Herren zu referieren erkendt
889 2406 1300 2560 worden.
883 2578 3107 2808 Ullrich Fischer von Möricken klagte, daß ungeacht
568 2674 845 2863 115.
906 2741 3162 2945 Meine gnädigen Herren im Novembris 1692 erkendt, daß Sein Schwäher Hans
883 2851 3207 3076 Zahn Ih von Endtfelden Ihme die versprochene Ehesteüwer
905 2994 3200 3212 entrichten solle, seye solches dannoch biß dato nicht geschehen,
904 3119 3118 3347 und habe also auch Sein Vatter Ihne mit seiner Frauwen
893 3226 3176 3453 annoch nicht zu sich genommen: Erkendt ein Schreiben an Herrn Landvogt
898 3343 3066 3547 zu Endtfelden Lentzburg den Hans Zahnen zu bezahlung
1083 3487 1599 3581 so er in Ehetagen
906 3491 3201 3694 deßen versprochenen Ehesteüwer, und deß Fischers Vatter
904 3613 3059 3763 dahin zuhalten, daß er seinen sohn und deßen Frauw
908 3754 3085 3902 eingegangener maßen zu s ungesaumbt zu sich in sein
882 3824 1425 4019 Hauß nemme.
856 3951 3223 4200 Über eingelangtes Schreiben von Arauw und Rahtsbegehrung
550 4016 800 4220 116.
909 4114 3172 4308 wie Heinrich Brunner Ihr Burger so vormahls einen
922 4243 3099 4427 ledigen fehler gehabt, und dißmahl eines Ehebruchs
904 4342 3198 4524 bekantlich seye, abgestrafft werden müße: Antwortschreiben
938 4453 3195 4642 erkendt, sollind Ihne neben gewohnter depraecation
959 4561 3233 4763 umb den Ehebruch fehler zu 30 th tägiger gefangenschafft
925 4656 1232 4850 halten.
3339 569 3574 777 117
3347 1776 3582 1935 118
3366 2963 3571 3146 119
3620 490 6101 731 Über eingelangtes Schreiben von Cully, daß Jean Francois Laguras
3633 623 5908 869 ungeacht angewandten Censuren, Bestraffungen und
3617 760 5884 971 gefangschafften, dannoch allezeit in seiner Füllerey und
3616 849 6013 1104 Trunckenheit vortfahre, wider Ihne Hilff begehrende. Ist
3620 968 6108 1174 ein Schreiben erkendt worden, Ihne nochmahls vorzuforderen
3601 1080 6032 1270 hier von abzumahnen, Ihme das Exempel der dreyen von
3597 1189 6106 1416 St. Saphorin / d. 98 / welche verrüfft worden, vorzustellen,
3627 1306 6099 1493 und Ihne zu betröuwen, falls er vernerhin in seinem
3599 1406 5988 1595 Liderlichen Leben beharren wurde, er uns werde
3669 1517 6078 1695 verleidet, und mit gleicher straff angesehen werden.
3603 1667 6099 1905 Anna Cahtri Steffani, welche hievor schon einen Ledigen
3624 1816 5851 2039 fehler gehabt, spricht mit klagenden uf St. Johanstag
3607 1987 6081 2173 beschehen byschlaff unnd schwängerung der Ehehalben an
3600 2081 6075 2292 Moritz Suter von Zoffingen oder Sur, einen Schumacher
3606 2189 6049 2376 welcher sich zu Morsee gesetzt habe: Ist ein Schreiben erkendt an
3643 2339 6107 2544 Herrn Landvogt zu Morsee den Suter uf den 29. huius allhar zu halten
3599 2463 6037 2647 underdeßen aber Solle Sy Steffani alhier im Loch ver¬
3638 2566 6075 2787 bleiben, es wäre dann daß Ihr StieffVatter für Sy guot
3650 2706 5890 2905 sprechen wurde, so er auch dem Herren Schorweibel gethan.
3647 2864 6112 3128 Uf beschehenes anbringen, daß Peter Schädelin und Hans
3626 3059 6110 3236 Häberlin von Buchsee dem Georg Christen uf dem Buhlhooff
3621 3147 5946 3380 im gricht Wynigen, in seiner noht, Viech angehenckt,
3618 3281 6030 3495 darfür er Ihnen beiden als gmeineren zwen gült Pfund
3626 3361 6103 3586 brieffen einen von 500 Pfund Cap. und der andere von 530 Cap.
3624 3496 6052 3707 aufrichten müßen und nun der Schädeli possessor deß
3622 3611 6106 3834 Underpfands worden, der Häberli aber Beide Gültbrieffen
3615 3762 6097 3986 hinder Ihme behalten: Wie sy beide solches vor Meinen gnädigen Herren
3602 3840 6041 4065 der L Appellation Cammer selbsten geständig worden:
3604 3966 6064 4217 Ist ein Schreiben erkent nach Burgdorff den Schädeli, und ein Schreiben
3636 4093 6018 4332 nach Buchsee den Häberli uf den 3. Januar 1700 allhar zu halten
3640 4196 6049 4395 sollend beide die Appellation Urkund und der Häberli beide
3632 4330 6015 4517 Gültbrieffen mitbringen. Den 5. Januar ist Häberli erschinnen,
3618 4392 6075 4628 beide Brieffen eingelegt, und sousteniert, daß beide sy mit gelt auf¬
3627 4527 6076 4718 gerichtet worden seyend: Cogn. Ich solle mit Herrn Landvogt Wyss er Herrn Schultheiß
3626 4651 6079 4830 Manuel als beiden zu gewesen vorsprechen in der Appellation Cammer reden
3637 4782 4806 4952 und deren Bericht referieren.
