<?xml version="1.0" encoding="UTF-8" standalone="yes"?>
<PcGts xmlns="http://schema.primaresearch.org/PAGE/gts/pagecontent/2013-07-15" xmlns:xsi="http://www.w3.org/2001/XMLSchema-instance" xsi:schemaLocation="http://schema.primaresearch.org/PAGE/gts/pagecontent/2013-07-15 http://schema.primaresearch.org/PAGE/gts/pagecontent/2013-07-15/pagecontent.xsd">
    <Metadata>
        <Creator>prov=University of Rostock/Institute of Mathematics/CITlab|PLANET AI GmbH/Gundram Leifert/gundram.leifert@planet-ai.de:name=German_Kurrent_XVI-XVIII_M1(htr_id=19584)::::v=2.6.7
prov=University of Rostock/Institute of Mathematics/CITlab|PLANET AI GmbH/Tobias Gruening/tobias.gruening@planet-ai.de:name=de.uros.citlab.module.baseline2polygon.B2PSeamMultiOriented:v=2.6.7
prov=University of Rostock/Institute of Mathematics/CITlab|PLANET AI GmbH/Tobias Gruening/tobias.gruening@planet-ai.de:name=/net_tf/LA73_249_0mod360.pb:de.uros.citlab.segmentation.CITlab_LA_ML:v=2.6.7
Transkribus</Creator>
        <Created>2021-10-04T13:20:06.143+02:00</Created>
        <LastChange>2021-11-14T16:44:04.066+01:00</LastChange>
        <TranskribusMetadata docId="795629" pageId="29951174" pageNr="26" tsid="68014984" status="GT" userId="99914" imgUrl="https://files.transkribus.eu/Get?id=RPDNVCUSYTUAMGREMUOPGTKU&amp;fileType=view" xmlUrl="https://files.transkribus.eu/Get?id=DQFIYSJGYCYDTYKPRRHAVWUA" imageId="23505854"/>
    </Metadata>
    <Page imageFilename="Turmbuch StAB VIII 603, 160_00026-20211004_104619.jpg" imageWidth="7296" imageHeight="5472">
        <ReadingOrder>
            <OrderedGroup id="ro_1687514820442" caption="Regions reading order">
                <RegionRefIndexed index="0" regionRef="r1"/>
                <RegionRefIndexed index="1" regionRef="r2"/>
                <RegionRefIndexed index="2" regionRef="r3"/>
                <RegionRefIndexed index="3" regionRef="r4"/>
                <RegionRefIndexed index="4" regionRef="r5"/>
            </OrderedGroup>
        </ReadingOrder>
        <TextRegion orientation="0.0" id="r1" custom="readingOrder {index:0;}">
            <Coords points="862,432 862,4897 3364,4897 3364,432"/>
            <TextLine id="r1l1" custom="readingOrder {index:0;} NN {offset:9; length:8;} PRON {offset:31; length:4;} NN {offset:40; length:9;}">
                <Coords points="911,556 1593,595 1757,503 2003,600 2123,513 2396,498 2486,583 2706,501 2974,627 3343,615 3345,478 3111,381 2866,453 2482,370 2033,459 1614,398 1247,487 913,421"/>
                <Baseline points="928,508 1048,513 1168,516 1288,516 1408,516 1528,512 1648,508 1768,503 1888,498 2008,494 2128,490 2248,488 2368,486 2488,488 2608,493 2728,498 2848,509 2968,524 3088,543 3208,567 3328,596"/>
                <TextEquiv>
                    <Unicode>zu einem Ehepfand zweymahl mit Ihme den byschlaff</Unicode>
                </TextEquiv>
            </TextLine>
            <TextLine id="r1l2" custom="readingOrder {index:1;} VFINAUX {offset:11; length:5;} PRON {offset:41; length:4;}">
                <Coords points="916,647 1556,711 1652,638 2321,697 2579,628 2761,742 2926,683 3378,762 3184,613 2974,627 2810,523 2107,602 918,556"/>
                <Baseline points="932,636 1053,641 1175,644 1296,644 1418,642 1540,640 1661,637 1783,634 1904,630 2026,628 2148,626 2269,626 2391,626 2512,630 2634,636 2756,644 2877,656 2999,670 3120,691 3242,714 3364,744"/>
                <TextEquiv>
                    <Unicode>vollbracht habe, seye aber niemahlen von Ihme schwanger</Unicode>
                </TextEquiv>
            </TextLine>
            <TextLine id="r1l3" custom="readingOrder {index:2;} VFINAUX {offset:0; length:7;} NN {offset:29; length:12;} VPAR {offset:42; length:7;}">
                <Coords points="923,779 2758,786 3328,898 3374,827 2762,742 2627,638 2418,727 1653,635 1531,732 1212,730 926,654"/>
                <Baseline points="940,768 1060,772 1181,772 1302,772 1423,772 1544,770 1664,767 1785,765 1906,762 2027,760 2148,760 2268,760 2389,762 2510,766 2631,773 2752,782 2872,793 2993,808 3114,826 3235,848 3356,874"/>
                <TextEquiv>
                    <Unicode>worden, deßen sy nie gewüßes merckzeichen gehabt:</Unicode>
                </TextEquiv>
            </TextLine>
            <TextLine id="r1l4" custom="readingOrder {index:3;}">
                <Coords points="1137,872 1158,867 1195,885 1210,877 1242,886 1270,876 1370,871 1360,784 1289,795 1265,779 1228,786 1205,776 1181,789 1171,780 1154,801 1129,801"/>
                <Baseline points="1150,854 1175,851 1200,846 1225,841 1250,838 1275,834 1300,832 1325,834 1350,836"/>
                <TextEquiv>
                    <Unicode>daß sy</Unicode>
                </TextEquiv>
            </TextLine>
            <TextLine id="r1l5" custom="readingOrder {index:4;} NN {offset:20; length:3;} NN {offset:38; length:5;} person {offset:44; length:5;} NE {offset:44; length:5;}">
                <Coords points="913,919 2356,972 2548,905 2846,1035 3322,1009 3325,919 2943,802 914,863"/>
                <Baseline points="928,914 1047,912 1166,910 1285,908 1404,905 1523,904 1642,901 1761,900 1880,899 1999,898 2118,900 2237,902 2356,904 2475,910 2594,916 2713,925 2832,934 2951,946 3070,961 3189,977 3308,996"/>
                <TextEquiv>
                    <Unicode>gestehe zwar uf dem fuß vorerst durch Herrn Spieß und</Unicode>
                </TextEquiv>
            </TextLine>
            <TextLine id="r1l6" custom="readingOrder {index:5;} NN {offset:9; length:4;}">
                <Coords points="949,986 1033,977 1102,1024 1224,983 1256,1005 1390,990 1437,1024 1525,980 1613,1011 1613,930 1519,949 1447,918 1384,952 1284,911 1259,936 1155,918 1115,949 1083,921 1018,949 949,911"/>
                <Baseline points="964,978 995,980 1027,983 1059,985 1090,986 1122,987 1154,988 1185,986 1217,986 1249,985 1281,984 1312,983 1344,982 1376,982 1407,981 1439,980 1471,982 1502,982 1534,984 1566,987 1598,990"/>
                <TextEquiv>
                    <Unicode>zum 2ten mahl</Unicode>
                </TextEquiv>
            </TextLine>
            <TextLine id="r1l7" custom="readingOrder {index:6;} PRON {offset:14; length:2;} VINFZU {offset:30; length:5;} VFINAUX {offset:36; length:6;} NN {offset:49; length:4;} person {offset:54; length:6;} NE {offset:54; length:6;}">
                <Coords points="915,1145 1345,1053 1623,1140 1950,1042 2117,1133 2779,1080 2925,1177 3350,1188 3353,1047 2149,933 2016,1012 1789,936 1622,1014 918,976"/>
                <Baseline points="932,1072 1052,1068 1172,1063 1292,1058 1412,1054 1533,1050 1653,1048 1773,1046 1893,1044 2013,1044 2134,1044 2254,1046 2374,1050 2494,1054 2614,1060 2735,1067 2855,1076 2975,1087 3095,1101 3215,1115 3336,1132"/>
                <TextEquiv>
                    <Unicode>hernach, weil sy diesen nicht haben könte, durch Herr Moritz</Unicode>
                </TextEquiv>
            </TextLine>
            <TextLine id="r1l8" custom="readingOrder {index:7;} VFINAUX {offset:0; length:4;}">
                <Coords points="1271,1147 1296,1147 1302,1140 1315,1147 1328,1134 1359,1131 1381,1153 1400,1150 1418,1131 1437,1131 1437,1072 1406,1072 1394,1059 1365,1069 1347,1053 1328,1062 1318,1053 1300,1071 1271,1075"/>
                <Baseline points="1286,1122 1313,1120 1340,1122 1367,1124 1394,1123 1422,1118"/>
                <TextEquiv>
                    <Unicode>habe</Unicode>
                </TextEquiv>
            </TextLine>
            <TextLine id="r1l9" custom="readingOrder {index:8;} NN {offset:5; length:4;} VINFZU {offset:17; length:6;} NN {offset:46; length:10; continued:true;}">
                <Coords points="923,1216 2749,1215 2860,1311 3191,1334 3368,1269 3370,1175 2922,1175 2770,1087 2534,1157 925,1138"/>
                <Baseline points="940,1192 1060,1192 1181,1190 1301,1190 1422,1188 1543,1188 1663,1188 1784,1188 1904,1188 2025,1190 2146,1192 2266,1194 2387,1196 2507,1200 2628,1206 2749,1210 2869,1217 2990,1224 3110,1232 3231,1242 3352,1252"/>
                <TextEquiv>
                    <Unicode>eine ader offnen laßen, seye aber nicht wegen schwanger¬</Unicode>
                </TextEquiv>
            </TextLine>
            <TextLine id="r1l10" custom="readingOrder {index:9;} NN {offset:0; length:7; continued:true;} NN {offset:36; length:5;}">
                <Coords points="920,1382 1820,1320 2137,1420 2264,1354 3118,1410 3176,1327 2777,1243 923,1216"/>
                <Baseline points="938,1324 1049,1322 1160,1318 1271,1316 1382,1316 1493,1314 1604,1314 1715,1316 1826,1318 1937,1319 2048,1322 2159,1324 2270,1328 2381,1332 2492,1336 2603,1340 2714,1346 2825,1350 2936,1356 3047,1361 3158,1368"/>
                <TextEquiv>
                    <Unicode>schafft, sonder wegen verspührenden haubt- und</Unicode>
                </TextEquiv>
            </TextLine>
            <TextLine id="r1l11" custom="readingOrder {index:10;} NN {offset:0; length:10;} VFINAUX {offset:22; length:4;} NN {offset:40; length:5;}">
                <Coords points="900,1486 2578,1484 2924,1576 3117,1499 3315,1588 3365,1476 2475,1362 902,1392"/>
                <Baseline points="916,1462 1037,1462 1159,1462 1280,1462 1402,1462 1524,1460 1645,1460 1767,1460 1888,1460 2010,1460 2132,1462 2253,1463 2375,1466 2496,1470 2618,1474 2740,1480 2861,1488 2983,1497 3104,1508 3226,1520 3348,1534"/>
                <TextEquiv>
                    <Unicode>Ruckenwehe beschehen, habe auch letztes mahls sehr wenig</Unicode>
                </TextEquiv>
            </TextLine>
            <TextLine id="r1l12" custom="readingOrder {index:11;} NN {offset:15; length:6;} NN {offset:27; length:5;} VFINAUX {offset:42; length:5;} PRON {offset:48; length:4;}">
                <Coords points="905,1601 2450,1599 3344,1750 3349,1606 3161,1512 2914,1592 2206,1479 1916,1545 909,1488"/>
                <Baseline points="920,1586 1040,1586 1161,1584 1281,1584 1402,1582 1523,1582 1643,1580 1764,1580 1884,1580 2005,1582 2126,1583 2246,1586 2367,1590 2487,1594 2608,1602 2729,1610 2849,1619 2970,1633 3090,1647 3211,1663 3332,1682"/>
                <TextEquiv>
                    <Unicode>und nur etlich löffel voll bluts gelaßen, werde sich auch</Unicode>
                </TextEquiv>
            </TextLine>
            <TextLine id="r1l13" custom="readingOrder {index:12;} VFINAUX {offset:6; length:9;} person {offset:27; length:9;} NE {offset:27; length:9;} NN {offset:41; length:7;}">
                <Coords points="898,1720 1240,1829 1452,1729 1760,1828 1871,1745 2302,1814 2573,1724 3217,1812 3218,1706 3003,1655 2498,1695 2096,1595 1484,1689 1075,1592 899,1658"/>
                <Baseline points="912,1718 1026,1722 1140,1724 1255,1726 1369,1726 1484,1726 1598,1726 1712,1725 1827,1724 1941,1724 2056,1722 2170,1722 2284,1724 2399,1725 2513,1728 2628,1732 2742,1738 2856,1744 2971,1754 3085,1765 3200,1780"/>
                <TextEquiv>
                    <Unicode>nicht erfunden, daß sy den Schäreren die Roßader</Unicode>
                </TextEquiv>
            </TextLine>
            <TextLine id="r1l14" custom="readingOrder {index:13;} PRON {offset:0; length:4;} VFINAUX {offset:28; length:5;}">
                <Coords points="880,1966 1430,1876 3367,1969 3369,1816 3144,1787 2839,1847 884,1766"/>
                <Baseline points="896,1862 1018,1866 1141,1868 1264,1870 1387,1870 1510,1870 1632,1870 1755,1870 1878,1868 2001,1868 2124,1868 2246,1868 2369,1870 2492,1872 2615,1876 2738,1880 2860,1886 2983,1895 3106,1905 3229,1916 3352,1930"/>
                <TextEquiv>
                    <Unicode>Ihra darauf zulaßen gewisen habe, als welche Sy auch</Unicode>
                </TextEquiv>
            </TextLine>
            <TextLine id="r1l15" custom="readingOrder {index:14;} VFINAUX {offset:10; length:6;} VFINAUX {offset:17; length:4;} NN {offset:34; length:3;}">
                <Coords points="900,2046 3298,2106 3300,1962 2650,1902 2388,1980 902,1924"/>
                <Baseline points="916,2002 1034,2006 1152,2008 1271,2010 1389,2011 1508,2012 1626,2012 1744,2012 1863,2012 1981,2012 2100,2012 2218,2014 2336,2014 2455,2016 2573,2018 2692,2021 2810,2026 2928,2031 3047,2037 3165,2045 3284,2054"/>
                <TextEquiv>
                    <Unicode>nur nicht kenne: habe auch uf dem fuß zulaßen mit</Unicode>
                </TextEquiv>
            </TextLine>
            <TextLine id="r1l16" custom="readingOrder {index:15;} PRON {offset:4; length:13;} NN {offset:30; length:4;} PRON {offset:35; length:5;}">
                <Coords points="911,2177 1452,2223 1556,2158 1655,2241 2480,2163 2817,2265 2968,2179 3319,2200 3260,2114 2851,2052 2672,2122 2488,2034 2030,2118 1483,2026 912,2099"/>
                <Baseline points="926,2148 1044,2148 1163,2148 1282,2148 1401,2150 1520,2150 1639,2152 1758,2152 1877,2154 1996,2156 2115,2156 2233,2158 2352,2160 2471,2162 2590,2164 2709,2167 2828,2170 2947,2173 3066,2176 3185,2180 3304,2184"/>
                <TextEquiv>
                    <Unicode>von ihraselbsten, sonderen uß Raht Ihres sich dißmahl</Unicode>
                </TextEquiv>
            </TextLine>
            <TextLine id="r1l17" custom="readingOrder {index:16;} place {offset:3; length:9;} NE {offset:3; length:9;} NN {offset:26; length:8;} person {offset:35; length:18;} NE {offset:35; length:18;}">
                <Coords points="888,2355 3327,2380 3371,2233 2775,2285 2483,2158 1958,2261 1778,2180 891,2199"/>
                <Baseline points="904,2294 1026,2294 1148,2296 1271,2296 1393,2298 1516,2298 1638,2300 1760,2302 1883,2304 2005,2306 2128,2308 2250,2310 2372,2312 2495,2314 2617,2318 2740,2320 2862,2324 2984,2326 3107,2330 3229,2334 3352,2338"/>
                <TextEquiv>
                    <Unicode>zu Kertzertz aufhaltenden Doctoren Johannes Flettners</Unicode>
                </TextEquiv>
            </TextLine>
            <TextLine id="r1l18" custom="readingOrder {index:17;}">
                <Coords points="887,2491 1899,2442 2045,2524 2763,2461 3300,2533 3344,2402 2122,2312 1828,2393 890,2353"/>
                <Baseline points="904,2418 1025,2418 1146,2418 1267,2418 1388,2420 1510,2421 1631,2424 1752,2426 1873,2428 1994,2432 2116,2434 2237,2438 2358,2442 2479,2444 2600,2448 2722,2452 2843,2454 2964,2458 3085,2462 3206,2464 3328,2466"/>
                <TextEquiv>
                    <Unicode>solche vorgenommen, auch sonst nichts anders als was</Unicode>
                </TextEquiv>
            </TextLine>
            <TextLine id="r1l19" custom="readingOrder {index:18;} PRON {offset:9; length:4;} VFINAUX {offset:14; length:10;}">
                <Coords points="887,2633 1714,2551 2039,2645 2422,2581 2581,2632 2685,2602 2686,2505 2043,2523 1900,2444 1799,2511 1634,2456 1142,2505 983,2431 888,2477"/>
                <Baseline points="902,2556 990,2554 1078,2554 1166,2552 1255,2552 1343,2552 1431,2552 1520,2552 1608,2552 1696,2554 1785,2554 1873,2556 1961,2557 2049,2558 2138,2560 2226,2562 2314,2564 2403,2566 2491,2568 2579,2570 2668,2572"/>
                <TextEquiv>
                    <Unicode>selbiger Ihra verordnet, vorgenommen.</Unicode>
                </TextEquiv>
            </TextLine>
            <TextLine id="r1l20" custom="readingOrder {index:19;} VFINAUX {offset:12; length:4;} NN {offset:23; length:13;}">
                <Coords points="872,2770 2404,2714 2897,2810 3330,2748 3332,2683 1964,2600 1750,2660 1480,2567 874,2626"/>
                <Baseline points="888,2706 1009,2702 1130,2700 1251,2700 1373,2698 1494,2700 1615,2700 1737,2701 1858,2703 1979,2705 2101,2708 2222,2710 2343,2713 2464,2716 2586,2720 2707,2724 2828,2726 2950,2730 3071,2732 3192,2734 3314,2736"/>
                <TextEquiv>
                    <Unicode>Hierauf nun sind beide Schärerdiener auch vernommen,</Unicode>
                </TextEquiv>
            </TextLine>
            <TextLine id="r1l21" custom="readingOrder {index:20;} VFINAUX {offset:0; length:7;} NN {offset:16; length:4;} person {offset:21; length:6;} NE {offset:21; length:6;} NN {offset:34; length:5;} person {offset:40; length:10;} NE {offset:40; length:10;} PRON {offset:51; length:4;}">
                <Coords points="877,2885 1720,2820 1976,2899 2596,2839 3125,2920 3263,2900 3265,2753 2857,2818 2445,2727 2037,2784 1950,2714 878,2769"/>
                <Baseline points="894,2828 1011,2824 1129,2822 1247,2820 1364,2820 1482,2820 1600,2820 1717,2822 1835,2822 1953,2824 2071,2827 2188,2829 2306,2832 2424,2834 2541,2838 2659,2841 2777,2844 2894,2847 3012,2850 3130,2854 3248,2856"/>
                <TextEquiv>
                    <Unicode>worden. Da dann Herr Spieß, so by Herrn Weitenbach sich</Unicode>
                </TextEquiv>
            </TextLine>
            <TextLine id="r1l22" custom="readingOrder {index:21;} NN {offset:39; length:7;}">
                <Coords points="864,2976 2211,2952 2339,3031 2749,2961 3043,3041 3341,2980 3341,2902 3179,2876 2499,2847 2389,2912 1159,2834 865,2898"/>
                <Baseline points="880,2950 1002,2948 1124,2946 1246,2946 1368,2946 1491,2944 1613,2944 1735,2944 1857,2944 1979,2944 2102,2946 2224,2946 2346,2947 2468,2948 2590,2950 2713,2952 2835,2952 2957,2954 3079,2957 3201,2960 3324,2962"/>
                <TextEquiv>
                    <Unicode>aufhaltet gezeüget, daß es ungeferd 13 wochen, daß der</Unicode>
                </TextEquiv>
            </TextLine>
            <TextLine id="r1l23" custom="readingOrder {index:22;} person {offset:0; length:14;} NE {offset:0; length:14;} NN {offset:24; length:15;} NN {offset:47; length:11;}">
                <Coords points="869,3094 1132,3157 1320,3083 1416,3161 1598,3071 2325,3058 3173,3161 3342,3140 3343,3024 869,2987"/>
                <Baseline points="886,3076 1008,3072 1130,3070 1252,3068 1374,3066 1496,3066 1618,3066 1740,3066 1862,3066 1984,3066 2106,3066 2228,3068 2350,3068 2472,3070 2594,3072 2716,3073 2838,3074 2960,3076 3082,3076 3204,3078 3326,3078"/>
                <TextEquiv>
                    <Unicode>Jacob Pretelli an einem Sambstag abends in die Schärstuben</Unicode>
                </TextEquiv>
            </TextLine>
            <TextLine id="r1l24" custom="readingOrder {index:23;} PRON {offset:0; length:4;} VINFZU {offset:5; length:8;} VINFZU {offset:17; length:5;} VINFZU {offset:23; length:7;} PRON {offset:35; length:4;} VPAR {offset:40; length:7;} PRON {offset:52; length:2;}">
                <Coords points="875,3244 1974,3188 2754,3250 3221,3146 2695,3087 2544,3159 2322,3058 2084,3151 1799,3075 1696,3140 875,3112"/>
                <Baseline points="892,3202 1007,3198 1123,3194 1238,3190 1354,3188 1470,3186 1585,3184 1701,3184 1816,3184 1932,3184 2048,3184 2163,3186 2279,3188 2394,3190 2510,3192 2626,3193 2741,3195 2857,3198 2972,3200 3088,3201 3204,3202"/>
                <TextEquiv>
                    <Unicode>sich rasieren zu laßen kommen, und Ihme gesagt, daß er</Unicode>
                </TextEquiv>
            </TextLine>
            <TextLine id="r1l25" custom="readingOrder {index:24;} textStyle {offset:0; length:4;strikethrough:true;} NN {offset:24; length:6;} textStyle {offset:31; length:2;strikethrough:true;} textStyle {offset:37; length:8;strikethrough:true;} PRON {offset:46; length:4;}">
                <Coords points="880,3340 3081,3396 3335,3344 3335,3216 880,3265"/>
                <Baseline points="896,3314 1017,3314 1138,3314 1259,3314 1380,3312 1501,3312 1622,3312 1743,3312 1864,3312 1985,3312 2107,3312 2228,3314 2349,3314 2470,3314 2591,3316 2712,3318 2833,3320 2954,3322 3075,3324 3196,3328 3318,3332"/>
                <TextEquiv>
                    <Unicode>Merd Morndrist nach der Predig ze in Ihr Hauß sein Losament</Unicode>
                </TextEquiv>
            </TextLine>
            <TextLine id="r1l26" custom="readingOrder {index:25;} VINFZU {offset:0; length:6;} VFINAUX {offset:7; length:5;} NN {offset:19; length:7;} NN {offset:31; length:4;}">
                <Coords points="889,3460 3275,3456 3257,3340 2981,3411 2774,3344 2370,3407 2280,3337 2163,3405 889,3338"/>
                <Baseline points="904,3432 1021,3432 1139,3432 1257,3431 1375,3432 1493,3432 1610,3432 1728,3432 1846,3434 1964,3434 2082,3436 2199,3436 2317,3438 2435,3439 2553,3440 2671,3442 2788,3442 2906,3442 3024,3444 3142,3444 3260,3444"/>
                <TextEquiv>
                    <Unicode>kommen solle einer Frauwen zur ader zu laßen: Als</Unicode>
                </TextEquiv>
            </TextLine>
            <TextLine id="r1l27" custom="readingOrder {index:26;} PRON {offset:0; length:2;} VINFZU {offset:13; length:7;} NN {offset:32; length:7;} VINFZU {offset:47; length:6;}">
                <Coords points="869,3581 1918,3555 2200,3629 2278,3558 2926,3555 3076,3622 3287,3516 870,3459"/>
                <Baseline points="886,3546 1005,3546 1124,3546 1243,3546 1363,3546 1482,3546 1601,3546 1721,3548 1840,3548 1959,3548 2079,3550 2198,3550 2317,3552 2436,3552 2556,3552 2675,3554 2794,3554 2914,3556 3033,3556 3152,3558 3272,3558"/>
                <TextEquiv>
                    <Unicode>er nun dahin kommen, und by 3/4 stunden warten müßen.</Unicode>
                </TextEquiv>
            </TextLine>
            <TextLine id="r1l28" custom="readingOrder {index:27;} VFINAUX {offset:0; length:4;} PRON {offset:5; length:2;} PRON {offset:17; length:4;} person {offset:22; length:8;} NE {offset:22; length:8;} VPAR {offset:31; length:8;} NN {offset:52; length:5;}">
                <Coords points="860,3730 2692,3669 3253,3730 3168,3567 3068,3629 2295,3563 2119,3634 1878,3556 1239,3627 861,3567"/>
                <Baseline points="876,3668 994,3666 1112,3664 1230,3664 1348,3664 1466,3664 1584,3664 1702,3664 1820,3666 1938,3666 2057,3668 2175,3668 2293,3670 2411,3670 2529,3670 2647,3670 2765,3669 2883,3668 3001,3666 3119,3662 3238,3660"/>
                <TextEquiv>
                    <Unicode>Habe er endtlich Ihne Pretelli gefragt, wo dann die Frauw</Unicode>
                </TextEquiv>
            </TextLine>
            <TextLine id="r1l29" custom="readingOrder {index:28;} PRON {offset:12; length:2;} VFINAUX {offset:29; length:6;} PRON {offset:43; length:2;} person {offset:46; length:8;} NE {offset:46; length:8;}">
                <Coords points="869,3855 1974,3792 2288,3873 2516,3785 3252,3876 3283,3707 869,3733"/>
                <Baseline points="886,3794 1005,3792 1124,3792 1243,3792 1362,3790 1481,3790 1600,3790 1719,3790 1838,3788 1957,3788 2077,3788 2196,3788 2315,3788 2434,3788 2553,3788 2672,3788 2791,3786 2910,3786 3029,3786 3148,3786 3268,3786"/>
                <TextEquiv>
                    <Unicode>seye, deren er zur aderlaßen solle: darauf er Pretelli</Unicode>
                </TextEquiv>
            </TextLine>
            <TextLine id="r1l30" custom="readingOrder {index:29;} VPAR {offset:0; length:12;} place {offset:27; length:14;} NN {offset:27; length:14;}">
                <Coords points="856,3936 1829,4005 2136,3904 2612,3995 2969,3920 3145,3985 3223,3841 2669,3791 1955,3876 1839,3795 1707,3873 1416,3804 856,3870"/>
                <Baseline points="872,3918 988,3918 1105,3916 1222,3916 1339,3914 1456,3914 1572,3914 1689,3914 1806,3912 1923,3912 2040,3912 2156,3912 2273,3913 2390,3914 2507,3914 2624,3914 2740,3914 2857,3916 2974,3916 3091,3916 3208,3918"/>
                <TextEquiv>
                    <Unicode>geantwortet, Sy empfahe im Oberen Spittal das Heilige</Unicode>
                </TextEquiv>
            </TextLine>
            <TextLine id="r1l31" custom="readingOrder {index:30;} NN {offset:0; length:9;} VFINAUX {offset:14; length:5;} VINFZU {offset:35; length:5;}">
                <Coords points="853,4056 2572,4039 2820,4119 3286,3993 2826,3922 2635,3998 1044,3927 853,3999"/>
                <Baseline points="870,4042 990,4040 1110,4038 1230,4038 1350,4036 1470,4036 1590,4036 1710,4034 1830,4034 1950,4034 2071,4034 2191,4034 2311,4034 2431,4036 2551,4034 2671,4034 2791,4034 2911,4034 3031,4034 3151,4032 3272,4030"/>
                <TextEquiv>
                    <Unicode>Abendmahl und werde bald vorhanden sein: Wie</Unicode>
                </TextEquiv>
            </TextLine>
            <TextLine id="r1l32" custom="readingOrder {index:31;} NN {offset:42; length:5;} person {offset:48; length:10;} NE {offset:48; length:10;}">
                <Coords points="848,4216 1139,4162 1474,4249 1803,4148 2523,4241 2999,4159 3296,4211 3349,4114 2958,4043 2795,4125 2566,4040 2122,4116 847,4066"/>
                <Baseline points="862,4164 985,4161 1109,4158 1232,4156 1356,4154 1480,4152 1603,4152 1727,4152 1850,4152 1974,4152 2098,4152 2221,4153 2345,4154 2468,4154 2592,4154 2716,4154 2839,4154 2963,4154 3086,4154 3210,4152 3334,4150"/>
                <TextEquiv>
                    <Unicode>Sy dann auch erschinnen mit einer gewüßen Frauw Küpfferen,</Unicode>
                </TextEquiv>
            </TextLine>
            <TextLine id="r1l33" custom="readingOrder {index:32;} PRON {offset:7; length:2;} NN {offset:24; length:3;} NN {offset:32; length:4;} VFINAUX {offset:50; length:4;}">
                <Coords points="873,4301 1618,4351 1755,4278 1872,4359 2022,4277 2629,4330 3293,4224 872,4210"/>
                <Baseline points="888,4284 1007,4280 1126,4276 1246,4274 1365,4272 1485,4270 1604,4270 1723,4270 1843,4270 1962,4270 2082,4270 2201,4270 2320,4270 2440,4270 2559,4270 2679,4270 2798,4270 2917,4268 3037,4266 3156,4264 3276,4262"/>
                <TextEquiv>
                    <Unicode>dennen er beiden uf dem fuß zur ader gelaßen: Und habe</Unicode>
                </TextEquiv>
            </TextLine>
            <TextLine id="r1l34" custom="readingOrder {index:33;} NN {offset:3; length:5;} person {offset:9; length:8;} NE {offset:9; length:8;} NN {offset:24; length:3;} NN {offset:35; length:5;} VPAR {offset:41; length:7;} PRON {offset:53; length:4;}">
                <Coords points="850,4416 1733,4395 1899,4479 2321,4376 3186,4459 3308,4411 3307,4261 3082,4337 849,4300"/>
                <Baseline points="864,4398 985,4396 1106,4394 1228,4392 1349,4390 1471,4390 1592,4388 1713,4388 1835,4386 1956,4386 2078,4386 2199,4384 2320,4384 2442,4384 2563,4384 2685,4384 2806,4382 2927,4382 3049,4382 3170,4382 3292,4382"/>
                <TextEquiv>
                    <Unicode>Sy Frauw Meßmeren beide füß in das waßer gethan, und sich</Unicode>
                </TextEquiv>
            </TextLine>
            <TextLine id="r1l35" custom="readingOrder {index:34;} NN {offset:3; length:9;} VFINAUX {offset:13; length:8;} PRON {offset:30; length:2;} PRON {offset:33; length:2;} PRON {offset:36; length:4;} NN {offset:45; length:9;}">
                <Coords points="870,4519 3344,4561 3344,4474 3119,4414 2508,4483 871,4409"/>
                <Baseline points="886,4508 1008,4510 1130,4512 1252,4514 1374,4516 1497,4516 1619,4516 1741,4518 1863,4518 1985,4518 2108,4516 2230,4516 2352,4516 2474,4516 2596,4516 2719,4514 2841,4514 2963,4514 3085,4514 3207,4514 3330,4516"/>
                <TextEquiv>
                    <Unicode>ab haubtwehe beklagt, darüber er er Ihra die Rosaderen</Unicode>
                </TextEquiv>
            </TextLine>
            <TextLine id="r1l36" custom="readingOrder {index:35;} PRON {offset:5; length:2;} VINFZU {offset:21; length:6;} VINFZU {offset:28; length:7;} PRON {offset:43; length:4;} VPAR {offset:48; length:6;}">
                <Coords points="888,4640 3173,4698 3261,4667 3261,4529 3023,4604 2757,4525 2441,4603 2253,4518 2131,4599 1943,4523 1808,4595 1586,4535 1432,4603 1286,4521 888,4586"/>
                <Baseline points="902,4630 1019,4630 1136,4632 1253,4632 1370,4632 1487,4632 1604,4632 1721,4634 1838,4634 1955,4634 2073,4636 2190,4636 2307,4636 2424,4636 2541,4636 2658,4636 2775,4636 2892,4636 3009,4636 3126,4634 3244,4634"/>
                <TextEquiv>
                    <Unicode>weil er keine andere finden können, und sy Ihme gesagt</Unicode>
                </TextEquiv>
            </TextLine>
            <TextLine id="r1l37" custom="readingOrder {index:36;} PRON {offset:4; length:2;} PRON {offset:12; length:2;} VINFZU {offset:27; length:6;} VFINAUX {offset:34; length:6;}">
                <Coords points="859,4774 3141,4814 3298,4790 3299,4718 2710,4721 2601,4642 2478,4719 1790,4639 859,4702"/>
                <Baseline points="876,4748 996,4746 1116,4744 1237,4744 1357,4744 1478,4744 1598,4744 1718,4746 1839,4746 1959,4748 2080,4750 2200,4752 2320,4753 2441,4754 2561,4756 2682,4756 2802,4756 2922,4756 3043,4756 3163,4755 3284,4754"/>
                <TextEquiv>
                    <Unicode>daß er weil er sonst keine finden könne, selbigs wol schlagen</Unicode>
                </TextEquiv>
            </TextLine>
            <TextLine id="r1l38" custom="readingOrder {index:37;} VFINAUX {offset:0; length:5;} VPAR {offset:9; length:9;} NN {offset:36; length:6;} VINFZU {offset:43; length:6;} PRON {offset:54; length:2;}">
                <Coords points="885,4868 2313,4941 2545,4864 2738,4954 2852,4892 3293,4956 3294,4790 886,4799"/>
                <Baseline points="902,4850 1020,4852 1139,4852 1258,4854 1377,4856 1496,4856 1614,4858 1733,4860 1852,4860 1971,4862 2090,4864 2208,4865 2327,4866 2446,4867 2565,4868 2684,4868 2802,4870 2921,4870 3040,4870 3159,4870 3278,4868"/>
                <TextEquiv>
                    <Unicode>möge, sy geöffnet, und zimlich viel Bluten laßen, als er</Unicode>
                </TextEquiv>
            </TextLine>
            <TextEquiv>
                <Unicode>zu einem Ehepfand zweymahl mit Ihme den byschlaff&#13;
vollbracht habe, seye aber niemahlen von Ihme schwanger&#13;
worden, deßen sy nie gewüßes merckzeichen gehabt:&#13;
daß sy&#13;
gestehe zwar uf dem fuß vorerst durch Herrn Spieß und&#13;
zum 2ten mahl&#13;
hernach, weil sy diesen nicht haben könte, durch Herr Moritz&#13;
habe&#13;
eine ader offnen laßen, seye aber nicht wegen schwanger¬&#13;
schafft, sonder wegen verspührenden haubt- und&#13;
Ruckenwehe beschehen, habe auch letztes mahls sehr wenig&#13;
und nur etlich löffel voll bluts gelaßen, werde sich auch&#13;
nicht erfunden, daß sy den Schäreren die Roßader&#13;
Ihra darauf zulaßen gewisen habe, als welche Sy auch&#13;
nur nicht kenne: habe auch uf dem fuß zulaßen mit&#13;
von ihraselbsten, sonderen uß Raht Ihres sich dißmahl&#13;
zu Kertzertz aufhaltenden Doctoren Johannes Flettners&#13;
solche vorgenommen, auch sonst nichts anders als was&#13;
selbiger Ihra verordnet, vorgenommen.&#13;
Hierauf nun sind beide Schärerdiener auch vernommen,&#13;
worden. Da dann Herr Spieß, so by Herrn Weitenbach sich&#13;
aufhaltet gezeüget, daß es ungeferd 13 wochen, daß der&#13;
Jacob Pretelli an einem Sambstag abends in die Schärstuben&#13;
sich rasieren zu laßen kommen, und Ihme gesagt, daß er&#13;
Merd Morndrist nach der Predig ze in Ihr Hauß sein Losament&#13;
kommen solle einer Frauwen zur ader zu laßen: Als&#13;
er nun dahin kommen, und by 3/4 stunden warten müßen.&#13;
Habe er endtlich Ihne Pretelli gefragt, wo dann die Frauw&#13;
seye, deren er zur aderlaßen solle: darauf er Pretelli&#13;
geantwortet, Sy empfahe im Oberen Spittal das Heilige&#13;
Abendmahl und werde bald vorhanden sein: Wie&#13;
Sy dann auch erschinnen mit einer gewüßen Frauw Küpfferen,&#13;
dennen er beiden uf dem fuß zur ader gelaßen: Und habe&#13;
Sy Frauw Meßmeren beide füß in das waßer gethan, und sich&#13;
ab haubtwehe beklagt, darüber er er Ihra die Rosaderen&#13;
weil er keine andere finden können, und sy Ihme gesagt&#13;
daß er weil er sonst keine finden könne, selbigs wol schlagen&#13;
möge, sy geöffnet, und zimlich viel Bluten laßen, als er</Unicode>
            </TextEquiv>
        </TextRegion>
        <TextRegion orientation="0.0" id="r2" custom="readingOrder {index:1;}">
            <Coords points="3548,1252 3548,1402 3608,1402 3608,1252"/>
            <TextEquiv>
                <Unicode></Unicode>
            </TextEquiv>
        </TextRegion>
        <TextRegion orientation="0.0" id="r3" custom="readingOrder {index:2;}">
            <Coords points="3562,3890 3562,4049 3646,4049 3646,3890"/>
            <TextLine id="r3l1" custom="readingOrder {index:0;}">
                <Coords points="3539,4045 3570,4049 3587,4035 3607,4059 3619,4058 3633,4075 3652,4077 3670,3912 3642,3912 3634,3905 3614,3909 3603,3898 3583,3909 3577,3902 3555,3899"/>
                <Baseline points="3562,3990 3590,3994 3618,3999 3646,3998"/>
                <TextEquiv>
                    <Unicode>94</Unicode>
                </TextEquiv>
            </TextLine>
            <TextEquiv>
                <Unicode>94</Unicode>
            </TextEquiv>
        </TextRegion>
        <TextRegion orientation="0.0" id="r4" custom="readingOrder {index:3;}">
            <Coords points="3594,1630 3594,1786 3660,1786 3660,1630"/>
            <TextEquiv>
                <Unicode></Unicode>
            </TextEquiv>
        </TextRegion>
        <TextRegion orientation="0.0" id="r5" custom="readingOrder {index:4;}">
            <Coords points="3740,542 3740,4851 6312,4851 6312,542"/>
            <TextLine id="r5l1" custom="readingOrder {index:0;} VINFZU {offset:18; length:7;} VFINAUX {offset:26; length:4;} PRON {offset:31; length:2;} PRON {offset:34; length:4;} PRON {offset:47; length:2;} VFINAUX {offset:50; length:5;}">
                <Coords points="3820,638 4560,598 5712,737 5874,644 6202,694 6252,586 3823,503"/>
                <Baseline points="3836,608 3956,601 4076,596 4196,592 4316,592 4436,594 4556,596 4676,600 4796,605 4916,610 5036,617 5156,623 5276,628 5396,634 5516,639 5636,643 5756,646 5876,646 5996,646 6116,643 6236,638"/>
                <TextEquiv>
                    <Unicode>sy aber verbinden wollen, habe Sy Ihme gesagt, er solle</Unicode>
                </TextEquiv>
            </TextLine>
            <TextLine id="r5l2" custom="readingOrder {index:1;} textStyle {offset:21; length:5;strikethrough:true;} NN {offset:43; length:4;} VINFZU {offset:48; length:6;}">
                <Coords points="3802,765 4231,695 5408,742 5761,846 6147,831 6262,682 5712,735 4561,598 3806,675"/>
                <Baseline points="3820,716 3941,704 4062,699 4183,695 4304,694 4426,694 4547,698 4668,704 4789,709 4910,716 5032,725 5153,732 5274,740 5395,749 5516,756 5638,762 5759,768 5880,772 6001,772 6122,772 6244,768"/>
                <TextEquiv>
                    <Unicode>nur noch mehr bluten laßen, und eine große Läße laßen, so</Unicode>
                </TextEquiv>
            </TextLine>
            <TextLine id="r5l3" custom="readingOrder {index:2;} PRON {offset:0; length:2;} VPAR {offset:8; length:6;} VFINAUX {offset:15; length:5;}">
                <Coords points="3808,834 3951,815 4025,857 4148,791 4269,867 4324,812 4422,835 4490,795 4631,798 4630,751 4525,710 4329,759 4209,702 4132,767 4043,716 3962,724 3910,766 3806,766"/>
                <Baseline points="3822,808 3861,807 3901,804 3940,803 3980,800 4020,799 4059,796 4099,796 4138,794 4178,792 4218,792 4257,790 4297,790 4336,788 4376,788 4416,788 4455,788 4495,788 4534,788 4574,790 4614,790"/>
                <TextEquiv>
                    <Unicode>er auch gethan habe.</Unicode>
                </TextEquiv>
            </TextLine>
            <TextLine id="r5l4" custom="readingOrder {index:3;} NN {offset:0; length:4;} person {offset:5; length:6;} NE {offset:5; length:6;} NN {offset:15; length:4;} person {offset:20; length:8;} NE {offset:20; length:8;} NN {offset:42; length:5;} person {offset:48; length:8;} NE {offset:48; length:8;}">
                <Coords points="3791,962 4303,909 4494,1017 4791,921 6304,1034 6329,932 4869,798 3794,843"/>
                <Baseline points="3808,930 3933,926 4058,922 4183,922 4308,922 4434,922 4559,925 4684,927 4809,930 4934,934 5060,938 5185,942 5310,947 5435,952 5560,956 5686,961 5811,966 5936,969 6061,972 6186,974 6312,976"/>
                <TextEquiv>
                    <Unicode>Herr Moritz by Herr Spengler zeügete, daß Frauw Meßmeren einen</Unicode>
                </TextEquiv>
            </TextLine>
            <TextLine id="r5l5" custom="readingOrder {index:4;} NN {offset:0; length:6;} PRON {offset:10; length:4;} VPAR {offset:15; length:9;} PRON {offset:29; length:4;} NN {offset:38; length:4;}">
                <Coords points="3791,1068 6115,1085 6116,1023 5478,958 3793,961"/>
                <Baseline points="3808,1036 3922,1032 4037,1030 4151,1030 4266,1029 4381,1030 4495,1032 4610,1034 4724,1036 4839,1040 4954,1044 5068,1047 5183,1052 5297,1056 5412,1058 5527,1062 5641,1066 5756,1068 5870,1070 5985,1071 6100,1072"/>
                <TextEquiv>
                    <Unicode>Knaben zu Ihra geschickt und Ihra zur ader zulaßen</Unicode>
                </TextEquiv>
            </TextLine>
            <TextLine id="r5l6" custom="readingOrder {index:5;} VFINAUX {offset:0; length:10;} NN {offset:24; length:3;} NN {offset:41; length:9;}">
                <Coords points="3784,1161 6043,1250 6320,1199 6322,1112 3786,1051"/>
                <Baseline points="3800,1146 3925,1142 4050,1138 4175,1136 4300,1136 4426,1136 4551,1138 4676,1140 4801,1142 4926,1146 5052,1148 5177,1152 5302,1157 5427,1161 5552,1166 5678,1170 5803,1174 5928,1177 6053,1180 6178,1182 6304,1184"/>
                <TextEquiv>
                    <Unicode>beschickt, so etwann 14 tag nach letzter Communion beschehen,</Unicode>
                </TextEquiv>
            </TextLine>
            <TextLine id="r5l7" custom="readingOrder {index:6;} VINFZU {offset:14; length:7;} VFINAUX {offset:22; length:4;} NN {offset:42; length:3;}">
                <Coords points="3783,1277 4611,1246 5091,1343 5381,1273 5642,1360 5819,1288 5955,1363 6149,1238 3786,1161"/>
                <Baseline points="3800,1256 3916,1251 4033,1248 4149,1245 4266,1244 4383,1244 4499,1244 4616,1246 4732,1248 4849,1252 4966,1254 5082,1258 5199,1263 5315,1266 5432,1270 5549,1274 5665,1278 5782,1280 5898,1283 6015,1284 6132,1286"/>
                <TextEquiv>
                    <Unicode>als ein dahin kommen, habe Sy schon einen fuß in dem</Unicode>
                </TextEquiv>
            </TextLine>
            <TextLine id="r5l8" custom="readingOrder {index:7;} NN {offset:0; length:5;} VPAR {offset:6; length:7;} PRON {offset:18; length:4;} NN {offset:28; length:16;} VFINAUX {offset:45; length:8;}">
                <Coords points="3779,1381 5982,1458 6230,1438 6232,1322 5577,1356 5365,1280 5198,1346 4505,1245 3780,1306"/>
                <Baseline points="3796,1372 3917,1368 4038,1365 4159,1364 4280,1362 4401,1364 4522,1364 4643,1366 4764,1368 4885,1370 5006,1374 5127,1377 5248,1380 5369,1384 5490,1388 5611,1392 5732,1395 5853,1398 5974,1402 6095,1404 6216,1406"/>
                <TextEquiv>
                    <Unicode>Waßer gehabt, und sich über kopff schmertzen beklagt,</Unicode>
                </TextEquiv>
            </TextLine>
            <TextLine id="r5l9" custom="readingOrder {index:8;} PRON {offset:11; length:2;} PRON {offset:14; length:4;} NN {offset:23; length:11;}">
                <Coords points="3779,1543 4335,1483 4514,1572 4811,1502 4993,1586 5264,1515 6029,1608 6220,1507 5722,1405 5450,1492 5164,1396 3782,1442"/>
                <Baseline points="3796,1500 3916,1494 4036,1490 4157,1487 4277,1486 4398,1486 4518,1488 4638,1490 4759,1494 4879,1498 5000,1502 5120,1508 5240,1514 5361,1518 5481,1524 5602,1529 5722,1534 5842,1538 5963,1542 6083,1544 6204,1546"/>
                <TextEquiv>
                    <Unicode>derohalben er Ihra die Haubtaderen an dem großen</Unicode>
                </TextEquiv>
            </TextLine>
            <TextLine id="r5l10" custom="readingOrder {index:9;} NN {offset:0; length:5;} VINFZU {offset:13; length:7;} PRON {offset:29; length:4;} NN {offset:38; length:9;}">
                <Coords points="3765,1682 4578,1611 5239,1727 5554,1650 6155,1696 6156,1614 5782,1546 3769,1525"/>
                <Baseline points="3782,1622 3899,1618 4017,1614 4135,1610 4253,1610 4371,1610 4489,1610 4607,1610 4725,1612 4843,1616 4961,1620 5078,1623 5196,1628 5314,1633 5432,1638 5550,1642 5668,1648 5786,1654 5904,1658 6022,1663 6140,1668"/>
                <TextEquiv>
                    <Unicode>Zehen öffnen wollen, Sy aber Ihme die Rosaderen</Unicode>
                </TextEquiv>
            </TextLine>
            <TextLine id="r5l11" custom="readingOrder {index:10;} VPAR {offset:0; length:8;} VFINAUX {offset:9; length:6;} NN {offset:48; length:6;} PRON {offset:55; length:2;}">
                <Coords points="3799,1811 4393,1744 4854,1846 5351,1755 6252,1808 5717,1663 5023,1716 4609,1618 4228,1687 4117,1612 3802,1692"/>
                <Baseline points="3816,1738 3937,1736 4058,1736 4179,1736 4300,1736 4421,1738 4542,1738 4663,1740 4784,1741 4905,1743 5026,1746 5147,1748 5268,1752 5389,1756 5510,1760 5631,1764 5752,1770 5873,1776 5994,1783 6115,1792 6236,1798"/>
                <TextEquiv>
                    <Unicode>gezeigt, sagend daß es doch gleich seye, welche aderen er</Unicode>
                </TextEquiv>
            </TextLine>
            <TextLine id="r5l12" custom="readingOrder {index:11;} PRON {offset:0; length:4;} PRON {offset:18; length:4;} speech {offset:33; length:22; continued:true;}">
                <Coords points="3762,1950 4240,1872 4555,1945 4697,1882 4802,1965 5260,1890 6220,1972 6247,1870 6002,1789 3765,1784"/>
                <Baseline points="3778,1870 3900,1868 4023,1868 4146,1868 4268,1868 4391,1868 4514,1868 4636,1870 4759,1870 4882,1872 5005,1874 5127,1876 5250,1880 5373,1882 5495,1886 5618,1892 5741,1896 5863,1902 5986,1909 6109,1916 6232,1924"/>
                <TextEquiv>
                    <Unicode>Ihra laße, und uf sein befragen, warumb sy diese öffnen</Unicode>
                </TextEquiv>
            </TextLine>
            <TextLine id="r5l13" custom="readingOrder {index:12;} speech {offset:0; length:12; continued:true;} VFINAUX {offset:14; length:4;} PRON {offset:19; length:2;} VPAR {offset:22; length:12;} NN {offset:39; length:6;} PRON {offset:53; length:4;}">
                <Coords points="3780,2009 5537,2029 5998,2121 6277,2090 6279,2009 6081,1913 5882,1984 3782,1915"/>
                <Baseline points="3796,1990 3919,1990 4042,1990 4166,1990 4289,1992 4413,1994 4536,1994 4659,1996 4783,1999 4906,2002 5030,2004 5153,2006 5276,2010 5400,2014 5523,2018 5647,2022 5770,2027 5893,2032 6017,2037 6140,2042 6264,2048"/>
                <TextEquiv>
                    <Unicode>laßen wolle?, habe Sy geantwortet, der Doctor, so sy Ihme</Unicode>
                </TextEquiv>
            </TextLine>
            <TextLine id="r5l14" custom="readingOrder {index:13;} PRON {offset:10; length:2;} VFINAUX {offset:28; length:4;} PRON {offset:33; length:4;}">
                <Coords points="3767,2144 6255,2226 6257,2138 6099,2087 5590,2048 3769,2068"/>
                <Baseline points="3784,2118 3906,2118 4029,2118 4152,2118 4275,2118 4398,2120 4520,2122 4643,2124 4766,2126 4889,2130 5012,2132 5134,2136 5257,2140 5380,2144 5503,2150 5626,2154 5748,2159 5871,2165 5994,2170 6117,2176 6240,2182"/>
                <TextEquiv>
                    <Unicode>genamset, er aber vergeßen, habe Ihra solches gerahten.</Unicode>
                </TextEquiv>
            </TextLine>
            <TextLine id="r5l15" custom="readingOrder {index:14;} PRON {offset:11; length:2;} VFINAUX {offset:27; length:10;}">
                <Coords points="3723,2310 4541,2261 5626,2367 6251,2259 3725,2154"/>
                <Baseline points="3740,2256 3864,2256 3989,2254 4114,2254 4239,2254 4364,2256 4488,2256 4613,2258 4738,2260 4863,2262 4988,2264 5112,2268 5237,2270 5362,2273 5487,2276 5612,2278 5736,2282 5861,2284 5986,2287 6111,2290 6236,2292"/>
                <TextEquiv>
                    <Unicode>Darüberhin er dann selbige aufgethan, Seye aber uber</Unicode>
                </TextEquiv>
            </TextLine>
            <TextLine id="r5l16" custom="readingOrder {index:15;} NN {offset:9; length:6;} NN {offset:16; length:4;}">
                <Coords points="3808,2387 6197,2428 6102,2298 5700,2370 5281,2289 5189,2365 4351,2271 3809,2328"/>
                <Baseline points="3824,2376 3941,2378 4059,2378 4177,2380 4295,2382 4413,2384 4530,2386 4648,2388 4766,2390 4884,2392 5002,2394 5119,2396 5237,2398 5355,2399 5473,2402 5591,2403 5708,2406 5826,2407 5944,2408 6062,2410 6180,2412"/>
                <TextEquiv>
                    <Unicode>ein paar untzen blut nicht heraußkommen, sonderen seye</Unicode>
                </TextEquiv>
            </TextLine>
            <TextLine id="r5l17" custom="readingOrder {index:16;} VPAR {offset:9; length:10;} VFINAUX {offset:33; length:6;} place {offset:45; length:9;} NE {offset:45; length:9;}">
                <Coords points="3746,2559 4677,2516 4979,2602 5679,2523 6056,2608 6276,2574 6279,2421 3748,2422"/>
                <Baseline points="3764,2510 3888,2508 4013,2508 4138,2508 4263,2507 4388,2506 4512,2506 4637,2508 4762,2508 4887,2510 5012,2511 5136,2512 5261,2516 5386,2518 5511,2522 5636,2526 5760,2531 5885,2536 6010,2541 6135,2549 6260,2556"/>
                <TextEquiv>
                    <Unicode>selbsten gestanden. Cogn. ein S. erkent nach Kertzertz</Unicode>
                </TextEquiv>
            </TextLine>
            <TextLine id="r5l18" custom="readingOrder {index:17;} person {offset:4; length:8;} NE {offset:4; length:8;} NN {offset:16; length:7;} VINFZU {offset:33; length:7;}">
                <Coords points="3768,2683 4457,2658 4544,2734 4751,2662 5154,2746 5593,2683 5765,2757 5966,2710 5968,2569 4937,2621 4684,2542 3769,2557"/>
                <Baseline points="3784,2644 3892,2642 4000,2640 4109,2640 4217,2640 4326,2640 4434,2642 4542,2642 4651,2644 4759,2647 4868,2650 4976,2652 5084,2654 5193,2656 5301,2658 5410,2660 5518,2662 5626,2663 5735,2664 5843,2664 5952,2662"/>
                <TextEquiv>
                    <Unicode>den Flettner uf Freytag allharzu halten. Item</Unicode>
                </TextEquiv>
            </TextLine>
            <TextLine id="r5l20" custom="readingOrder {index:18;}">
                <Coords points="5175,3105 5544,3128 5611,3095 5679,3140 5821,3090 6037,3101 6039,3001 5931,3030 5832,2990 5697,3025 5529,2937 5354,2958 5280,2897 5179,2939"/>
                <Baseline points="5190,3090 5231,3086 5273,3084 5314,3082 5356,3082 5397,3082 5439,3082 5480,3082 5522,3084 5563,3084 5605,3086 5646,3087 5688,3088 5729,3090 5771,3092 5812,3094 5854,3096 5895,3096 5937,3098 5978,3098 6020,3098"/>
                <TextEquiv>
                    <Unicode>Extraordinarie</Unicode>
                </TextEquiv>
            </TextLine>
            <TextLine id="r5l21" custom="readingOrder {index:19;} date {offset:0; length:29;} NN {offset:0; length:6;} NN {offset:15; length:9;}">
                <Coords points="3760,3144 4129,3098 4236,3178 4326,3108 4658,3073 5107,3161 5166,3138 5163,2944 5057,2914 4863,2979 4762,2931 4478,3012 4283,2905 4165,3007 4052,2958 3759,3056"/>
                <Baseline points="3774,3098 3842,3098 3911,3096 3980,3096 4048,3094 4117,3092 4186,3092 4254,3090 4323,3089 4392,3088 4461,3086 4529,3086 4598,3084 4667,3084 4735,3084 4804,3084 4873,3082 4941,3082 5010,3082 5079,3084 5148,3084"/>
                <TextEquiv>
                    <Unicode>Montag den 11. decembris 1699</Unicode>
                </TextEquiv>
            </TextLine>
            <TextLine id="r5l22" custom="readingOrder {index:20;} PRON {offset:0; length:5;} ADJ {offset:6; length:7;} NN {offset:14; length:15;} place {offset:34; length:10;} NE {offset:34; length:10;}">
                <Coords points="3769,3261 3876,3238 4036,3330 4173,3240 4334,3304 4568,3235 5520,3274 5595,3226 5594,3154 5402,3100 5015,3189 4857,3107 4708,3184 4585,3110 4328,3107 4232,3177 4131,3103 3899,3096 3768,3167"/>
                <Baseline points="3784,3242 3873,3240 3963,3238 4053,3236 4143,3234 4233,3232 4322,3231 4412,3230 4502,3228 4592,3226 4682,3224 4771,3224 4861,3222 4951,3222 5041,3220 5131,3220 5220,3220 5310,3220 5400,3220 5490,3222 5580,3224"/>
                <TextEquiv>
                    <Unicode>Meine gnädige Herren Bauwherr von Wattenweil præses.</Unicode>
                </TextEquiv>
            </TextLine>
            <TextLine id="r5l23" custom="readingOrder {index:21;} NN {offset:0; length:14;} person {offset:15; length:5;} NE {offset:15; length:5;}">
                <Coords points="5094,3421 5137,3442 5214,3391 5257,3421 5292,3391 5450,3368 5503,3373 5569,3435 5633,3412 5723,3444 5815,3400 5820,3259 5560,3250 5294,3325 5200,3244 5100,3253"/>
                <Baseline points="5112,3366 5146,3366 5180,3366 5215,3366 5249,3364 5284,3364 5318,3364 5352,3364 5387,3364 5421,3366 5456,3366 5490,3366 5524,3369 5559,3370 5593,3372 5628,3375 5662,3377 5696,3381 5731,3385 5765,3390 5800,3394"/>
                <TextEquiv>
                    <Unicode>Herr Predicant Hopff</Unicode>
                </TextEquiv>
            </TextLine>
            <TextLine id="r5l24" custom="readingOrder {index:22;} NN {offset:0; length:10;} person {offset:11; length:8;} NE {offset:11; length:8;}">
                <Coords points="3767,3432 4000,3373 4070,3403 4254,3392 4343,3455 4433,3409 4487,3436 4545,3391 4618,3392 4616,3314 4490,3295 4394,3332 4315,3321 4241,3251 4172,3240 3999,3336 3935,3281 3855,3317 3762,3263"/>
                <Baseline points="3782,3396 3823,3390 3864,3384 3905,3380 3946,3377 3987,3374 4028,3371 4069,3370 4110,3368 4151,3368 4192,3368 4233,3368 4274,3368 4315,3368 4356,3368 4397,3368 4438,3368 4479,3368 4520,3368 4561,3366 4602,3364"/>
                <TextEquiv>
                    <Unicode>Herr Decan Bachmann</Unicode>
                </TextEquiv>
            </TextLine>
            <TextLine id="r5l26" custom="readingOrder {index:23;} NN {offset:0; length:13;} person {offset:14; length:7;} NE {offset:14; length:7;}">
                <Coords points="3772,3585 3965,3505 4027,3501 4095,3535 4119,3521 4184,3555 4366,3497 4363,3453 4251,3457 4195,3422 4073,3417 4001,3374 3945,3380 3866,3432 3763,3438"/>
                <Baseline points="3784,3526 3812,3522 3840,3518 3868,3514 3897,3512 3925,3508 3953,3505 3982,3503 4010,3499 4038,3497 4067,3495 4095,3494 4123,3492 4151,3492 4180,3492 4208,3490 4236,3490 4265,3491 4293,3492 4321,3492 4350,3494"/>
                <TextEquiv>
                    <Unicode>Herr Landvogt Fischer</Unicode>
                </TextEquiv>
            </TextLine>
            <TextLine id="r5l27" custom="readingOrder {index:24;} NN {offset:0; length:14;} person {offset:15; length:7;} NE {offset:15; length:7;}">
                <Coords points="5128,3548 5250,3556 5365,3501 5453,3504 5572,3512 5617,3552 5709,3533 5868,3618 5985,3591 5990,3475 5886,3490 5782,3423 5687,3451 5449,3366 5345,3378 5242,3452 5134,3417"/>
                <Baseline points="5144,3514 5185,3509 5226,3505 5268,3500 5309,3498 5351,3496 5392,3496 5433,3496 5475,3498 5516,3499 5558,3501 5599,3503 5640,3507 5682,3510 5723,3515 5765,3518 5806,3522 5847,3526 5889,3529 5930,3532 5972,3536"/>
                <TextEquiv>
                    <Unicode>Herr Ober Vogt Matthey</Unicode>
                </TextEquiv>
            </TextLine>
            <TextLine id="r5l28" custom="readingOrder {index:25;} NN {offset:0; length:12;} person {offset:13; length:7;} NE {offset:13; length:7;}">
                <Coords points="3760,3727 3859,3699 3923,3643 4008,3659 4048,3636 4292,3713 4475,3654 4472,3573 4444,3564 4322,3590 4227,3546 4196,3569 4123,3524 4058,3548 3966,3504 3890,3572 3755,3570"/>
                <Baseline points="3772,3656 3806,3651 3840,3647 3874,3644 3909,3641 3943,3639 3977,3637 4012,3634 4046,3632 4080,3630 4115,3630 4149,3628 4183,3628 4217,3628 4252,3628 4286,3628 4320,3628 4355,3629 4389,3630 4423,3632 4458,3634"/>
                <TextEquiv>
                    <Unicode>Herr Ladvogt Steiger</Unicode>
                </TextEquiv>
            </TextLine>
            <TextLine id="r5l29" custom="readingOrder {index:26;} NN {offset:0; length:16;} person {offset:17; length:9;} NE {offset:17; length:9;}">
                <Coords points="5152,3684 5265,3693 5334,3657 5486,3717 5541,3672 5768,3727 5885,3692 5969,3713 6013,3695 6015,3608 5877,3620 5763,3555 5725,3582 5672,3537 5619,3551 5542,3509 5463,3516 5402,3568 5344,3517 5249,3558 5155,3543"/>
                <Baseline points="5168,3646 5209,3642 5251,3639 5292,3638 5334,3637 5375,3636 5417,3636 5458,3636 5500,3638 5541,3640 5583,3641 5624,3642 5666,3644 5707,3647 5749,3648 5790,3650 5832,3652 5873,3654 5915,3654 5956,3656 5998,3656"/>
                <TextEquiv>
                    <Unicode>Herr Schultheiss Früsching</Unicode>
                </TextEquiv>
            </TextLine>
            <TextLine id="r5l31" custom="readingOrder {index:27;} NN {offset:0; length:4;} person {offset:5; length:7;} NE {offset:5; length:7;}">
                <Coords points="5174,3831 5277,3862 5347,3804 5483,3861 5534,3837 5568,3857 5600,3839 5649,3856 5719,3832 5721,3739 5607,3692 5588,3704 5541,3678 5458,3747 5177,3700"/>
                <Baseline points="5190,3776 5215,3776 5241,3776 5267,3775 5292,3774 5318,3774 5344,3774 5369,3774 5395,3774 5421,3776 5447,3776 5472,3776 5498,3777 5524,3778 5549,3779 5575,3780 5601,3782 5626,3784 5652,3786 5678,3788 5704,3790"/>
                <TextEquiv>
                    <Unicode>Herr Berseth</Unicode>
                </TextEquiv>
            </TextLine>
            <TextLine id="r5l32" custom="readingOrder {index:28;} NN {offset:0; length:4;} person {offset:5; length:15;} NE {offset:9; length:11;}">
                <Coords points="3757,3859 3827,3878 3947,3825 4056,3882 4144,3812 4210,3825 4308,3779 4594,3787 4590,3709 4459,3662 4351,3743 4245,3691 4084,3737 3847,3695 3751,3728"/>
                <Baseline points="3770,3822 3810,3814 3850,3806 3891,3799 3931,3794 3972,3790 4012,3785 4052,3781 4093,3780 4133,3778 4174,3775 4214,3774 4254,3774 4295,3774 4335,3774 4376,3774 4416,3774 4456,3774 4497,3774 4537,3774 4578,3774"/>
                <TextEquiv>
                    <Unicode>Herr von Graffenried</Unicode>
                </TextEquiv>
            </TextLine>
            <TextLine id="r5l34" custom="readingOrder {index:29;}">
                <Coords points="3774,4016 3865,4050 3949,3999 4206,3997 4369,4058 4500,3991 4685,4036 4754,3992 5036,4008 5076,3992 5075,3836 5025,3820 4803,3951 4327,3911 4055,3954 3870,3859 3773,3910"/>
                <Baseline points="3788,3988 3851,3990 3915,3990 3979,3990 4042,3992 4106,3992 4170,3992 4233,3992 4297,3992 4361,3992 4425,3992 4488,3992 4552,3990 4616,3990 4679,3988 4743,3988 4807,3986 4870,3983 4934,3981 4998,3978 5062,3976"/>
                <TextEquiv>
                    <Unicode>Uf abermahliges erscheinen</Unicode>
                </TextEquiv>
            </TextLine>
            <TextLine id="r5l35" custom="readingOrder {index:30;} PRON {offset:0; length:6;} ADJ {offset:7; length:8;} NN {offset:16; length:13;} person {offset:30; length:12;} NE {offset:30; length:12;}">
                <Coords points="5291,3991 5611,3977 5692,4048 5752,3994 6235,4040 6244,3886 6072,3868 5829,3955 5659,3901 5295,3916"/>
                <Baseline points="5002,3984 5353,3975 5399,3978 5444,3980 5490,3982 5536,3984 5581,3986 5627,3988 5672,3991 5718,3993 5764,3996 5809,3999 5855,4000 5900,4004 5946,4006 5992,4009 6037,4012 6083,4015 6128,4018 6174,4020 6220,4024"/>
                <TextEquiv>
                    <Unicode>Meines gnädigen Herren Venner Daxelhoffers</Unicode>
                </TextEquiv>
            </TextLine>
            <TextLine id="r5l36" custom="readingOrder {index:31;} PRON {offset:25; length:6;} ADJ {offset:32; length:6;} NN {offset:38; length:7;} NN {offset:50; length:8;} person {offset:59; length:16;} NE {offset:59; length:16;}">
                <Coords points="3783,4124 4507,4099 4675,4189 4807,4099 5142,4153 5296,4085 5636,4176 6263,4167 6226,4088 5709,4071 5610,3982 3783,4070"/>
                <Baseline points="3800,4106 3922,4106 4044,4106 4167,4104 4289,4102 4412,4100 4534,4098 4656,4096 4779,4096 4901,4094 5024,4094 5146,4094 5268,4094 5391,4096 5513,4100 5636,4104 5758,4109 5880,4117 6003,4126 6125,4136 6248,4150"/>
                <TextEquiv>
                    <Unicode>mit fründtlichem zustand Meines werten Herren alt Landvogt Sigmund Steigers</Unicode>
                </TextEquiv>
            </TextLine>
            <TextLine id="r5l37" custom="readingOrder {index:32;} NN {offset:4; length:4;} person {offset:9; length:8;} NE {offset:9; length:8;} PRON {offset:32; length:5;} ADJ {offset:38; length:7;} NN {offset:45; length:22;} person {offset:68; length:11;} NE {offset:68; length:11;}">
                <Coords points="3774,4239 5613,4214 6122,4330 6311,4263 6221,4156 5550,4179 5291,4087 4818,4174 3775,4145"/>
                <Baseline points="3790,4228 3915,4226 4040,4222 4165,4220 4290,4218 4416,4214 4541,4212 4666,4209 4791,4208 4916,4206 5042,4206 5167,4206 5292,4206 5417,4209 5542,4212 5668,4216 5793,4222 5918,4229 6043,4238 6168,4249 6294,4262"/>
                <TextEquiv>
                    <Unicode>als Herr Klegmann an einem: Und Meine gnädige Herrin Frauw Vennerin Daxelhoffer</Unicode>
                </TextEquiv>
            </TextLine>
            <TextLine id="r5l38" custom="readingOrder {index:33;} PRON {offset:25; length:5;} ADJ {offset:31; length:12;} NN {offset:44; length:6;} PRON {offset:57; length:5;}">
                <Coords points="3776,4358 6234,4370 6234,4298 5608,4218 3776,4289"/>
                <Baseline points="3790,4334 3911,4334 4032,4334 4154,4332 4275,4329 4397,4326 4518,4323 4639,4319 4761,4316 4882,4314 5004,4312 5125,4310 5246,4310 5368,4310 5489,4312 5611,4316 5732,4322 5853,4330 5975,4340 6096,4352 6218,4368"/>
                <TextEquiv>
                    <Unicode>mit fründtlichem zustand Meine hochwürdigen Herren aller Ihrer respectirte</Unicode>
                </TextEquiv>
            </TextLine>
            <TextLine id="r5l39" custom="readingOrder {index:34;} NN {offset:0; length:15;} NN {offset:20; length:8;} NN {offset:33; length:17;}">
                <Coords points="3775,4506 4702,4432 6199,4481 5557,4314 5012,4401 4790,4319 4186,4422 3776,4371"/>
                <Baseline points="3790,4444 3909,4446 4029,4446 4148,4446 4268,4446 4388,4444 4507,4442 4627,4438 4746,4436 4866,4434 4986,4432 5105,4431 5225,4430 5344,4430 5464,4432 5584,4435 5703,4438 5823,4444 5942,4451 6062,4461 6182,4472"/>
                <TextEquiv>
                    <Unicode>Herr Schwägeren und Brüderen als Frauw Antworterin am</Unicode>
                </TextEquiv>
            </TextLine>
            <TextLine id="r5l40" custom="readingOrder {index:35;} NN {offset:8; length:6;} PRON {offset:19; length:4;} ADJ {offset:24; length:8;} NN {offset:33; length:4;} NN {offset:38; length:6;} NE {offset:45; length:11;} person {offset:45; length:11;} PRON {offset:57; length:4;}">
                <Coords points="3765,4597 5434,4547 5675,4641 5810,4575 6245,4630 6282,4468 3765,4515"/>
                <Baseline points="3782,4574 3906,4572 4030,4572 4154,4570 4279,4568 4403,4564 4527,4562 4652,4560 4776,4556 4900,4554 5025,4552 5149,4552 5273,4550 5397,4550 5522,4552 5646,4554 5770,4558 5895,4562 6019,4570 6143,4579 6268,4588"/>
                <TextEquiv>
                    <Unicode>anderen theil: hat Mein gnädiger Herr Venner Daxelhoffer sich erleüchteret,</Unicode>
                </TextEquiv>
            </TextLine>
            <TextLine id="r5l41" custom="readingOrder {index:36;} PRON {offset:4; length:2;} NN {offset:15; length:6;} person {offset:22; length:15;} NE {offset:22; length:15;} NN {offset:42; length:5;} NE {offset:48; length:6;} person {offset:48; length:6;}">
                <Coords points="3768,4720 6195,4702 6194,4618 5687,4635 5561,4554 3767,4620"/>
                <Baseline points="3782,4694 3901,4694 4021,4692 4141,4690 4261,4688 4381,4684 4501,4682 4621,4677 4741,4674 4861,4671 4981,4668 5100,4666 5220,4664 5340,4664 5460,4664 5580,4664 5700,4667 5820,4671 5940,4677 6060,4684 6180,4694"/>
                <TextEquiv>
                    <Unicode>daß er der von Herren Abraham Delosea und Herrn Schaub hievor</Unicode>
                </TextEquiv>
            </TextLine>
            <TextLine id="r5l42" custom="readingOrder {index:37;} NN {offset:10; length:6;} NN {offset:26; length:7;} NN {offset:43; length:7;}">
                <Coords points="3792,4878 4853,4791 4963,4865 5210,4781 5890,4871 6221,4798 6173,4708 5712,4669 3791,4765"/>
                <Baseline points="3806,4822 3925,4816 4045,4810 4165,4804 4285,4800 4405,4796 4525,4793 4645,4790 4765,4786 4885,4784 5005,4782 5124,4782 5244,4782 5364,4782 5484,4782 5604,4782 5724,4784 5844,4786 5964,4790 6084,4792 6204,4796"/>
                <TextEquiv>
                    <Unicode>gegebenen ußsaag über den puncten der 7000 Pfunden sich wol</Unicode>
                </TextEquiv>
            </TextLine>
            <TextEquiv>
                <Unicode>sy aber verbinden wollen, habe Sy Ihme gesagt, er solle&#13;
nur noch mehr bluten laßen, und eine große Läße laßen, so&#13;
er auch gethan habe.&#13;
Herr Moritz by Herr Spengler zeügete, daß Frauw Meßmeren einen&#13;
Knaben zu Ihra geschickt und Ihra zur ader zulaßen&#13;
beschickt, so etwann 14 tag nach letzter Communion beschehen,&#13;
als ein dahin kommen, habe Sy schon einen fuß in dem&#13;
Waßer gehabt, und sich über kopff schmertzen beklagt,&#13;
derohalben er Ihra die Haubtaderen an dem großen&#13;
Zehen öffnen wollen, Sy aber Ihme die Rosaderen&#13;
gezeigt, sagend daß es doch gleich seye, welche aderen er&#13;
Ihra laße, und uf sein befragen, warumb sy diese öffnen&#13;
laßen wolle?, habe Sy geantwortet, der Doctor, so sy Ihme&#13;
genamset, er aber vergeßen, habe Ihra solches gerahten.&#13;
Darüberhin er dann selbige aufgethan, Seye aber uber&#13;
ein paar untzen blut nicht heraußkommen, sonderen seye&#13;
selbsten gestanden. Cogn. ein S. erkent nach Kertzertz&#13;
den Flettner uf Freytag allharzu halten. Item&#13;
Extraordinarie&#13;
Montag den 11. decembris 1699&#13;
Meine gnädige Herren Bauwherr von Wattenweil præses.&#13;
Herr Predicant Hopff&#13;
Herr Decan Bachmann&#13;
Herr Landvogt Fischer&#13;
Herr Ober Vogt Matthey&#13;
Herr Ladvogt Steiger&#13;
Herr Schultheiss Früsching&#13;
Herr Berseth&#13;
Herr von Graffenried&#13;
Uf abermahliges erscheinen&#13;
Meines gnädigen Herren Venner Daxelhoffers&#13;
mit fründtlichem zustand Meines werten Herren alt Landvogt Sigmund Steigers&#13;
als Herr Klegmann an einem: Und Meine gnädige Herrin Frauw Vennerin Daxelhoffer&#13;
mit fründtlichem zustand Meine hochwürdigen Herren aller Ihrer respectirte&#13;
Herr Schwägeren und Brüderen als Frauw Antworterin am&#13;
anderen theil: hat Mein gnädiger Herr Venner Daxelhoffer sich erleüchteret,&#13;
daß er der von Herren Abraham Delosea und Herrn Schaub hievor&#13;
gegebenen ußsaag über den puncten der 7000 Pfunden sich wol</Unicode>
            </TextEquiv>
        </TextRegion>
    </Page>
</PcGts>
