7296 5472
728 4583 964 4746 wirdt
955 487 3325 700 auch den Frauwen überlaßen werdend, und zuge¬
1793 608 3179 799 Darüber Mein gnädiger Herr Venner
934 655 1549 843 hörend. Da
925 732 3303 947 Daxelhoffer eingewendt, daß er diesere Bekantnuß
957 842 3287 1059 laut deren innhaltselbsten, uf Ihme gethane ver¬
949 954 3319 1218 sprechung von sich geben der ersatzung fahls sich etwas
940 1098 3219 1328 dergleichen erfinden solte, von sich geben: und
1321 1235 1604 1325 dieser
1205 1251 1309 1337 uß
924 1205 3288 1437 weilen puncten zusehen daß die Frauw Vennerin
944 1338 3182 1569 praetendieren diesere sachen gehörind Ihra, er
942 1466 3096 1642 aber das gegentheil verhoffe, als erscheine
940 1576 3246 1789 hierauß, daß diesere seine Klag nicht injurios
941 1732 1207 1956 seye.
893 1862 3107 2090 Das Obs betreffende negiert Meine gnädige Herrin Frau
908 2004 3204 2192 Vennerin das obs von Utzigen empfangen zu
928 2135 3232 2345 haben, sonsten aber Seye ußert dem Hauß Brauch
2355 2254 2584 2338 eines Jahrs
939 2260 3245 2501 uß dem obs uf das höchste 11 Kronen erlaßt worden,
928 2396 3257 2626 ja es seyen darzu kommen, daß Sy uß Ihrem gelt
949 2526 3291 2684 obs in das hauß habe kauffen müßen: und so etwas
957 2644 3294 2831 über den haußbrauch erläßt worden wäre, glaube
925 2769 3247 2978 Meine gnädige Herrin Frauw Vennerin daß soliches Ihra zugehört hätte.
911 2953 3242 3191 Den garten betreffend habe das darauß erläßte gelt
951 3072 3320 3292 der Frauw Vennerin von Billichkeit, gemeinen Brauchs¬
938 3214 3267 3391 Recht und Ihrer gehabten mühe wegen zugehört,
963 3316 3241 3534 so sy auch ußert demme was im Hauß aufgangen zu
929 3450 3321 3661 Ihren handen genommen: Darüber dann Mein gnädiger Herr Venner
948 3568 3226 3743 Willading und Herr Landvogt Lombach einen vergleichs
943 3698 3233 3895 gemacht, durch welchen Herr Venner Daxelhoffer
938 3799 3057 4011 dieseren puncten rediert habe. Deßen er sich
1763 3904 2293 3999 Daxelhoffer
958 3919 3251 4089 wegen Meines gnädigen Herrn Venners vermeinen uf Herr Lombach
949 4048 1343 4194 beruffe.
929 4104 3261 4333 Die wollen betreffend wirdt selbiger puncten,
965 4268 3233 4455 daß namlich Frauw Vennerin von 30 flämischen Schaffen
957 4347 3278 4573 das Schaaff y Jahr zu 2 Pfund und das pfund zu 1/2 Kronen gerechnet
949 4493 3271 4661 das erlößte 15 Jahr lang bezogen habe, verneinet, und
976 4595 3286 4756 zum bericht bygesetzt, daß Herr Venner Daxelhoffer nie über 15
985 4717 3301 4818 wol aber minder schaaff gehabt habe, und Sy uß der wollen eine
969 4787 3337 4982 Madratzen und ein stuck thuch gemacht, und glaube das übrige
971 4867 1390 5031 gehöre Ihra.
3743 500 6243 727 Daß sy aber von dem Schaffner von Trub, das Jenige was
3735 668 6128 881 einem Seckelmeister gehöre, bezogen haben solte, negiert Meine gnädige Herrin
3700 813 6144 1002 Frauw Vennerin: zum bericht aber gestehet sy von dem
3708 876 6182 1093 Schaffner Jährlich b für den ziger 30 Kronen emfangen zu
3731 981 6167 1211 haben, so sy vermeine einer Frauw Seckelmeisterin zu zuge¬
3733 1103 6167 1324 hören, und auch von Selbigen alllezeit eingenommen
3724 1215 6216 1446 worden: Die Käßen betrefend seyend selbige zu ubringen
3707 1317 4755 1510 Käsen gelegt worden.
3747 1426 5926 1693 Die Käsen betrefend negiert Meine gnädige Herrin Frauw Vennerin von
3743 1595 6151 1808 selbigen das gelt empfangen zu haben, wüße nicht
3728 1715 6154 1928 wasselbige gelten, und wegind nicht so viel, und
3742 1863 5985 2040 seye auch Mein gnädiger Herr Venner Daxelhoffer mir 9 Jahr
3718 1963 6110 2138 Seckelmeister und Venner gewesen *. Darüber Mein gnädiger Herr
3666 2085 6191 2274 Venner Daxelhoffer sich erleühteret, das ein alter
3685 2239 6222 2401 Venner oder Rahtsherr eben so viel als ein Regierender
3723 2316 6207 2524 Venner bezeüche, habe also nur 2 Jahr zu viel angesetzt.
3506 2449 6075 2671 * und seyen als Sy uß dem Hauß gangen noch 30 Käßen vorhanden
3734 2579 4179 2765 gewesen.
3701 2698 6203 2946 Den Brandtenwein betreffend, vermeint die Frauw Vennerin
5446 2864 6158 2969 Venner Daxelhoffer
3741 2871 5942 3017 daß solcher Ihra zugehöre: dahingegen Herr vermeindt
3732 2993 5990 3129 daß das darauß erlößte gelt, so sich uf 464 Pfund belauffen
3712 3079 4557 3288 Ihme zuständig seye.
3719 3199 6196 3416 Endtlich hat Meine gnädige Herrin Frauw Vennerin eingebracht, daß sy sich uß diesem
3743 3326 6182 3537 was sy etwann von obigen sachen, die sy gestenden eingenommen
3738 3451 6003 3650 haben kleiden müßen. Darwider aber Mein gnädiger Herr Venner
3737 3567 6021 3769 Daxelhoffer sich opponiert anbringend, und specificierend
3750 3737 6199 3893 etliche Kleidungen so er Ihra habe machen laßen, hernach aber
3736 3787 6093 4022 habe Sy Ihme angehalten, Ihra die im Ergoüw besitzenden
3695 3922 6215 4069 Bodengülte Sy bezeüchen zu laßen darvon Sy sich dann selbsten
3726 4027 5566 4218 kleiden wölle, so er auch geschehen laßen.
3677 4193 6231 4483 Den Leinwaad betreffend hat Meine gnädige Herrin Frau Vennerin eingewendt,
3708 4338 6186 4597 daß Sy den Schlüßel zu dem zu Königsfelden gemachten,
3750 4468 6204 4699 und von Herren Schultheiß Daxelhoffer ererbten Leinwaad
3747 4577 6140 4816 den Schlüßel niemahlen gehabt, und also darumb auch
3727 4708 6105 4889 zu antworten nicht schuldig seye. Im ubrigen aber habe
3715 4805 6153 4967 Sy mehr Leinwaad überantwortet, als Ihra übergeben
4387 4906 6089 5103 Glaube also Sy Meine gnädige Herrin Frauw Vennerin, daß
3757 4961 4142 5095 worden:
