7296 5472
483 4014 668 4216 89.
527 2459 739 2627 88.
854 498 3324 725 zwo hebammen als Mutter Anneli und Mutter Cahtri
871 621 3311 829 sich zu Ihra verfügen, sy examinieren und erforschen
866 736 3346 917 ob selbige schwanger, oder etwann schon genesen seye?
848 869 3285 1072 Habend darauf hin bemelte hebammen diesen bericht
857 986 3315 1204 abgelegt, daß die Frauw Meßmeren Ihnen bekent, daß
848 1101 3334 1346 der Herrn Jacob Pretelli, so sich dißmahl in Brandenburg
2923 1238 3133 1310 im August
3137 1265 3292 1369 99
856 1234 3321 1473 aufhaltet, Ihra die Ehe versprochen und Sy beschlaffen
872 1383 3181 1606 habe, und so sy von Ihme schwanger gewesen seye
859 1520 3249 1712 werde Sy es noch sein, und habe die frucht abzu¬
857 1667 3369 1868 treiben keine mittel gebraucht: worby Mr. Cahtri
855 1773 3260 2020 verners berichtet, daß Sy Ihra anfangs septembris uf
857 1948 3310 2126 beiden füßen, von Herrn Spenglers und Herrn Wytenbachs
2136 2056 2351 2160 Roß
835 2078 3287 2279 Schärer dieneren Ihra die oder öffnen laßen.
876 2213 3116 2442 Cogn. Sy solle uf Montag citiert werden.
839 2425 3356 2668 Peter Maurhoffer und der so genante Buchschacher
830 2572 3317 2799 so d. 69. citieret worden, erscheinend nun und wollend
2650 2685 2947 2802 verspräch
869 2680 3333 2898 von dem in der proceder vermeldten Ehren nichts
866 2824 3278 3024 wüßen Peter Fanckuser aber ist endtlich noch
865 2951 3249 3159 geständig worden, daß er umb Michaeli 1698 mit
877 3065 3220 3276 der Barbara Mauwrhoffer Leibsgemeinschafft
856 3182 3314 3408 gepflagen habe. Darüberhin dann Sy dann ad form gescheiden,
889 3307 3257 3532 das Kind aber Ihme Ehelich zugesprochen und Sy wegen
873 3432 3288 3586 diß 2ten fehlers noch 10 tag hinab erkendt worden und
845 3543 3270 3732 soll sich jedes selbst herauß lösen, auch übriger costen
860 3668 3291 3876 compensiert sein: deßen ein S. nach Trub: Welcher
869 3784 2845 3955 urtheil er Fanckhuser statt zu thun globt hat.
837 3911 3293 4126 Nachdemme den 10. novembris jüngsthin von Herrn Landvogt zu Saanen ein
861 4068 3253 4236 S. eingelangt durch welches ermeldet, daß Jean pierre pilet
884 4168 3384 4346 seiner verstorbenen frauwen Germaine Madelaine Arnauld ehelichen wolte,
882 4266 3303 4450 bittend Ihme solches zu vergönnen: Habend Meine gnädigen Herren darüber eine Citation
893 4375 3310 4570 selbige allhar zu schicken ergehen lasßen, weilen Sy aber nicht erschinnen,
892 4476 3333 4701 glaubend Meine gnädigen Herren, daß sy einander werden quittiert haben: habend also
870 4595 3267 4782 diesere sach dahin gestellt sein laßen. Den 11. dito lang bericht ein von
877 4692 3307 4875 Saanen, daß der pillet 80 und die Arnauld 60 jahr alters seye und also nicht allhar
868 4826 3248 4949 kommen könnind: Erkent ein S. nach Saanen, daß namen sy der Reiß erlaße, aber dem
1848 4895 2178 4953 mit der Ehe
873 4873 3247 5054 Herr Landvogt insinuiren, sy nicht laßen zu verantworten vortzufahren, sonst er
851 4992 2144 5129 solches zu verantworten haben werde.
3505 1761 3637 1949 90.
3528 4440 3673 4624 93.
3536 2380 3722 2562 91.
3544 3279 3721 3480 92.
3939 698 5908 999 Montag den 11. decembris 1699
3769 874 5404 1108 Meine gnädige Bauwherrin von Wattenweil
3750 1021 4653 1238 Herr Decan Bachmann
5080 1052 5722 1235 Herr Landvogt Fischer
3764 1157 4685 1379 Herr Obervogt Matthey
5083 1163 5805 1386 Herr Landvogt Steiger
3797 1283 4698 1532 Herr Schultheiss Früsching
5134 1324 5925 1524 Herr von Graffenried
3739 1456 4249 1709 Herr Berseth
5537 1689 5871 1823 uber d. 77
3750 1699 6223 1896 Uf eingelanges antwort Schreiben von Herr Landvogt zu Erlach, daß nicht
3767 1826 6095 1991 nur Immer Bloch sonder auch Peter Geyßler an Madle
3754 1973 6037 2162 Gugger eine Eheansprach habe, dieser aber gutwillig
3772 2081 6293 2299 darvon gestanden seye. Ist ein S. erkent alle 3 persohnen
3780 2208 5025 2398 uf den 18. huius allhar zu halten
3779 2366 6107 2537 Uber eingelangtes Frag S. von Arberg ob Nicli Känel
3960 2474 4225 2564 dorten
3777 2528 3949 2639 von
3945 2548 6207 2682 Arberg welcher in dem Siechenhauß als deßen mutter
3741 2621 6248 2799 Siechenwarterin seye, erzogen, aber allezeit gesundt gehalten,
3782 2750 6111 2919 und von niemand geschochen worden etc. mit Anna Peter
3791 2833 6069 3044 von Radtelfingen in Ehestand zu tretten zugelaßen,
3774 2962 6256 3181 werden solle. Ist ein Antwortschreiben erkent, daß Ihme sein begehren
3770 3086 4958 3265 nicht abgeschlagen werden könne.
3787 3228 6270 3437 Hans Küntzi, ob dem Buchhalter Berg wirdt von Anna Rein-
3749 3423 6105 3598 hard uß der Kilchöhre Signauw der Ehehalben und von
3787 3537 6200 3721 Cahtri Gerwer von Langnauw der Ehe und schwängerung
3759 3618 6232 3873 halben angesprochen: Weilen aber die Reinhard selbsten
3761 3767 6093 4012 gutwillig von Ihrer ansprach abgestanden, vnd der Küntzi
3761 3942 6223 4147 gestehen müßen vor Herren Assesores Steiger sy Gerwer zu ehelichen
3802 3997 6157 4179 versprochen zu haben. Als sind sy ehelich zusamen erkendt
3754 4123 6123 4310 worden, fürderlich mit einander Kirchen Recht zu halten, so sy auch
3752 4248 4396 4411 zu thun gelobt.
3757 4369 6149 4586 Nun erschinne Frauw Elßbeth Wild selbsten / vide d. 87 /
3776 4494 6269 4665 und gestunde vor Meinen gnädigen Herren daß sy den Jacob Pretelli im verwichenen
3779 4607 6178 4825 Julio an tisch genommen und außgehends Augusti uf beschehene
3773 4776 6195 4961 reciprocierliche Eheversprechung und empfanger i. duben
