7296 5472
602 3945 823 4084 121.
597 1718 829 1906 120.
1775 742 3057 1027 den 27. Decembris 1699
970 766 1716 1020 Mittwochen
1756 940 2725 1162 Wattenweil praeses
841 967 1718 1180 Meine gnädigen Herren Bauwherr von
2137 1102 2789 1319 Herr Landvogt Fischer
923 1113 1766 1363 Herr Decan Bachmann
2166 1235 3064 1480 Herr Schultheiß Früsching
920 1279 1585 1489 Herr Landvogt Steiger
2202 1398 2712 1611 Herr Berseth
929 1424 1694 1683 Herr von Graffenried
908 1645 3058 1883 Über eingelangtes von Madlena Metzger Meinen gnädigen Herren
918 1817 3127 1990 eingebenes Schreiben von der Ehrb. zu Coppigen, daß namlich
925 1901 3135 2124 Madlena Metzger mit klagender schwängerung der
926 2034 3088 2247 Ehehalben anspreche Heinrich Schonenberger von
896 2201 3111 2409 Mandach, selbiger auch vor der Ehrb. deßen geständig
921 2289 3216 2531 worden, und Sy zu ehelichen sich erklährt. Underdeßen
911 2454 3229 2650 aber Barbara Schneider von Rinnigen Ihne der Ehehalb
919 2619 3236 2793 auch angesprochen, aber gutwillig von Ihrer Ehransprach
917 2684 3178 2928 abgestanden seye: Habend Meine gnädigen Herren in betrachtung
925 2839 3214 3042 so wol der Schonenberger als die Schneider beide
919 2970 3148 3149 ußgebliben, erkendt, daß die Madle Metzger biß
929 3079 3221 3307 von heüt über 14 tag zuruck, und dahin gewisen
943 3240 3126 3421 sein solle, obbemelten beiden ußgeblibenen inn¬
908 3404 3194 3535 zwüochen fleißig, insonderheit dem Schonenberger
895 3493 3215 3704 zu Mandach nachzuforschen, das einte und andere
901 3617 3208 3835 uf betretten bedeüten tags zu erscheinen, und selbsten
914 3759 2144 3949 alsdann auch zu erscheinen
909 3874 3056 4111 Meister Abraham Dulligker der Sattler klagt ab
900 4042 3097 4219 Chatri Dingnauwer seinem Eheweib, daß selbige
941 4159 2972 4382 sich vor ungeferd 3 wochen mit Jacob Wyß dem
879 4306 3009 4494 Ferber in Ehebruch vergeßen habe: Welche
914 4399 3192 4587 daraufhin erzehlt: Daß bemelter Zeit, er Herr Wyß
945 4526 3209 4728 in Ihr Losament kommen, sagende, daß er gern in Ihrer
936 4630 3253 4848 stuben trincken möchte, damahls sey der Meister Dulligker
3388 3471 3612 3641 122
3659 451 5985 697 nicht anheimbsch gewesen, sonderen habe sich zum Storchen
3636 583 6120 783 von dannen er etwas vor 8 Uhren heimkommen, befunden.
3641 673 6044 906 Und seye er Herr Wyß in der Küchen by dem beth gestanden,
3658 796 6098 1012 seinen degen einer Frauwen in die stuben hinein zu tragen
3633 880 6044 1090 befohlen, Sy Dulligkerin zu sich uf das beth gezogen, und
3654 996 6004 1216 seinen willen mit Ihra vollbracht. Hernach seyen sy
3637 1118 6055 1315 in die Stuben gangen, mit einander zu nacht geeßen, da der Ihr
3635 1218 5962 1420 Ehemann nur ein paar löffel voll suppen genommen
3641 1336 6117 1556 haben, und sich uf die wacht begeben haben will
3657 1442 6148 1640 er Herr Wyß aber Seye uf dem tisch entschlaffen, Sy aber habe
3642 1544 6078 1737 Ihne geweckt, und zu Ihrem beth geführt, wohin ein er
3660 1670 6063 1923 sich abgezogen gelegt, Sy sich zu Ihme verfügt, und also
3647 1785 6052 2031 nochmahls mit einander Ehebruch getriben habind. Cogn.
3652 1904 5953 2117 Weil Herr Wyß umb etwas Termin angehalten, als
3667 2028 6021 2243 sollend die partheyen uf den 5. Januar zu erscheinen citiert
3646 2191 4169 2338 werden.
3791 2396 5946 2713 Freytag den 29. Decembris 1699
3637 2626 5726 2884 Meine gnädigen Herren Bauwherr von Wattenweil praeses
4940 2783 5551 2992 Herr Landvogt Fischer
3621 2811 4545 3035 Herr Decan Bachmann
5000 2972 5615 3144 Herr Landvogt Steiger
3650 2944 4536 3167 Herr Obervogt Matthey
4996 3072 5794 3296 Herr von Graffenried
3649 3100 4589 3349 Herr Schultheiss Früsching
3635 3288 4158 3503 Herr Berseth
3626 3378 6080 3681 Hans Bundeli von Port ampt Nidau klagt, daß seine
3663 3600 6087 3816 Ehefrauw den Hans Laubscher einen gehörlosen aber
3654 3685 6053 3930 nicht närrischen menschen ertappet, daß er Ihre nur
3624 3774 6114 4021 10 Jährige Tochter mißbraucht habe. Cogn. ein Schreiben an Herrn Landvogt
3627 3922 6034 4167 zu Nidauw mit einschluß der Supplication, dieserer
3645 4043 5973 4293 sachen umbständtlich sich zu erkundigen, Meine gnädigen Herren alles
3627 4169 6150 4455 deßen so er in erfahrung bringen möchte zu berichten, und
3654 4316 6131 4550 alle 4 benente partheyen uf den 5. Januar 1700 allhar zu halten.
