7296 5472
978 714 2662 980 Freytag den 15. decembris 1699
910 903 3083 1194 Meine gnädigen Herren Bauwherr von Wattenweil praeses
2138 1025 3085 1331 Herr Landvogt Fischer
870 1077 1774 1334 Herr Decan Bachmann
2170 1252 3095 1465 Herr Landvogt Steiger
898 1250 1814 1483 Herr Obervogt Matthey
2195 1371 2757 1599 Herr Berseth
908 1431 1815 1661 Herr von Graffenried
898 1621 1562 1834 Herr Früsching
955 1757 3212 2024 Herr Carolo Thormann ist vorgestern von Meinen gnädigen Herrn Bauwherr
645 1844 833 2050 96.
914 1948 3185 2161 von Wattenweil, Herr Decan Bachmann, Herr Landvogt Steiger
917 2078 3243 2256 und Herrn Schultheiß Früsching ein Offener Hochzeitschein
929 2263 3180 2456 mit Jungfrau Marianne von Steiger Kirchensrecht zuthun
936 2369 1295 2549 erhalten.
629 2531 3212 2797 97. Mit einem Schreiben von Trachselwald erscheint Barbara
868 2689 3263 2906 Gerwer von Langnauw und spricht der Schwängerung
912 2833 3217 2994 halben an Daniel Pfister uß der gmeind Lützelflüe
931 2982 3191 3144 mit vermelden, daß selbiger Sy anfangs außgehends
1104 3082 1177 3148 od
1194 3082 1250 3152 er
928 3078 3184 3267 Junii und anfangs Julii vor der Ernd, und dann auch als
925 3231 3251 3375 uß er uß der Ernd kommen beide mahl im obergaden in
912 3327 3144 3516 Ihrem Beth beschlassffen und geschwängeret habe.
847 3441 3239 3610 Welches er aber nicht gestehen wollen, sonderen nur
3031 3567 3214 3661 gesellen
900 3550 3219 3761 bekent, daß er im frühe Jahr mit einem anderen
920 3683 3083 3871 zwar by Ihra gewesen, aber nichts unehrliches
925 3845 3129 3998 verübt habe: Dessen Sy zwar auch gestehet, er seye
922 3888 3179 4112 aber hernach noch die 2 bemelte mahl kommen, und
913 4011 3181 4245 habe sy Ihne an der Stimm und sonsten kandt: Sindt
942 4160 3171 4351 einmahl hinaberkendt und ein Schreiben an Herrn Landvogt
946 4330 3237 4486 von Trachselwald erkendt worden, den Hans Reist by der
935 4406 3179 4596 Oberen Halden und seine Frauw zu bescheiden und zu
941 4531 3144 4753 examinieren, ob nicht die Gerwer gestern acht
955 4684 3250 4892 nächt by Ihnen übernacht gelegen, und geredt habe
3428 3667 3599 3813 100.
3479 2580 3679 2798 99.
3396 361 6210 499 * welch sy anfangs vor D Ehrb angeben, wider entschlagen, von dißmahl nichts anders gestehen will , als daß er zu Ihra uber
3400 449 6228 654 der zuhn gesprungen, by der Händen gefaßet, den Kummer angemuohtet, und sy mit etwan zu boden gebracht, aber nichts vollbracht
3397 585 3625 735 haben.
3705 527 5865 757 so mann sy marterte, wol ein anders hervor
3693 677 6094 910 kommen würde: und dann Ihre Ußsaag, wie auch
3688 778 6207 1011 den Bendicht Wälte * uf künfftigen Montag allhar Vor
3688 899 6115 1119 uns zu weißen: den 22. sind sy beide uber außgestandene
3695 1073 6170 1202 Classes einmahl erlaßen worden: Mit einem Schreiben nach Trachselwald
3690 1151 6225 1310 Item ein Schreiben nach Laupersweil, Sy in der geißt, welche Sy by Ihrer
3710 1199 6085 1376 Mutter zu Morsegg in Christen Lädermann neüwen Hauß
3702 1305 6139 1469 zu haben gesinnet, ernstlich zu examinieren, und dann Meinen gnädigen Herren
3696 1417 6154 1549 Ihrer Bekantnuß halben zu berichten: den 27. decembris langte von
3711 1499 6166 1677 Herrn Landvogt zu Trachselwald Bericht ein, daß der Hans Reist, von obigem discours
3702 1594 6135 1747 nichts wüßen wollind. Ist dero Pfister oder sein Bystand gegen dem Reist vom weibel uf
3714 1655 4868 1806 Moderation deß Herrn Landvogts verfellt worden.
3720 1671 6157 1918 Nun sind erscheinend Jean Legeret, Jacques Horney
3530 1756 3652 1916 98.
3697 1820 6208 2057 und Elie Pochon / vide d. 76 / welche Ihre Truncken¬
3691 1996 6038 2177 heit entschuldigend und beßerung versprechend
3672 2091 6175 2237 Ist die sach vor Meine gnädigen Herren zu tragen erkendt worden: Welcher
3688 2205 6184 2431 darüber erkendt, daß Sy alle drey von Cantzlen verrüfft
3686 2335 4326 2548 werden sollind.
3700 2473 6164 2744 99. Uf eingelangtes Schreiben von Spietz daß Hans Müller, welcher
3711 2697 6158 2843 von seiner Eheverlobten Elßbeth Meyer verrüfft worden,
5905 2793 6151 2899 verspreche
3674 2815 6173 2958 Landsöffnung begehre, und die Meyer zu ehelichen begehre
3716 2923 6091 3082 selbige auch gleichmäßig umb seine begnädigung anhalte
3685 3057 6164 3230 Habend meine gnädigen Herren die sach Meine gnädigen Herren vorzutragen erkendt: den 18. dito
3679 3173 6158 3317 Langte ein Rahts Erkantnuß ein, daß er begnadiget seie,
3692 3287 6012 3492 sich aber mit Ihra Meyer sich vor Meine gnädigen Herren stellen solle: Deßen
5335 3401 5468 3490 das
3683 3423 6158 3633 ein Schreiben nach Spietz, vide von Ihme Müller Manual de Anno 1696.
3674 3658 6154 3826 100. Nun stellend sich endtlich die in vorgehendem Manual viel
3688 3787 6015 3964 angezogene Rudolff Knechtlin gewesener Statthalter
3685 3873 6144 4068 zu Endtfelden, Verena Lüscher seine Dirnen, Hans Kyburtz
3694 4010 6146 4204 genant Schälli Hans und Johannes Egli genant Iseli: Welche
3667 4119 6147 4287 dann ernstlich examiniert bekant habend: und zwar erstlich
3679 4245 6146 4402 Rudolff Knechtlin, daß er zu vertueschung seines Ehebruches,
3671 4342 6172 4576 mit der Lüscherin eine Obligation von 150 Gulden aufgerichtet,
4033 4449 6006 4668 habe. Hans Kyburtz bekennte, daß er vom Knechtlin
3667 4581 6112 4802 5 Thaler empfangen, solche der Dirnen eingehändiget und
5925 4698 6072 4870 Sy
