7296 5472
610 4248 815 4404 81
911 445 3299 749 Hierauf nun habend Meine gnädigen Herren nach erwegung beider
929 618 3340 868 Ehrenden partheyen eingebrachten gründen erkent,
932 774 3273 1000 daß Mein gnädiger Herr Venner Daxelhoffer mit dem puncten
933 919 3296 1157 der 7000 Pfunden nechstkünfftigen Montag den 11 hujus
947 1021 3295 1253 vortsetzen, die Beide bereits verhörte Kundschafften
946 1180 3355 1404 Herr Delosea und Herr Schaub entweders liberieren, oder
952 1317 3273 1540 aber selbiger zu bestätigung Ihrer ußsaag mit dem
931 1439 3328 1663 Eyd anzuhalten, und auch vernere Kundschafften
2159 1556 2651 1656 zugelaßen sein
1704 1562 1810 1655 zu
932 1599 3227 1796 so er deren hätte producieren solle: Ihme Mein gnädiger Herr
941 1700 3296 1932 Venner Daxelhoffer freystellende, in gleicher
951 1853 3350 2046 Lession, so es die zeit erleiden mag, auch mit dem
943 1969 3320 2188 anderen puncten deß beklagten Ehebruchs halben
950 2097 3286 2317 vortzufahren, da dann Meine gnädige Frau Venner Ihme mit
930 2213 3338 2475 bscheid und antwort zu begegnen solle: Ihme Meinem gnädigen Herren
1743 2351 2216 2460 überlaßende
911 2362 3140 2614 Venner daxelhoffer durch by Meinen gnädigen Herren den Rähten
1977 2506 2028 2602 *
936 2521 2975 2735 außwürckende Citation allhar zu bescheiden.
953 2664 3312 2882 Welcher Urtheil beide partheyen sich ersättiget
1958 2762 2345 2848 Ober Vogt
924 2761 2853 2974 habend * beide Meiner Herren gebrüdern Effinger
973 3155 2859 3444 Mittwochen den 6. decembris 1699
930 3347 2617 3616 Meine gnädige Herren Bauwherr von Wattenweil
930 3515 1923 3738 Herrn Decan Bachmann.
2188 3517 2862 3758 Herr Landvogt Fischer
928 3686 1894 3922 Herr OberVogt Matthey
2204 3681 2929 3936 Herr Landvogt Steiger
930 3830 1914 4079 Herr Schultheiss Frisching
2225 3882 3106 4102 Herr von Graffenried
945 3993 1448 4235 Herr Beseth
897 4197 3315 4477 Christen Ullrich von Guggisberg hat uf vorgelegten
926 4421 3352 4590 scheinen mit Barbara Müller von Ansoldtingen zu Premmgarten
929 4488 3247 4700 Kirch Recht zu Thun bewilligung erlanget: Doch solle sy
939 4620 3200 4818 Innert 6 wochen zu Thun umb den laut Schreiben von Ansoldingen
974 4699 3376 4938 mit einem spffarer Claude Bannay begangenen fehlers
959 4798 3081 5031 abzubüßen sich dort ein stellen deßen ein Schreiben nach Thun.
3522 544 3702 746 82
3765 473 6309 782 Elßbeth Winistorff ein etwas thorhafftes menschlin von
3778 630 6344 883 OberBurg klagt laut mit gebrachten Schreiben an Hans Burckhalter
3777 765 6126 959 ob dem Brittenwald, daß selbiger als es Ihme un
3763 914 6257 1076 verwichenem Heüwet 4 tag im flachs gejätten, habe
3791 1024 6150 1184 er Sy Ihns in der nacht heimgehenlaßen wollen, sonder
3769 1143 6277 1290 seye die erste und letzte nacht in der stuben wo er sein
3775 1190 6241 1393 beth habe uf dem Boden, die zwo mittleren nächt
3783 1303 6198 1509 aber by Ihme in seinem beth übernacht gelegen, da
3784 1425 6262 1598 er Ihns dann mißbraucht, also daß es glaube schwanger
3792 1544 6173 1727 zu sein, und habe auch die Leinlachen außwäschen
3793 1629 6275 1829 müßen. Er habe Ihme auch versprochen, so es etwas
3796 1737 6281 1965 gebe ,Ihns zu Kirchen zu führen. Hingegen aber
3797 1850 6288 2083 er Burckhalter zwar gestanden, daß die Winistorff
3769 1985 6139 2204 Ihme den flachs gejätten und by Ihme in einer
3779 2114 6232 2260 Stuben ubernacht gelegen, habe aber niemahlen
3757 2257 6276 2433 heimb begehrt, sonsten er sy wol hätte gehen laßen,
3714 2355 6110 2514 will ubrigens mit Ihra nichts ungebührliches
3766 2466 6128 2682 begangen haben, sonderen gantz unschuldig sein.
3776 2579 6253 2783 Sind einmahl in die erste Class erkendt worden: und
3779 2709 6197 2916 weilen verlauten will, ob solte die Winistorff
3783 2827 6115 3049 einen gewüßen gesellen von Höchstetten, so damahl
3780 2960 6240 3180 uf der Gummen gedienet, zwar nicht Chorgricht,
3785 3111 6219 3272 doch aber hin und wider deß mit Ihra gepflogenen
3774 3223 6116 3426 byschlaffs beklagt habe, und hernach selbsten darvon
3779 3366 6203 3581 gestanden sein und dann auch daß sy mit zweyen gewüßen
3773 3481 6169 3731 Küfferen in großem verdacht gewesen sein. Als is
3787 3598 6190 3804 ein S. erkendt nach Oberburg, deßen was eigentliche
3783 3726 6290 3978 an der sach seye Meine gnädige Herren zu berichten, und demme ein bericht by¬
3764 3844 6229 4021 zusetzen, was Lümbdens und Lebwesens der Burck¬
3769 3973 6236 4206 halter seye: den 8. sind Sy in die 2.te und den 11. in die 3.te Class erkendt
3779 4102 6182 4290 worden. Den 18. dito weil keins von seinem vorgeben abstehen
3787 4195 6056 4423 wollen, als ist die sach gott und der zeit heimbgestelt
3784 4322 6146 4499 worden mit einem S. nach Oberburg, so sy Schwanger
3782 4441 6039 4643 wäre, Sy in der genißt zu examinieren und zu
3775 4571 4266 4736 berichten.
