7296 5472
895 516 3161 746 Den von Ihme Meinem gnädigen Herrn Venner Daxelhoffer kla
927 653 3249 911 geklagten Leinward betreffend: Hat Mein gnädiger Herr Venner
924 789 2763 1042 angesetzt, daß Ihme laut inventarii mangle
2797 970 2959 1097 38
1777 939 2414 1131 An Leinlachen
2811 1081 2959 1230 48
1911 1094 2416 1289 Tischlachen
2814 1211 2977 1385 49
1811 1248 2537 1426 Handzwehelen
2830 1417 3271 1640 1107 Ell.
890 1408 2661 1679 Denne mangle Ihme an tuch zusamen
895 1605 2770 1874 Item seye in den dreyen Jahren 95. 96. 97.
916 1748 2597 2002 in abwesenheit Meinr gnädigen Herrin Frauw Vennerin
930 1876 2843 2092 an tuch gemacht worden 1056 Ell., so muß
900 1998 3296 2253 hiemit in 15 jahren gemacht worden sein 5280 Ell.
1661 2210 3280 2420 thut zusamen an tuch 6387 Ell.
896 2435 3256 2638 Hierüber nun als Meine gnädige Herren Venner Daxelhoffer sich
2065 2570 2555 2682 production
905 2601 3284 2754 erleühteret, daß er by dieser Kundschafft verbleibe,
906 2693 3276 2894 und keine andern zustellen begehre, hat Mein gnädiger Herr
899 2850 3302 3061 Venner Willading zu handen Meiner gnädigen Herrin Frauw Vennerin
916 2997 3142 3217 dieser puncten, umb zusehen ob Mein gnädiger Herr Venner
924 3096 3318 3305 Daxelhoffer dardurch etwas beweise Communication
917 3238 2698 3469 begehrt, so Ihme auch zu erkent worden.
890 3427 3206 3817 Verners begehrte Mein gnädiger Herr Venner Daxelhoffer
922 3712 3148 3922 mit dem puncten der Eheverkommnuß halb auchs
914 3855 3335 4069 vortzufahren, und offnete Herr Abraham Delosea
926 3958 3077 4143 vor, daß er zeügen solle, ob er Mein gnädiger Herr Venner
933 4136 3178 4293 als es umb die Eheverkomnuß zu thun ware
2812 4199 2876 4256 er
947 4191 3321 4422 nach Ihme Herr Delosea geschickt habe? Ob Mein gnädiger Herr Venner
927 4326 3180 4559 Ihme gezeugen befohlen, der Frauw Vennerin zu
940 4462 3248 4681 proponieren, daß sy eine Eheverkommnuß mit Ihme
939 4572 3156 4792 aufrichten solle? Ob den tag als selbige gemacht
943 4703 3115 4886 worden, Mein gnädiger Herr Venner nach Ihme geschickt habe?
3588 1649 3735 1780 *
3757 486 6282 730 Hingegen offnete Meine gnädige Herrin Frauw Vennerin vor, daß Herr Delosea
3756 639 6264 861 zeügen solle, wer Ihne damahls, als es umb die Ehe¬
3747 755 6247 949 verkommnuß zu thun ware, habe ins hauß beruffen? *
3757 862 6257 1042 Ob die Frauw Vennerin Ihme Herrn Delosea angemuhtet, daß er mit
3777 1015 6294 1182 Herrn Venner Rede, damit er mit Ihra eine Eheverkomnuß
3765 1079 6294 1274 aufrichte mache? Ob damahls als selbige gemacht worden,
3747 1197 6250 1396 Mein gnädiger Herr Venner Ihme gesagt habe: Wann die Frauw Vennerin
3747 1305 6170 1505 versprechen werde, von dem seinigen nichts mehr
3769 1448 6003 1647 an sich zu zeüchen, er sich darzu verstehen wurde?
3739 1540 5891 1775 Ob solches Meiner gnädigen Frauw Vennerin gethan habe.
3741 1673 6221 1853 Dieser Voroffnung begehrte Herr Delosea einer abschrifft
3755 1786 6194 2006 und communication seiner ersten ußsaag, so Ihme beides
3710 1915 4684 2110 zu erkent worden.
3758 2090 6070 2358 Endtlich klagt Mein gnädiger Herr Venner Daxelhoffer oben
3785 2263 6256 2449 Meine gnädigen Herren Gebrüderen von Widenstein und Willdeck
3752 2427 6238 2618 Herrn Schultheiss und Herrn Obervogt Effinger: Ob Sy nicht sambt
3764 2529 6163 2767 der Frauw Vennerin Ihne deß Ehebruchs beklagt und
3730 2661 6080 2895 deß Solches vor Meinen gnädigen Herren beantwortet und
3757 2823 4882 3022 bekannt worden seyend.
3604 2919 6174 3111 Als nun beide Meine gnädige Herren Gebrüderen solches zwar nicht
3749 3059 6226 3247 laugnen wollen, weilen Sy nicht eigentlich wüßend
3746 3162 6098 3401 ob und wie solche klag beantwortet worden seye, als
3752 3351 6173 3486 überlaßind Sy Meinem gnädigen Hern Venner zu zeigen, ob und wie
5371 3409 6134 3604 Worauf sich dann
3737 3429 5123 3623 selbige beantwortet worden:
3728 3525 6156 3759 Mein gnädiger Herr die damahlen am Chorgricht
3754 3712 6080 3867 gewesenen Herrn Assessores beruffen, welche allhar
3747 3801 5841 3971 zuhalten Meinem gnädigen Herrn Venner überlaßen worden.
