5472 7296
1013 794 2694 1258 Sodoma unnd Gomorra, mit ihren
990 985 2778 1384 ynwohneren (ußert Lodt dem frommen
998 1135 2786 1528 mann und der synigen) inn das ußerste
981 1285 2742 1648 verderben unnd undergang gestürtzet,
1024 1398 2745 1737 daß sy mit schwefel unnd füwr vom
1034 1628 2765 1946 himmel herab verzehrt worden, wie gelesen
982 1695 2752 2042 wirt im ersten buch Mosis am 19. capitel
999 1820 2717 2180 sonderen laßt noch heüt by tag nit nach
1010 1967 2741 2321 underschidenliche möntschen inn allerley
990 2120 2765 2456 unnd auch glyche sodomytische abscheüwliche,
983 2252 2751 2527 widernatürliche unkeüsche begirden
1027 2414 2759 2706 unnd werck zeverleiten unnd ze stürtzen,
1026 2537 2692 2794 wie wir dan auch jetz under ein truriges
1010 2668 2711 2938 exempel vor augen haben an disem (oder
1008 2809 2770 3050 disen) armen jungen gesellen Abraham
987 2942 2750 3205 Roder (unnd Samuel Schnyder), welcher
1035 3079 2705 3345 (da der einte als Abraham Roder)
1019 3230 2643 3461 durch sein eigen fleisch, inn unreinen
994 3369 2635 3595 widernatürlichen begirden, sich so weit
969 3507 2680 3717 vergeßen, daß anstatt, daß er, nach
981 3647 2710 3868 der vermahnung deß heiligen Apostels
916 3772 2590 4011 Pauli, so wir lesen an die Römer im
995 3919 2685 4125 6. capitel, die sünd nit hette söllen herschen
994 4056 2663 4283 laßen inn seinem sterblichen lyb, ihr
965 4187 2582 4409 gehorsam zeleisten inn ihren lüsten,
977 4337 2629 4545 sonderen synen lyb unnd glider gott
946 4454 2715 4669 darstellen zu waffen der gerechtigkeit,
920 4603 2674 4788 er denselbigen unnd seine glider, leider
930 4718 2637 4934 übel mißbrucht (der ander aber, als
916 4870 2607 5045 Samuel Schnyder, mißbruchen laßen)
919 5005 2513 5242 inn schandlicher widernatürlicher
920 5121 2629 5335 sodomytischer that, wider das heitere
916 5247 2707 5436 verbott gottes, welliches an underschi¬
931 5388 2638 5647 denlichen orthen heiliger und göttlicher
2301 5597 2650 5820 schrifft
4903 842 5028 999 6
3158 997 5075 1285 schrifft, unnd vorgetragen und beschriben ist,
3153 1200 5049 1428 Alß im dritten buch Mosis am 20. capitel
3224 1327 4943 1553 inn dem 13. vers. Auch zum Römeren
3226 1463 5022 1675 am 1. capitel 27. vers und inn der ersten
3203 1613 5038 1860 epistel Pauli zum Corintheren am 6. capitel
3218 1729 5068 1998 9. vers unnd inn der ersten an Thimotheum
3230 1867 4998 2094 am ersten capitel 10. vers. Nach dem
3209 1990 4884 2224 nun unsereren gnädigen herren unnd
3208 2152 5027 2368 oberen, sollche deß (oder der) gegenwürtig
3243 2288 5032 2471 Abraham Roders (und Samuel Schnyders)
3205 2434 4921 2657 hoches und schweres verbrechen, vorge¬
3241 2544 5009 2753 bracht worden, habend selbige uß ober¬
3240 2677 4767 2880 kheitlicher pflicht, als statthallter
3213 2811 4794 3007 gottes, das böse ußzerotten unnd
3225 2945 4945 3163 abzestraffen unnd hingegen alle ehrbar-
3202 3072 4932 3277 keit zu pflantzen gedachten Roder (unnd
3203 3220 5005 3406 Schnyder) inn verhafft nemmen, sein (oder
3201 3328 5009 3540 ihr) verbrechen erforschen und ihnne (oder
3197 3459 4927 3691 sy) darüber underschidenlichermahlen
3184 3597 4982 3830 und sonderlich den 28. Martii 1664. durch
3211 3712 4943 3930 den hochgeehrten ehrenhaften, frommen.
3164 3844 4812 4043 fürnehmmen, fürsichtigen und wysen
3209 3947 4990 4183 herren HR Niclaus Jenner deß täglichen
3201 4102 4980 4298 rahts als harzuo verordneten examinatoren
3214 4209 4974 4454 inn bywesen der ehrenhaften fürsichtigen
3210 4342 4903 4552 unnd wysen herren hrn. David Müllers
3213 4491 4951 4701 gleits herren von den Burgeren und herren
3194 4599 4978 4835 großweibel Im Hooffs, beid deß großen
3205 4754 4836 4966 rahts neben zweyen ihr zu dienern
3210 4878 4970 5097 unnd weiblen examinieren laßen, welche
3215 5014 4970 5207 arme persohn (oder persohnen) nach demme
3220 5147 4836 5346 sy ernstwortig examiniert worden
3215 5246 4757 5472 freywillig unnd ohne marter bekent
3215 5397 4863 5615 (benambtlich Abraham Roder) daß
3247 5525 4757 5745 er leider, ja mit der großen unnd
