5472 7296
1032 888 2713 1253 gotten seyen, ob sy die schul, predigen
996 1038 2736 1392 unnd kinderlehren besuocht, ob sy bätten
1010 1160 2710 1504 schryben unnd läsen könnind? befragt
1042 1308 2751 1627 worden, über welliches alles sy ditt¬
1038 1408 2705 1785 sammen unnd verstendigen bericht geben,
1008 1566 2771 1903 allso daß diß orts an ihnen kein thorheit
1031 1698 2681 2012 an der vernunfft, sonderen allein ein
1022 1843 2706 2138 große arme einfalt verspürt worden.
1035 1995 2789 2416 Und hat ersteinden Samuel Schnyder
1034 2245 2653 2489 bekent, wie daß er mh Niclaus
985 2364 2731 2618 Schnyders sel Burgers allhier mit Anna
1009 2495 2706 2765 Brunner seiner ehefr sel erzügeter
960 2639 2721 2887 sohn seye, seinen göttin und gotten er
996 2779 2725 3019 auch genambset unnd seye by 20 Jaren
1015 2917 2619 3133 allters unnd vor 6 Jaren inn das
978 3034 2771 3293 weisenhaus kommen, allda er neben lehrnung
982 3170 2710 3397 lesens unnd schrybens, allein seye gebrucht
970 3313 2744 3542 worden zu holtz schyten, holtz und waßer
957 3457 2698 3676 tragen, unnd derglychen sachen, unnd seye
947 3580 2745 3804 zu keinem handwerck nit gebrucht worden.
958 3705 2752 3919 Und als er letstlichen deß Roders schlaff¬
938 3836 2697 4052 gsell worden, habe ihmme der Roder vor
945 3984 2665 4180 ohngefahr 4 wochen nachts im schlaff
936 4093 2727 4316 sein ruothen inn hinderen (sat hon) lyb gestoßen
929 4232 2631 4440 darvon er schmertzen empfunden unnd
919 4370 2730 4565 erwachet, unnd habe den Roder abgemahnt
922 4492 2686 4716 er sölle ihnne mit friden laßen, hernach
914 4634 2685 4848 inn anderen nechten, wan er Schnyder ge-
905 4745 2707 5004 schlaffen, habe er ihmme nochmalen sölliches
877 4912 2231 5147 gethan by 4 oder 5 mahlen.
895 5129 2582 5385 Und als er befragt worden, ob er es
873 5313 2657 5540 ihmme gestattet, hat er geantwortet
859 5429 2731 5663 er habe ihnne allezytt abgemahnt, der Roder
801 5354 2332 5585 aber habe nüt darumb thun wollen etc.
2317 5734 2707 5971 befragt
4895 856 4975 997 3
3126 1062 4987 1311 Befragt, ob er ihmme die ruothen inn lyb
3156 1214 5053 1432 ynen gestoßen unnd ob er nüt empfunden, daß
3161 1347 5026 1581 von ihmme gegangen? Hat er geantwortet
3151 1475 4990 1691 ja, er hab sy ihmme inn lyb ynen gestoßen,
3152 1601 4906 1787 unnd wann er die ruothen usen zogen, seye
3152 1717 5016 1963 ihmme (sat hon) scheissen uß dem hinderen
3156 1938 3526 2090 gangen.
3057 2089 4986 2335 Befragt, ob er es gelitten unnd ihme allso
3156 2248 5019 2448 hab machen laßen? sagt er ja, er habe ihnne
3148 2370 4912 2582 alle zytt abgemahnt unnd geheißen ihnne
3148 2484 5004 2711 ruhig zlaßen, er habe aber nüt darumb thun
3174 2675 3598 2811 wellen etc.
3170 2753 4956 3009 Befragt, warumb er sich nit gewehrt und
3141 2910 4913 3110 geschruwen, wylen doch vill andere in der
3133 3040 4983 3232 stuben gelegen? Hat er gesagt er habe vermeint,
3160 3166 5000 3367 es werde der Roder es sonsten underwegen laßen,
3145 3295 4032 3491 unnd nit mehr thun etc.
3160 3443 4840 3657 Und als er befragt worden, ob er es nit
3148 3582 4984 3789 alßbalden jemanden geklagt? Sagt er, er habe
3148 3701 4813 3904 es alßbald einem seiner camerade gseit,
3178 3834 4812 4027 seye hernach auch dem M.R. gseit worden.
3172 3946 4979 4157 unnd habe er es auch hernach dem M.R. klagt.
3104 4146 4827 4376 Über befragen, ob er auch gewüßt daß
3149 4286 4914 4482 sölliches ein so große sünd seye? sagt er er
3153 4404 4802 4611 habe es anfangs nit gewüßt unnd seye
3132 4529 4870 4733 ihmme erst hernach inn sinn kommen, daß
3136 4641 3939 4843 sölliches sünd seye.
2951 4814 4938 5046 Draus befragt, ob er nüt von söllichen sünden
3140 4963 4828 5158 hab gehört predigen? sagt er ja, er habe
3109 5074 4946 5276 den herren Summel darvon gehört predigen.
3063 5215 4858 5471 Item befragt, ob er nit auch ein glyches
3130 5333 4956 5548 mit ihmme Roder oder mit anderen gethan?
3116 5480 4951 5677 hat er gesagt nein, er habe nie nüt derglychen
3132 5621 3443 5802 gethan.
