5472 7296
938 877 2719 1329 Unnd er Schnyder sich uff den ruggen
1047 1081 2723 1387 gewendt habe. Dißelliche that er
1013 1206 2751 1535 Roder by fünff mahlen mit ihmen
978 1360 2712 1703 Schnyder verübt unnd jederwylen den
1034 1520 2758 1836 anfang gemacht, unnd wan er Schnyder
1038 1633 1832 1852 geschlaffen habe.
990 1788 2746 2143 Abraham Roder, der auch ein thor
1027 2004 2736 2311 unnd by 24 jaren allt ist, bekent: daß
1026 2115 2673 2379 vor vierzechen tagen, da er by dem
1013 2292 2747 2546 gedachten Samuel Schnyder, synem schlaff¬
1000 2433 2749 2678 gesellen gelegen, umb mitternachts zytt,
1004 2544 2709 2788 da Schnyder geschlaffen, er Roder mit
1014 2675 2723 2921 seiner ruothen ihmme Schnyder inn den
1015 2818 2718 3036 lyb gefahren seye, sölliches so lang verübt
1012 2960 2729 3198 biß er erwachet, da habe er Schnyder sich
1011 3087 2692 3276 umbgewendt, unnd er Roder es blyben
1019 3211 2721 3439 laßen, söllche that habe er by fünff mahlen
1018 3349 2720 3574 begangen unnd allemahl wan er Schnyder
1015 3463 2424 3689 geschlaffen den anfang gemacht.
1022 3652 2635 3836 Über diß bekent er auch wyters
993 3811 2735 3991 daß er vor ohngefahrlichen dreyen jaren
997 3904 2642 4122 by Gabriel Herrman (so ietz by 20.
990 4037 2737 4237 jaren seines handwercks ein tuchscherer
996 4165 2578 4359 ist) inn einem beth gelegen, glyches
981 4283 2651 4480 understanden unnd mit seiner ruothen
962 4409 2552 4603 dem Herrman inn seinem schlaff
947 4537 2736 4758 zwüschen den (reu) beinen durchgestoßen
947 4650 2690 4859 darüber er Herrman uß seinem schlaff
963 4771 2672 4990 erwachet, mit den neglen den Roder an
933 4912 2728 5114 seiner ruothen geklembt, daß er weißen
933 5004 2663 5226 oder sich übelgehaben müßen, seye allso
941 5138 2732 5351 mit disem glyd ihnen Hermann niemahlen
919 5198 2676 5483 inn den lyb kommen, habe es hernach mit
916 5355 2585 5632 ihmme nit mehr understanden, auch deß
808 5488 2748 5692 daruff ervollgeten morgens diser that halber
901 5614 1888 5837 streichen empfangen.
2322 5756 2738 5948 Worüber
4865 888 4976 1024 2
3224 1094 5045 1332 Worüber dan auch der gemelte Herrman
3238 1261 5042 1467 berufft worden, der uff ernsthafftiges befragen
3250 1399 4948 1594 hin bekent: daß vor ohngefahr dreyen
3232 1500 4925 1745 jaren, da er by dem gedachten Roder inn
3175 1339 4931 1554 einem bett, uff einer syten, schlaffend gelegen
3254 1768 4990 1981 seye, er Roder mit seiner ruothen, ihmme
3240 1899 5002 2100 Herrman zwüschen den beinen durch gestoßen,
3226 2025 4967 2233 darvon er erwachet, ihnne Roder gestoßen
3211 2161 5003 2339 unnd mit den neglen an der ruothen geklembt,
3201 2278 4958 2464 das er weißen müßen. Vonn wellicher
3198 2388 4967 2599 zytt an er nit mehr by ihmme Roder ligen
3212 2521 4964 2718 wellen, habe auch die sach morgens angezeigt,
3205 2647 4981 2831 unnd seye Roder darumb von dem Meister¬
3184 2762 4898 2950 knecht geschlagen worden, habe hiemit diser
3221 2890 4877 3081 sach halben ein guot gewüßen, unnd so dem
3227 2998 4912 3200 nit allso unnd er schuldig were, wolte er nit
3211 3129 3990 3320 gewartet haben etc.
3945 3383 4508 3562 Ihr in erachtet
3203 3419 4932 3681 Unnd wylen nun gemelte beide sachen
3190 3609 4868 3799 Abraham Roder unnd Samuel Schnyder
3196 3736 4970 3922 uß dem weisenhaus inn die obere gfangen¬
3194 3831 4792 4026 schafft leggen unnd aller nothurfft nach
3209 3956 4889 4141 nochmalen ernstwörtig examinieren ze¬
3192 4058 4785 4271 laßen, sind selbige uß befelch ihr g
3155 4197 4969 4394 durch den wohlgeachten ehrenverten etc. herren
3187 4326 4894 4513 Niclaus Jenner deß täglichen rahts, als
3189 4432 4942 4637 verordneten herren examinatoren, inn bysein
3164 4556 4751 4746 der ehrenverten etc. Herren David Müllers
3163 4675 4793 4883 gleidts herren von Burgeren unnd herren
3163 4788 4927 5005 großweibel im Hooffs neben zweyen ihr
3174 4925 4873 5136 gelobten dieneren unnd weiblen den 28. Martii
3162 5042 4764 5211 1664 ernstwörtig examiniert, unnd
3169 5144 4873 5347 umbstendlich aller beloffenheit, auch was
3136 5274 4944 5490 nammens, was allters, von was ellteren
3160 5376 4961 5600 sy seyen, was für ein lebwesen sy von jugend
3173 5518 4914 5725 an geführt, wer ihre tauff-gottin unnd
4651 5784 4951 5989 Gotten
