5472 7296
1056 836 2797 1221 der Samuel Schnyder burger
1070 1011 2795 1364 der statt Bern bekennen offentlich
1094 1132 2791 1503 mit diserem gegenwürtigen urpheid,
1067 1260 2781 1614 nach dem ich leider wider gott unnd
1088 1413 2812 1766 syn heiliges wort, so weit und schwer-
1084 1539 2841 1882 lich vergeßen, daß ich inn die große
1110 1685 2837 2044 übernatürliche sünd der sodomyterey
1084 1823 2737 2081 gefallen, unnd mich durch Abraham
1072 1913 2796 2253 Roder im weisenhaus allhier beflecken
1075 2050 2807 2371 laßen, auch hierüber inn die gefangn¬
1067 2204 2770 2486 schafft unnd hand meinen gnedigen herren unnd oberen
1065 2325 2801 2556 gelegt, unnd eine gerume zytt darinn
1068 2436 2792 2715 enthallten worden. Meine gnedigen herren unnd oberen
1045 2595 2808 2827 auch über diß myn hoch und schwerliches
984 2697 2808 2948 verbrechen, vernneg deß gsatzes Gottes
1047 2841 2794 3072 wohl ursach unnd macht gehabt hettind
1054 2960 2716 3189 mich wie den andern myne großen
1037 3072 2670 3279 arbend sündern Abraham Roder
1054 3206 2775 3414 so die that an mir begangen, exempla-
1052 3330 2658 3550 risch am leben zestraffen unnd ze
1048 3456 2628 3662 züchtigen. Wylen aber sölliche
1055 3583 2708 3779 (wie dan auch jetz und gegen mir
1067 3694 2724 3898 beschechen), mehr zu gnaden unnd
1007 3822 2789 4019 barmhertzigkeit, als aber zu strenge
1054 3944 2752 4152 unnd raach geneigt, als habend sy
1020 4074 2720 4257 zuvor mir das leben geschenckt uß
1020 4176 2718 4371 verhoffender zuversicht, mich inns¬
996 4304 2793 4486 künfftig söllicher unnd anderer großer
989 4410 2738 4629 lasteren unnd missethaten ze bewahren
996 4524 2689 4739 unnd ze behüten, doch aber mir zu
1018 4636 2721 4840 einer gnädigen unnd wohlverdienten
991 4736 2719 4944 straff ufferlegen wollen, mich von
1000 4874 2691 5086 ihr an land unnd gebiet mit dem
985 5022 2687 5214 eidt ze verwysen und durch ihren
989 5112 2627 5365 scharpfrichter mit der ruthen
1004 5237 2737 5481 aussteychen ze laßen, welliche gnad
951 5365 2697 5533 unnd millte urtheil ich auch gern
947 5480 2740 5710 unnd gutwillig uff und angenommen,
2490 5648 2685 5815 mit
4884 902 4956 1039 8
3269 1059 4898 1297 mit versprechung, mich innskünfftig
3263 1225 5005 1415 söllicher unnd anderer großer mißhand¬
3259 1345 4984 1545 lungen zebehüten, myn leben zebeßern
3264 1450 4956 1677 (alß biß dahar leider beschechen) anze¬
3250 1580 4848 1783 wenden, auch meine gnedigen herren unnd oberen land
3254 1702 4891 1907 unnd gebiet, wie auch die vier mit
3178 1820 4976 2043 Fryburg gemein habenden ambter, als
3251 1944 4998 2177 Grandson, Orbach, Murten und Schwartz¬
3256 2080 4951 2227 burg, fürohin nimmermehr ohne er¬
3227 2192 4898 2385 halltene begnädigung zebetretten
3185 2318 5009 2505 unnd zebewohnen, dise millte und gnädige
3228 2434 4982 2628 straff, wegen vihlfalltigen und schweren
3253 2562 4996 2770 verbrechens, an niemanden, weder durch
3244 2676 4884 2873 mich noch die mynigen ze rechen, noch
3250 2781 4831 2975 jemanden hierdurch ze beleidigen;
3213 2903 4955 3067 fahls aber ich (darvor gott gnädig
3265 3032 4985 3234 syn wolle), inn die vorigen fußstapfen
3269 3149 4784 3343 unnd andere schwere sünden unnd
3235 3279 5000 3478 übertreffungen oder aber mich inn ihr
3195 3383 4929 3555 An land unnd gebiet widerumb, ohne
3180 3494 4865 3691 vorerlangte begnädigung begeben
3231 3602 4971 3812 wurde, sölle alßdan sölliche urtheil
3233 3721 4974 3959 welliche ich jetz und am leben außzestehen
3211 3844 4972 4085 wohl verdienet gehabt hette, ohnfählbar¬
3223 3954 4969 4152 lich unnd ohne verhoffende gnad an mir
3227 4068 4896 4258 exequiert unnd vollstreckt werden
3208 4178 4478 4420 inn krafft diß verheds etc.
3131 4635 4905 4885 Den 21. Julii 1664. ist uff anhallten
3175 4762 4926 4999 gedachts Schnyders geschwüsterten, durch
3178 4903 4857 5082 meine gnedigen herren räht unnd burger ihmme Samuel
3177 4998 4934 5189 Schnyder wegen syner infalt, und daß er
3222 5109 4886 5305 an papistischen orthen lychtlich möchte ver-
3194 5199 4952 5407 führt werden, das land widerumb geöffnet,
3206 5311 4911 5510 und zu allenby syner schwöster in stille
3174 5403 4514 5618 ze wohnen vergönt worden.
