3024 4032
420 349 1353 563 Srtaulus und Vrgichen
478 510 1351 701 Samel Hanckauws deß
380 578 1402 809 Anppur gi zwor Burgerd allsind in berdo
347 806 1409 967 Eenach gegentauet un Danich Panckauw
345 885 1412 1055 Wogen fr in einen in trink außgegebenen fatto
353 977 1407 1125 verschindene ehregglieder dieser standts und ander
338 1052 1414 1234 prarticutar personen allied schimpflich durchge-
335 1127 1393 1275 zogen und ehr empfindtlich angegrißfenetc. Vor
339 1191 1412 1361 ohngefehr, wun jahren zu Wolverdienter straff
340 1293 1407 1460 von ihr gal auß dero landeng und geprken
323 1339 1408 1542 für ebig verwiehen worden. Sarthero aber Er
335 1426 1406 1584 außert landt in gleichen oder nach krößeren
340 1524 1367 1654 fehler gefallen und eine anders epanifert
322 1604 1404 1754 1. Darinnen nicht allein etwelche hohe und ander
337 1690 1379 1832 Partictarin sonderes selbster eine hohe oberkeit
339 1762 1370 1903 allhieb schandtlich außgeschranen und zeigink
325 1837 1351 1986 s�  aberinalen in offener truck außgehen
307 1909 1391 2037 baßßan und an verschiedenn drber in leutschland
917 1992 1399 2125 maßßen ichr geldn
322 1994 914 2114 Auß gestruhet hatte.
324 2073 1406 2193 von eint und anderen außere örten und spanden
320 2143 1383 2283 bericht und komminication empfangng und also
317 2225 1398 2354 sieh bemüeßiget befunden diesen mang, ir milich
323 2279 1395 2433 anf vernehmen anzuhalten, so dann auch batt an
311 2363 1401 2485 das Cfart gebracht worden, Allermaß en derselbe
313 2429 1390 2593 auff ihr vel besehme veranstulfung von seinen
1148 2532 1210 2592 al
309 2531 1388 2674 izu sich zuresel durchlricht, das zertgen von
296 2592 1390 2718 Wurgenbrag in deßen reoidentz, statt stutt
303 2666 1363 2822 grt mit arvert belegt und folglich an ihr bel
310 2694 1402 2880 außgeliefert und gefanglich allhers gebracht wende.
296 2821 1400 2984 Als labend hier auff sochgndacht mleghen  dero dnen
286 2911 1402 3082 Minthli Konß wybel ierhaffs und dem Gristhe
300 3020 1399 3149 eberen knacht sub d 3 hujus befelchlich aufgetrahen
301 3096 1400 3211 gedauten Pfamkaut über seine seit deßen barivation
1049 3171 1264 3307 solchns
2513 479 2597 560 197.
1597 483 2638 634 votahnes verbrechen zu examinieren und das heran
1607 554 2349 690 konnnde pfr Gut. Vrzutragen.
2352 590 2583 697 Welchem
1613 622 2628 777 befalh auf end stehenden satz volgender maßen
1593 700 2033 837 folggeleset werden
1962 792 2029 835 es
1897 811 1941 877 N
1943 759 2301 899 Eaamen.
2148 881 2193 968 1
1605 855 2149 1005 Schnal. Wie alt er sege
1606 947 2576 1074 antloort. In dem vorsehenden 10br werde er
1608 1026 2166 1151 dat 60 jahr erlangen
1578 1118 2610 1242 D. ob nit wahrd seye, daß fr huvor wegen ener
1607 1188 2612 1320 in trmk auß gegebenen hatten, darinnen er viel
1588 1250 2617 1382 Particutar personen schimpflich durchgezogen, von
1606 1319 2608 1457 allhietiges hohen ob erkit zur straaff deß landt
1591 1403 1967 1501 verwiesenn worden.
1566 1502 1780 1602 B. Ja.
1586 1542 2619 1695 z. ob er den vannioat wond eydt gehalten habe
1594 1652 2593 1786 : er habe mit seinem wüßer seithero zli Gal.
1592 1714 2655 1865 bottmeßigkeit landt und gebiet viemals betrehten.
1581 1788 2653 1913 biß auff diezeit, da mann ihne hergebracht, ihme
1590 1855 2637 1981 steye war ihr gal terditorium und Grantzen
1584 1929 2646 2057 In sonderleit die erobertem landen nit durchanß
1576 2011 1770 2098 ortanut.
1570 2074 2685 2215 B. Ob er nit seit seinmeaitio ein anders factum
1573 2159 2591 2298 . Welches mann ihme nun vorgebiesen) habe in
1597 2248 2069 2360 trüw außgehen laßen.
1582 2316 1749 2413 B. Ja
1548 2392 2656 2547 z. ob emand ihme daßelbe aufgesopf und compio-
1582 2483 1826 2569 iert habe
1575 2540 2641 2652 do. Es habr im Licentiatuo oder doctor im selten
1582 2628 2668 2762 Nenrend Krame zu Offenbach dan stundt von frenben
1576 2699 2605 2835 furt dem Graafen von dirstei gehörig auff seinen
1585 2779 2641 2911 anstuchen ihme solches vor etwann ztoay jahren auff
1576 2855 1704 2952 gstegt.
1570 2912 2623 3048 z. waß er ihme für dißörtige arbeit bezalt habe.
1570 2997 2634 3126 N Er wüße sich nit mehr zu verstinnen, solches se
1582 3058 2661 3199 finde sich in seiner zu Stuttgart eingegebenen laßtens
1571 3154 2146 3286 specification verzichnet.
2352 3218 2435 3318 B.
