3024 4032
1621 491 1759 601 24
1881 450 2838 691 Aaulusss uns Worgicht
1863 633 2730 826 voss Hanns Whatzs
1766 717 2820 904 Auß den Canitoril Amts Signanto gebühr,
1785 824 2649 1000 etig von 151 jahren alters.
1695 989 2814 1237 Bachzenr diser Hanns Plalz as
1767 1132 2821 1270 ein übel beruchteter und bekannte maßen
1758 1207 2841 1374 eygenstmniger bristand und tröhler, sonder
1755 1298 2849 1467 lich aber wegen eines geschriebenen faloi und
1758 1372 2845 1517 in eines anderen namenn auff genamnem gebts
1751 1454 2847 1599 vor paas jtahren auß ihro gu statt und
1749 1544 2838 1692 landt für drey jahr lang eidtlich verwiesen
1755 1633 2829 1775 worden. Seitherb aber während seinem
1746 1696 2819 1847 Conbio anhratt solche zuchtigung ihmme zur
1749 1797 2827 1922 beßßerung dienen ze laßßentc. Derselbe sich
1755 1862 2820 1994 vermeßßener weise erfrechet ein manngesb
1747 1936 2842 2067 und guttung klag schrifft, so da mmt mannna
1744 2019 2829 2150 feltigen ohnderschamten xprespionen und
1754 2104 2803 2225 Boßhafften stichel Reden wird er die von
1752 2182 2775 2306 magsl und oberen über das bewousste.
1741 2279 2858 2390 Nunmehro worderte eagito wlerd zehud, process
1739 2330 2829 2455 1. Darinne Glatz lodilich des bantoren als
1751 2399 2854 2545 einten Jarren assidrent ware Wie auch gesagt
1735 2491 2842 2617 seiner eggenen verbrachend halb wol ergangene
1735 2550 2849 2697 hache ferantnußen angefüllet etc. Auff zehrt ein
1754 2634 2837 2798 in aentlichen trnek auß zugeben und hin und
1739 2711 2854 2867 her außzestreütwen, ja gar an alle jahr Stän
1745 2799 2813 2948 de loblen erdt gnoßßschafft außzeseiden und
1738 2872 2839 3047 also dardnach so virl an ihme ihr Gul ald
1734 2973 2841 3130 seine vlaturliche hoche landtr oberkert und
1751 3035 2840 3200 dero standts ehren, gliedere in deroselben von
1730 3120 2860 3266 Gott empfangenwen aut liorit et, Judicatur und
1744 3194 2801 3390 richter amt empfindtlich anzegrriffen,
2298 3354 2681 3468 zu erkleineren
