3024 4032
318 297 1460 673 ndere eeg
407 405 1443 736 e
410 512 1350 789 en  ne
394 600 1439 898 B. Welng des einte sein lachbar, beinde aber saßt
394 711 1265 932 seine gut en freünd und bekannte gewosen.
381 794 1415 1046 z. ob so nicht hievor den bannioationd endt
386 876 1395 1111 gefahr und solchen samt dem darunn enthaltunen
388 969 1437 1182 vrfehdt, daß er namlich sich alles verwan smal
374 1050 1426 1276 lund und schrribens enthalten wolle zu westen
388 1124 807 1275 versprachen habe.
367 1237 1391 1424 g. Die oberkeiten erkannt nuß und hernach de
376 1327 1398 1505 bannioat wond, eydt seger ihme vorgelesen worden
363 1400 1368 1580 Er habe also solches wol müeßen pr estiren.
358 1517 1426 1696 d. ob sr nit durch gesagtes kitster hattem Eisher
370 1590 1404 1741 oberkeit shandtlich durcgezoren und auff das
373 1675 1151 1820 empfindtlichste beleydiget habe
352 1752 1402 1906 e. Er habe dieselbe nicht durchgehend, sonder nit
361 1840 816 1978 underschid gemeint.
338 1938 1423 2098 repdiciert: Er habe an einemr eintzigen ort diemen
352 2036 1378 2153 eine exception gemacht, namlich nur in ansehen
346 2103 1414 2249 der künfftiges glideren der oberkeit allin
330 2181 1414 2310 Die a m N5. getor senr oberkeit habe er ohne unß
317 2253 1401 2431 mahm geschandet. In dem er in seinem libell
326 2323 1411 2516 gesezt, krad anflnad des überscheift. Wahr
322 2406 1417 2582 haffte nachricht, wie ungerecht mann zu Bren in die
323 2489 1355 2667 Schweiz mit danil Pambaut umbgegangen.
300 2538 1403 2757 Item betittelt er die herren berbiten eruntuß
321 2612 1419 2829 A. 1745 eine solches urteill, welches nicht aeshe,
304 2681 1402 2909 lichen und ungerechtes seyen lanbe, wann es auß die
305 2866 907 2989 h�llen selbst gekommen ward.
286 2844 1402 3087 Witer sagt so die Ungerchte tilt schnde
296 2913 1391 3171 dag ihre mergorte ungerechtig keit dar mit nicht loh
299 2981 1406 3216 fertigen, wann ich die am mid and grüebte ungrechtig
300 3113 1143 3291 witen in dem facto bekannt gemacht.
283 3152 1403 3439 Verwed, ein solches confious Caor ded abseutlicsen
1015 3249 1307 3394 ungechtigeten
2533 384 2648 481 203.
1585 476 2698 641 ungrechtigkeiten tocts mann zu Seen an, da mögen
1572 569 2650 764 gott, das gewißen, die vermunfft, die gesteze des
1577 659 2653 813 ladt und die obhabende schwäre pflichtern sagen, was
1584 733 2672 882 sir wolleng, so gehet die eher eines oder des anderen
1582 789 2651 962 ochnächtigen menschen vor, die praso ionen haben die
1574 854 2713 1028 obeland, das habs sey wir des stahler. Gott werde
1577 926 2700 1088 den des solche ungedechtigkeiten aus urlat, mit deme der
1581 1009 2690 1181 denenselben durch die fingerstiehet verderben und auß
1571 1147 1705 1237 votten.
1554 1140 2696 1325 Demne so überlaße er zu Bedenten ob die Breund, dustitun
1568 1236 2696 1396 sich nicht vor der ganzen vernünfftigen wolt zum anßer
1574 1288 2706 1457 Istem prostitdiere und an tag lege, daß sie von gott
1577 1362 2640 1532 dem getoußen, denen getahnen eyden oodnung undt
2245 1440 2694 1546 ware es damn konn,
1563 1467 2122 1591 wilstandt nicht viel halte
1553 1504 2650 1665 der, wann sich die ende auffahte und solche frfele
1571 1576 2697 1734 Derachter gottes und der gerechtigkeit, die so ungehaubt
1576 1653 2673 1797 alt beß lafftig den schuldigen gerecht prechen und dem
1575 1723 2610 1897 unschuldiges verdammen, auff der stell verschlunge
1555 1837 2691 1973 Item welchen außgang der sach ich auff die aller im
1570 1909 2671 2017 gerechteste weiter, wirder alle gottliche und menschliche
1570 1980 2671 2098 rechte mit verlurst meines bürger, rechts, meiner
1553 2037 2671 2188 nahrung und meines ehrlichen namrns gantz unschuldig
1564 2126 1934 2239 erfahren müßen.
1576 2177 2670 2336 verned Bey welches ungerichtesten procedus meine
1564 2277 2636 2392 sheind des stattschreiber stot und daß em großer
1576 2349 2681 2471 anhang keine andere als diese vor gott und der ver
1568 2421 2666 2524 künfftigen wolt unßerantwortliche ehren undt
1572 2494 2401 2629 gewißen vergeßen boße absicht gehabt.
1564 2592 2706 2748 Wiert. Welches Utiell aber an sich so abscheützlich ist,
1573 2648 2659 2815 daß es auch nicht einmal den gering seei schein einer
1573 2721 2660 2884 umpartegischer duotitzn besaupten kan, so ungerecht,
1569 2792 2697 2947 Partigisch und Gottloaß ist daßßelbe. Dann was
1571 2856 2670 3018 kan ungerechter seyen als ein solches urteill, welches
1570 2940 2645 3096 auff keinem andereen als auff einem folch ertichteren.
1575 3002 2169 3176 vntand und Grudt buult?
1561 3071 2717 3262 mlihr. Ich habe kein brdenben, das ungerechte Util
1560 3150 2722 3345 in forma mit undermischten annerkungen hier zu setzen.
2329 3309 2702 3462 Sfu der schanle
