<?xml version="1.0" encoding="UTF-8" standalone="yes"?>
<PcGts xmlns="http://schema.primaresearch.org/PAGE/gts/pagecontent/2013-07-15" xmlns:xsi="http://www.w3.org/2001/XMLSchema-instance" xsi:schemaLocation="http://schema.primaresearch.org/PAGE/gts/pagecontent/2013-07-15 http://schema.primaresearch.org/PAGE/gts/pagecontent/2013-07-15/pagecontent.xsd">
    <Metadata>
        <Creator>prov=University of Rostock/Institute of Mathematics/CITlab|PLANET AI GmbH/Gundram Leifert/gundram.leifert@planet-ai.de:name=German_Kurrent_XVI-XVIII_M1(htr_id=19584)::::v=2.6.7
prov=University of Rostock/Institute of Mathematics/CITlab|PLANET AI GmbH/Tobias Gruening/tobias.gruening@planet-ai.de:name=de.uros.citlab.module.baseline2polygon.B2PSeamMultiOriented:v=2.6.7
prov=University of Rostock/Institute of Mathematics/CITlab|PLANET AI GmbH/Tobias Gruening/tobias.gruening@planet-ai.de:name=/net_tf/LA73_249_0mod360.pb:de.uros.citlab.segmentation.CITlab_LA_ML:v=2.6.7
Transkribus</Creator>
        <Created>2021-03-11T14:15:01.630+01:00</Created>
        <LastChange>2023-06-19T21:26:59.080+02:00</LastChange>
        <TranskribusMetadata docId="1334844" pageId="52362181" pageNr="37" tsid="127274387" status="IN_PROGRESS" userId="68497" imgUrl="https://files.transkribus.eu/Get?id=RBGITZNDCCXKHJQHFOHSIWDL&amp;fileType=view" xmlUrl="https://files.transkribus.eu/Get?id=MOPVVCOVJUYLFDWSXBEUPVOS" imageId="19038976"/>
    </Metadata>
    <Page imageFilename="IMG_9036.jpg" imageWidth="3024" imageHeight="4032">
        <ReadingOrder>
            <OrderedGroup id="ro_1687513662860" caption="Regions reading order">
                <RegionRefIndexed index="0" regionRef="r2"/>
                <RegionRefIndexed index="1" regionRef="r3"/>
            </OrderedGroup>
        </ReadingOrder>
        <TextRegion orientation="0.0" type="paragraph" id="r2" custom="readingOrder {index:0;} structure {type:paragraph;}">
            <Coords points="392,549 392,3396 1493,3396 1493,549"/>
            <TextLine id="r2l1" custom="readingOrder {index:0;}">
                <Coords points="413,610 603,595 992,674 1054,627 1155,672 1314,667 1378,729 1465,732 1473,647 1344,581 967,557 916,583 817,529 734,567 424,498"/>
                <Baseline points="423,585 474,590 526,594 578,599 630,602 682,606 734,611 786,614 838,619 890,623 942,627 993,631 1045,635 1097,641 1149,646 1201,652 1253,659 1305,667 1357,674 1409,683 1461,693"/>
                <TextEquiv>
                    <Unicode>A. ob sie nicht albrreit bey hauß oder undervagt</Unicode>
                </TextEquiv>
            </TextLine>
            <TextLine id="r2l2" custom="readingOrder {index:1;}">
                <Coords points="430,728 501,703 622,747 825,730 971,767 1079,737 1160,777 1284,758 1313,723 1056,628 904,688 813,630 731,663 608,594 438,622"/>
                <Baseline points="441,674 484,678 527,681 570,685 613,688 657,691 700,694 743,698 786,702 829,705 873,708 916,711 959,714 1002,717 1045,720 1089,723 1132,726 1175,729 1218,733 1261,736 1305,740"/>
                <TextEquiv>
                    <Unicode>gebutd schmezeng eine fundern habe.</Unicode>
                </TextEquiv>
            </TextLine>
            <TextLine id="r2l3" custom="readingOrder {index:2;}">
                <Coords points="426,811 494,792 732,860 951,821 1022,866 1204,844 1314,907 1412,876 1453,899 1457,842 1272,756 1069,784 928,743 638,756 433,722"/>
                <Baseline points="435,789 485,792 536,796 587,798 637,801 688,804 739,806 789,808 840,811 891,813 942,816 992,819 1043,823 1094,826 1144,831 1195,835 1246,841 1296,847 1347,854 1398,863 1449,870"/>
                <TextEquiv>
                    <Unicode>B. Sie habe zu Hauß ein klind bauchgrimen</Unicode>
                </TextEquiv>
            </TextLine>
            <TextLine id="r2l4" custom="readingOrder {index:3;}">
                <Coords points="431,902 500,926 546,888 602,919 656,892 751,926 898,901 963,946 1071,905 1454,967 1459,901 1416,876 1358,913 1194,844 1129,877 967,825 925,855 797,829 688,869 438,812"/>
                <Baseline points="441,866 491,870 541,875 592,879 642,883 693,886 743,889 793,892 844,896 894,898 945,902 995,904 1045,907 1096,911 1146,914 1197,919 1247,924 1297,929 1348,936 1398,943 1449,950"/>
                <TextEquiv>
                    <Unicode>gehabt. Undertard habe sie auch von zeit zu</Unicode>
                </TextEquiv>
            </TextLine>
            <TextLine id="r2l5" custom="readingOrder {index:4;}">
                <Coords points="438,950 598,968 646,1008 743,972 814,1030 915,995 958,1042 1002,1013 1038,1052 1110,1007 1268,1003 1312,1042 1446,1042 1449,985 1196,918 1077,973 813,953 770,913 612,934 550,889 501,928 440,906"/>
                <Baseline points="444,956 493,960 543,964 593,968 643,971 693,973 742,975 792,978 842,980 892,981 942,984 991,986 1041,989 1091,991 1141,994 1191,998 1240,1001 1290,1006 1340,1011 1390,1015 1440,1022"/>
                <TextEquiv>
                    <Unicode>seit einihe schmetzen gestehet, da sie zu</Unicode>
                </TextEquiv>
            </TextLine>
            <TextLine id="r2l6" custom="readingOrder {index:5;}">
                <Coords points="424,1041 663,1099 752,1069 911,1121 999,1079 1166,1119 1227,1081 1384,1135 1425,1113 1429,1039 1207,1025 1171,1056 1096,1021 1040,1055 909,1001 662,1037 586,969 534,985 429,941"/>
                <Baseline points="432,1029 481,1034 530,1039 580,1043 629,1047 678,1050 728,1054 777,1057 826,1061 876,1063 925,1065 974,1068 1024,1070 1073,1072 1122,1074 1172,1077 1221,1079 1270,1082 1320,1083 1369,1086 1419,1088"/>
                <TextEquiv>
                    <Unicode>des herren zubring hauß kommen, steyen selbige</Unicode>
                </TextEquiv>
            </TextLine>
            <TextLine id="r2l7" custom="readingOrder {index:6;}">
                <Coords points="421,1115 756,1124 793,1155 996,1139 1099,1204 1175,1156 1265,1210 1357,1163 1450,1175 1452,1143 1306,1104 1149,1137 972,1085 869,1121 606,1072 556,1092 506,1045 426,1043"/>
                <Baseline points="429,1103 479,1106 530,1110 581,1113 631,1116 682,1119 733,1123 783,1126 834,1129 885,1134 936,1137 986,1140 1037,1145 1088,1148 1138,1151 1189,1154 1240,1158 1290,1162 1341,1165 1392,1169 1443,1173"/>
                <TextEquiv>
                    <Unicode>stärker ankomin uund weilen die tuhr verd</Unicode>
                </TextEquiv>
            </TextLine>
            <TextLine id="r2l8" custom="readingOrder {index:7;} person {offset:0; length:8;}">
                <Coords points="417,1216 550,1187 628,1240 696,1197 984,1267 1091,1221 1235,1227 1309,1278 1355,1246 1458,1268 1461,1225 1357,1165 1265,1209 1218,1158 1106,1194 901,1139 813,1170 698,1131 621,1172 510,1114 422,1138"/>
                <Baseline points="426,1182 477,1184 528,1187 579,1190 631,1192 682,1194 733,1197 785,1200 836,1203 887,1206 939,1209 990,1212 1041,1215 1092,1218 1144,1222 1195,1225 1246,1229 1298,1232 1349,1236 1400,1241 1452,1245"/>
                <TextEquiv>
                    <Unicode>schlaßin gebar seg, seye sie hinter die spychern</Unicode>
                </TextEquiv>
            </TextLine>
            <TextLine id="r2l9" custom="readingOrder {index:8;}">
                <Coords points="427,1281 578,1263 801,1338 1025,1289 1451,1338 1454,1279 1356,1246 1308,1279 1231,1228 1107,1222 985,1267 830,1254 782,1209 629,1239 555,1189 431,1215"/>
                <Baseline points="435,1259 485,1260 536,1263 586,1266 637,1269 687,1274 738,1276 788,1278 839,1282 889,1285 940,1288 991,1290 1041,1294 1092,1297 1142,1298 1193,1301 1243,1303 1294,1306 1344,1308 1395,1310 1446,1311"/>
                <TextEquiv>
                    <Unicode>in der angst gegangen. Moriffelte abe alle,</Unicode>
                </TextEquiv>
            </TextLine>
            <TextLine id="r2l10" custom="readingOrder {index:9;}">
                <Coords points="410,1381 538,1345 705,1398 759,1372 804,1415 895,1380 935,1417 1000,1378 1086,1423 1144,1381 1354,1435 1458,1421 1432,1326 1315,1321 1271,1360 1116,1317 1067,1354 944,1303 802,1339 579,1265 414,1286"/>
                <Baseline points="419,1344 470,1346 522,1348 573,1351 625,1353 677,1355 728,1358 780,1360 832,1362 883,1365 935,1367 987,1369 1038,1371 1090,1374 1142,1376 1193,1379 1245,1380 1297,1383 1348,1385 1400,1387 1452,1389"/>
                <TextEquiv>
                    <Unicode>ezeit, daß solches gebuhrts ischmertzen wärind,</Unicode>
                </TextEquiv>
            </TextLine>
            <TextLine id="r2l11" custom="readingOrder {index:10;}">
                <Coords points="422,1423 862,1443 995,1490 1067,1445 1188,1498 1262,1456 1477,1463 1479,1416 1355,1435 1285,1398 1125,1390 1086,1424 998,1379 931,1417 894,1380 809,1415 761,1375 704,1398 538,1345 424,1387"/>
                <Baseline points="429,1416 481,1419 533,1421 585,1424 637,1427 689,1430 741,1433 793,1436 845,1439 897,1442 949,1445 1001,1448 1053,1449 1105,1452 1157,1455 1209,1457 1261,1459 1313,1461 1365,1463 1417,1464 1470,1466"/>
                <TextEquiv>
                    <Unicode>eintenalen, wie gedacht, sie die schwangerschafft</Unicode>
                </TextEquiv>
            </TextLine>
            <TextLine id="r2l12" custom="readingOrder {index:11;}">
                <Coords points="423,1526 563,1509 806,1568 888,1511 1054,1565 1189,1522 1326,1562 1464,1545 1466,1493 1394,1465 1246,1466 1191,1505 1116,1455 991,1490 718,1433 679,1462 428,1426"/>
                <Baseline points="432,1494 483,1496 534,1497 585,1500 637,1502 688,1505 739,1507 791,1510 842,1512 893,1514 945,1517 996,1519 1047,1521 1098,1523 1150,1525 1201,1527 1252,1529 1304,1530 1355,1532 1406,1532 1458,1533"/>
                <TextEquiv>
                    <Unicode>halb allezeit geztggftelt, dann sie das ruds</Unicode>
                </TextEquiv>
            </TextLine>
            <TextLine id="r2l13" custom="readingOrder {index:12;}">
                <Coords points="402,1604 545,1583 608,1605 710,1599 768,1634 896,1594 972,1622 976,1552 889,1510 804,1572 619,1541 587,1511 488,1524 408,1495"/>
                <Baseline points="411,1566 438,1568 466,1569 494,1571 522,1572 549,1574 577,1576 605,1577 633,1578 660,1580 688,1581 716,1583 744,1584 771,1586 799,1587 827,1589 855,1591 882,1592 910,1594 938,1595 966,1598"/>
                <TextEquiv>
                    <Unicode>Niemalen impfunden</Unicode>
                </TextEquiv>
            </TextLine>
            <TextLine id="r2l14" custom="readingOrder {index:13;}">
                <Coords points="413,1732 571,1705 606,1739 771,1694 923,1751 1000,1701 1052,1751 1125,1716 1181,1757 1225,1722 1298,1754 1482,1711 1483,1659 1252,1684 1156,1636 794,1650 706,1597 629,1654 486,1605 414,1625"/>
                <Baseline points="420,1704 472,1703 525,1701 578,1701 631,1701 683,1701 736,1701 789,1703 842,1704 894,1705 947,1706 1000,1707 1053,1709 1105,1709 1158,1709 1211,1709 1264,1709 1316,1709 1369,1707 1422,1704 1475,1703"/>
                <TextEquiv>
                    <Unicode>repticirrt. Weilen die schmezig sich also vo</Unicode>
                </TextEquiv>
            </TextLine>
            <TextLine id="r2l15" custom="readingOrder {index:14;}">
                <Coords points="413,1786 493,1818 586,1778 748,1780 783,1813 857,1773 956,1827 1162,1786 1281,1837 1377,1783 1456,1796 1456,1753 1368,1718 1298,1754 1219,1724 1183,1759 1125,1716 1067,1762 1002,1701 930,1753 804,1713 705,1763 571,1705 413,1740"/>
                <Baseline points="419,1782 470,1781 522,1779 573,1779 625,1779 676,1779 728,1781 779,1781 831,1782 882,1782 934,1784 985,1784 1037,1785 1088,1785 1140,1785 1191,1785 1243,1785 1294,1785 1346,1784 1397,1781 1449,1779"/>
                <TextEquiv>
                    <Unicode>mehrt, warumb sie nicht an des herren hubren</Unicode>
                </TextEquiv>
            </TextLine>
            <TextLine id="r2l16" custom="readingOrder {index:15;} person {offset:0; length:16;}">
                <Coords points="414,1909 632,1867 1033,1886 1300,1849 1343,1882 1476,1850 1475,1801 1375,1784 1278,1841 1158,1787 1069,1840 998,1816 876,1845 747,1779 668,1816 598,1779 552,1823 413,1802"/>
                <Baseline points="420,1863 472,1863 524,1862 577,1862 629,1862 682,1861 734,1860 787,1860 839,1860 892,1860 944,1860 996,1859 1049,1859 1101,1859 1154,1857 1206,1857 1259,1856 1311,1854 1364,1853 1416,1852 1469,1850"/>
                <TextEquiv>
                    <Unicode>Hanß Oder erwann an einem anderen hauß ar</Unicode>
                </TextEquiv>
            </TextLine>
            <TextLine id="r2l17" custom="readingOrder {index:16;}">
                <Coords points="413,1991 643,1941 812,1968 865,1941 989,1989 1055,1938 1163,1939 1244,1987 1428,1930 1427,1876 1372,1857 1279,1915 1152,1858 964,1914 890,1866 836,1911 767,1870 574,1926 479,1882 412,1907"/>
                <Baseline points="419,1946 469,1946 519,1946 569,1946 619,1944 669,1944 719,1944 769,1943 819,1943 869,1941 920,1940 970,1940 1020,1938 1070,1937 1120,1935 1170,1934 1220,1933 1270,1932 1320,1930 1370,1929 1421,1928"/>
                <TextEquiv>
                    <Unicode>bey einem unterem stübli angeklopfet undt</Unicode>
                </TextEquiv>
            </TextLine>
            <TextLine id="r2l18" custom="readingOrder {index:17;}">
                <Coords points="407,2076 587,2018 1287,2057 1346,2015 1491,2016 1490,1935 1245,1987 1196,1957 1138,1999 1063,1971 969,2001 894,1950 732,1956 656,2002 587,1946 513,2000 406,1997"/>
                <Baseline points="413,2019 466,2019 520,2019 573,2019 627,2019 680,2019 734,2019 787,2018 841,2018 894,2018 948,2018 1002,2016 1055,2016 1109,2015 1162,2014 1216,2013 1269,2012 1323,2010 1376,2007 1430,2006 1484,2003"/>
                <TextEquiv>
                    <Unicode>gemand umb hulff angereffen, welche niemand</Unicode>
                </TextEquiv>
            </TextLine>
            <TextLine id="r2l19" custom="readingOrder {index:18;}">
                <Coords points="410,2163 573,2100 760,2101 828,2151 927,2090 1308,2117 1441,2088 1334,2039 1232,2075 1165,2035 829,2045 742,2016 408,2074"/>
                <Baseline points="416,2103 466,2102 517,2100 568,2100 619,2100 670,2099 721,2099 771,2099 822,2099 873,2099 924,2099 975,2099 1026,2097 1077,2097 1127,2096 1178,2094 1229,2093 1280,2090 1331,2086 1382,2082 1433,2079"/>
                <TextEquiv>
                    <Unicode>ihre wurde versagt haben. Warumb sie um</Unicode>
                </TextEquiv>
            </TextLine>
            <TextLine id="r2l20" custom="readingOrder {index:19;}">
                <Coords points="404,2229 642,2168 1084,2223 1491,2183 1478,2071 1428,2118 1270,2093 1165,2134 1062,2089 914,2160 776,2105 731,2140 648,2096 469,2144 403,2118"/>
                <Baseline points="410,2177 463,2175 517,2175 571,2174 624,2174 678,2174 732,2172 785,2172 839,2172 893,2172 947,2172 1000,2171 1054,2171 1108,2170 1161,2169 1215,2168 1269,2166 1322,2163 1376,2162 1430,2160 1484,2156"/>
                <TextEquiv>
                    <Unicode>gegenheill eintig und hulffwaß hinder diesbi</Unicode>
                </TextEquiv>
            </TextLine>
            <TextLine id="r2l21" custom="readingOrder {index:20;}">
                <Coords points="402,2292 438,2306 520,2272 674,2308 767,2264 799,2279 852,2256 851,2192 782,2207 718,2174 666,2207 602,2194 558,2236 457,2209 426,2240 401,2227"/>
                <Baseline points="408,2259 433,2258 459,2256 485,2256 510,2255 536,2255 562,2253 587,2253 613,2253 639,2252 665,2252 690,2252 716,2252 742,2252 767,2252 793,2252 819,2253 845,2253"/>
                <TextEquiv>
                    <Unicode>seheren sich buhben.</Unicode>
                </TextEquiv>
            </TextLine>
            <TextLine id="r2l22" custom="readingOrder {index:21;}">
                <Coords points="404,2396 575,2367 1056,2400 1206,2357 1317,2400 1383,2345 1470,2383 1468,2289 1074,2315 966,2254 589,2355 485,2287 401,2292"/>
                <Baseline points="410,2372 462,2372 515,2370 567,2370 620,2369 673,2369 725,2367 778,2366 831,2365 883,2364 936,2363 989,2361 1041,2360 1094,2359 1147,2358 1199,2355 1252,2355 1305,2353 1357,2351 1410,2350 1463,2349"/>
                <TextEquiv>
                    <Unicode>. Der ang st und farcht stye, buy ihm so let</Unicode>
                </TextEquiv>
            </TextLine>
            <TextLine id="r2l23" custom="readingOrder {index:22;}">
                <Coords points="410,2498 493,2463 578,2500 713,2448 913,2473 1083,2428 1150,2473 1292,2423 1489,2435 1424,2348 1317,2400 1212,2371 899,2417 790,2375 726,2423 407,2397"/>
                <Baseline points="416,2451 469,2451 522,2450 575,2449 629,2448 682,2447 735,2445 788,2444 842,2441 895,2439 948,2438 1001,2435 1055,2433 1108,2430 1161,2428 1214,2426 1268,2423 1321,2421 1374,2418 1427,2417 1481,2414"/>
                <TextEquiv>
                    <Unicode>setzlich groß gewsen, daß sie sich niergend an,</Unicode>
                </TextEquiv>
            </TextLine>
            <TextLine id="r2l24" custom="readingOrder {index:23;}">
                <Coords points="393,2539 655,2560 989,2505 1150,2540 1436,2503 1450,2451 1280,2427 1151,2474 1094,2430 1064,2456 1013,2432 829,2493 638,2452 574,2505 508,2468 392,2516"/>
                <Baseline points="399,2532 451,2529 503,2526 555,2523 608,2522 660,2519 712,2516 765,2513 817,2511 869,2508 922,2506 974,2504 1026,2502 1078,2499 1131,2497 1183,2495 1235,2492 1288,2490 1340,2489 1392,2486 1445,2484"/>
                <TextEquiv>
                    <Unicode>melden dorffe und alsobald da sie zu denen</Unicode>
                </TextEquiv>
            </TextLine>
            <TextLine id="r2l25" custom="readingOrder {index:24;}">
                <Coords points="391,2657 504,2655 634,2594 927,2625 1170,2557 1430,2576 1462,2508 1363,2489 1097,2549 974,2510 868,2561 753,2522 598,2575 493,2526 385,2563"/>
                <Baseline points="395,2613 448,2609 501,2605 554,2601 607,2596 660,2593 713,2589 766,2586 819,2582 872,2579 926,2576 979,2574 1032,2571 1085,2567 1138,2565 1191,2561 1244,2558 1297,2556 1350,2552 1403,2549 1457,2546"/>
                <TextEquiv>
                    <Unicode>Sycharin ankommen, seye sie nach einnanderen</Unicode>
                </TextEquiv>
            </TextLine>
            <TextLine id="r2l26" custom="readingOrder {index:25;}">
                <Coords points="422,2680 740,2704 848,2659 1019,2690 1231,2645 1315,2689 1492,2646 1489,2594 1284,2557 1193,2564 1092,2637 781,2588 654,2652 421,2655"/>
                <Baseline points="428,2676 480,2675 533,2673 586,2672 639,2670 692,2669 744,2667 797,2664 850,2663 903,2661 956,2658 1008,2655 1061,2653 1114,2650 1167,2647 1220,2644 1272,2641 1325,2637 1378,2632 1431,2628 1484,2624"/>
                <TextEquiv>
                    <Unicode>woann umb funfft übernd eß kindrts genesen</Unicode>
                </TextEquiv>
            </TextLine>
            <TextLine id="r2l27" custom="readingOrder {index:26;}">
                <Coords points="402,2795 434,2805 483,2758 592,2772 668,2746 947,2785 1007,2738 1224,2715 1222,2651 1098,2659 1045,2704 997,2689 957,2718 885,2690 851,2725 681,2674 625,2725 539,2679 398,2692"/>
                <Baseline points="408,2757 448,2755 488,2751 529,2750 569,2748 610,2747 650,2746 691,2745 731,2744 772,2744 812,2742 852,2742 893,2741 933,2738 974,2737 1014,2734 1055,2732 1095,2729 1136,2723 1176,2718 1217,2712"/>
                <TextEquiv>
                    <Unicode>sitzund aufs einemssgehr, tritt</Unicode>
                </TextEquiv>
            </TextLine>
            <TextLine id="r2l28" custom="readingOrder {index:27;}">
                <Coords points="387,2897 838,2852 1082,2894 1125,2855 1410,2857 1488,2815 1445,2759 1290,2815 1218,2780 1053,2813 865,2762 718,2824 615,2758 519,2822 383,2815"/>
                <Baseline points="393,2880 447,2876 501,2872 556,2868 610,2866 665,2864 719,2862 773,2861 828,2859 882,2858 937,2858 991,2856 1045,2854 1100,2851 1154,2849 1209,2845 1263,2840 1317,2834 1372,2827 1426,2819 1481,2810"/>
                <TextEquiv>
                    <Unicode>z. als nun das kundt gebahren ware, ob sie</Unicode>
                </TextEquiv>
            </TextLine>
            <TextLine id="r2l29" custom="readingOrder {index:28;}">
                <Coords points="414,2980 500,3000 699,2941 991,2985 1048,2937 1321,2940 1451,2903 1484,2832 1304,2839 1160,2909 993,2858 930,2897 485,2869 411,2910"/>
                <Baseline points="419,2939 474,2936 530,2933 586,2931 641,2930 697,2930 753,2930 809,2930 864,2930 920,2928 976,2928 1032,2927 1087,2925 1143,2923 1199,2919 1255,2915 1310,2909 1366,2902 1422,2893 1478,2882"/>
                <TextEquiv>
                    <Unicode>es besehrt habe zu rahtsommen und wie sie dar</Unicode>
                </TextEquiv>
            </TextLine>
            <TextLine id="r2l30" custom="readingOrder {index:29;}">
                <Coords points="385,3024 469,3015 523,3055 611,3011 664,3010 740,3057 972,3006 971,2955 919,2974 879,2945 824,2985 790,2967 739,2988 632,2955 503,2999 457,2973 384,2991"/>
                <Baseline points="392,3015 420,3015 449,3015 477,3015 506,3015 535,3014 563,3012 592,3011 621,3010 649,3009 678,3008 707,3006 735,3006 764,3005 793,3005 821,3003 850,3003 879,3005 907,3005 936,3006 965,3008"/>
                <TextEquiv>
                    <Unicode>nit umbgegangnn seye.</Unicode>
                </TextEquiv>
            </TextLine>
            <TextLine id="r2l31" custom="readingOrder {index:30;}">
                <Coords points="391,3162 476,3112 811,3105 987,3151 1040,3095 1251,3082 1316,3132 1499,3048 1495,2978 1431,3017 1358,2980 1271,3029 1184,2998 1144,3040 923,3022 790,3056 611,3012 386,3077"/>
                <Baseline points="396,3122 450,3118 505,3114 560,3111 615,3110 670,3107 725,3105 779,3103 834,3101 889,3099 944,3097 999,3095 1054,3092 1109,3089 1163,3086 1218,3081 1273,3077 1328,3071 1383,3065 1438,3057 1493,3050"/>
                <TextEquiv>
                    <Unicode>e. Da sie das kindt zu talt gebracht, seyn </Unicode>
                </TextEquiv>
            </TextLine>
            <TextLine id="r2l32" custom="readingOrder {index:31;} place {offset:11; length:5;}">
                <Coords points="419,3265 522,3201 617,3243 680,3192 1021,3176 1098,3213 1181,3162 1235,3201 1321,3157 1381,3184 1488,3121 1369,3096 1315,3131 1256,3092 1125,3149 1042,3095 920,3161 773,3114 600,3171 556,3134 412,3159"/>
                <Baseline points="422,3209 477,3204 533,3199 589,3196 644,3192 700,3188 756,3185 812,3183 867,3180 923,3177 979,3173 1035,3170 1090,3167 1146,3163 1202,3159 1258,3153 1313,3149 1369,3142 1425,3135 1481,3128"/>
                <TextEquiv>
                    <Unicode>daselbs zu Baden auff dem hredb gefallen</Unicode>
                </TextEquiv>
            </TextLine>
            <TextLine id="r2l33" custom="readingOrder {index:32;}">
                <Coords points="404,3294 734,3303 997,3239 1189,3276 1477,3199 1473,3136 1310,3204 1203,3173 1147,3219 735,3194 642,3250 525,3203 401,3258"/>
                <Baseline points="411,3288 466,3282 522,3275 578,3270 633,3265 689,3261 745,3258 801,3255 856,3252 912,3249 968,3247 1024,3244 1079,3240 1135,3236 1191,3232 1247,3226 1302,3220 1358,3211 1414,3203 1470,3192"/>
                <TextEquiv>
                    <Unicode>Wald darauff habe sie solches auffgenommen und</Unicode>
                </TextEquiv>
            </TextLine>
            <TextLine id="r2l34" custom="readingOrder {index:33;}">
                <Coords points="409,3409 784,3334 936,3373 1207,3305 1263,3337 1444,3331 1425,3224 1229,3282 993,3241 919,3289 847,3253 687,3310 626,3278 447,3327 402,3307"/>
                <Baseline points="413,3363 464,3357 515,3350 566,3345 617,3341 668,3336 719,3332 770,3330 821,3327 872,3324 923,3322 974,3320 1025,3317 1076,3314 1127,3309 1178,3306 1229,3302 1280,3297 1331,3291 1382,3284 1433,3276"/>
                <TextEquiv>
                    <Unicode>gesehen, daß er alles hängen ließe und gleich</Unicode>
                </TextEquiv>
            </TextLine>
            <TextLine id="r2l35" custom="readingOrder {index:34;}">
                <Coords points="1252,3391 1273,3383 1288,3387 1300,3383 1320,3395 1340,3391 1369,3370 1397,3368 1392,3323 1381,3324 1356,3346 1345,3345 1340,3351 1330,3351 1296,3330 1280,3347 1247,3353"/>
                <Baseline points="1257,3378 1283,3376 1309,3373 1336,3368 1362,3366 1389,3366"/>
                <TextEquiv>
                    <Unicode>aii</Unicode>
                </TextEquiv>
            </TextLine>
            <TextEquiv>
                <Unicode>A. ob sie nicht albrreit bey hauß oder undervagt
gebutd schmezeng eine fundern habe.
B. Sie habe zu Hauß ein klind bauchgrimen
gehabt. Undertard habe sie auch von zeit zu
seit einihe schmetzen gestehet, da sie zu
des herren zubring hauß kommen, steyen selbige
stärker ankomin uund weilen die tuhr verd
schlaßin gebar seg, seye sie hinter die spychern
in der angst gegangen. Moriffelte abe alle,
ezeit, daß solches gebuhrts ischmertzen wärind,
eintenalen, wie gedacht, sie die schwangerschafft
halb allezeit geztggftelt, dann sie das ruds
Niemalen impfunden
repticirrt. Weilen die schmezig sich also vo
mehrt, warumb sie nicht an des herren hubren
Hanß Oder erwann an einem anderen hauß ar
bey einem unterem stübli angeklopfet undt
gemand umb hulff angereffen, welche niemand
ihre wurde versagt haben. Warumb sie um
gegenheill eintig und hulffwaß hinder diesbi
seheren sich buhben.
. Der ang st und farcht stye, buy ihm so let
setzlich groß gewsen, daß sie sich niergend an,
melden dorffe und alsobald da sie zu denen
Sycharin ankommen, seye sie nach einnanderen
woann umb funfft übernd eß kindrts genesen
sitzund aufs einemssgehr, tritt
z. als nun das kundt gebahren ware, ob sie
es besehrt habe zu rahtsommen und wie sie dar
nit umbgegangnn seye.
e. Da sie das kindt zu talt gebracht, seyn 
daselbs zu Baden auff dem hredb gefallen
Wald darauff habe sie solches auffgenommen und
gesehen, daß er alles hängen ließe und gleich
aii</Unicode>
            </TextEquiv>
        </TextRegion>
        <TextRegion orientation="0.0" type="paragraph" id="r3" custom="readingOrder {index:1;} structure {type:paragraph;}">
            <Coords points="1634,506 1634,3357 2714,3357 2714,506"/>
            <TextLine id="r3l1" custom="readingOrder {index:0;}">
                <Coords points="2551,583 2569,586 2576,579 2583,582 2594,578 2619,594 2643,599 2646,492 2603,498 2575,480 2554,482"/>
                <Baseline points="2559,545 2585,545 2611,545 2637,548"/>
                <TextEquiv>
                    <Unicode>153.</Unicode>
                </TextEquiv>
            </TextLine>
            <TextLine id="r3l2" custom="readingOrder {index:1;}">
                <Coords points="1654,682 1842,662 1894,712 1966,665 2258,660 2423,728 2497,684 2590,712 2609,638 2502,576 2433,616 2180,562 1656,624"/>
                <Baseline points="1661,669 1710,661 1759,656 1809,651 1858,648 1908,647 1957,647 2006,648 2056,650 2105,652 2155,656 2204,659 2254,664 2303,669 2352,673 2402,678 2451,682 2501,686 2550,690 2600,693"/>
                <TextEquiv>
                    <Unicode>seinem kumplig ware, und srin zihin daß</Unicode>
                </TextEquiv>
            </TextLine>
            <TextLine id="r3l3" custom="readingOrder {index:2;}">
                <Coords points="1633,775 1913,744 1976,790 2137,741 2275,788 2397,762 2653,790 2654,754 2498,683 2423,729 2174,666 2115,702 1926,684 1888,714 1812,661 1637,678"/>
                <Baseline points="1641,756 1691,749 1741,743 1791,738 1842,735 1892,734 1942,732 1992,734 2043,735 2093,737 2143,739 2193,743 2244,747 2294,751 2344,755 2394,759 2445,763 2495,768 2545,771 2595,776 2646,777"/>
                <TextEquiv>
                    <Unicode>Lebens von sich gabe, dess worgen sie daßßelbe</Unicode>
                </TextEquiv>
            </TextLine>
            <TextLine id="r3l4" custom="readingOrder {index:3;}">
                <Coords points="1654,841 2003,815 2133,862 2196,838 2254,878 2440,851 2545,896 2631,866 2635,789 2498,804 2395,763 2289,810 2172,744 1985,795 1922,755 1658,764"/>
                <Baseline points="1662,827 1710,822 1758,818 1806,815 1854,813 1902,812 1950,813 1999,814 2047,815 2095,817 2143,820 2191,823 2239,828 2287,831 2336,835 2384,840 2432,843 2480,848 2528,850 2576,854 2625,857"/>
                <TextEquiv>
                    <Unicode>und es daselbstigen Eyiher gelegt und mit hde</Unicode>
                </TextEquiv>
            </TextLine>
            <TextLine id="r3l5" custom="readingOrder {index:4;}">
                <Coords points="1649,919 2009,901 2129,915 2218,972 2327,928 2437,980 2511,947 2649,957 2653,894 2543,912 2370,857 2253,885 2092,831 1943,881 1829,829 1653,839"/>
                <Baseline points="1656,914 1705,908 1754,903 1804,900 1853,899 1902,899 1952,900 2001,902 2050,904 2100,908 2149,911 2198,916 2248,920 2297,924 2346,928 2396,932 2445,936 2494,939 2544,942 2593,944 2643,944"/>
                <TextEquiv>
                    <Unicode>mit stand bestreuket und zugedeckt, auch nachterte</Unicode>
                </TextEquiv>
            </TextLine>
            <TextLine id="r3l6" custom="readingOrder {index:5;}">
                <Coords points="1651,1003 1735,991 1791,1032 1961,980 2107,1016 2156,984 2267,1061 2367,1010 2467,1066 2561,1022 2657,1057 2660,987 2626,967 2577,999 2497,961 2422,995 2326,927 2221,971 2010,902 1655,929"/>
                <Baseline points="1658,996 1707,990 1757,985 1807,981 1856,979 1906,978 1956,978 2005,980 2055,982 2105,984 2155,988 2204,991 2254,995 2304,999 2353,1004 2403,1009 2453,1013 2502,1016 2552,1019 2602,1023 2652,1025"/>
                <TextEquiv>
                    <Unicode>abbruchn oben darauf gelagt habe. Im nbegen</Unicode>
                </TextEquiv>
            </TextLine>
            <TextLine id="r3l7" custom="readingOrder {index:6;}">
                <Coords points="1654,1087 1762,1111 1832,1064 1868,1092 2015,1072 2067,1108 2238,1085 2530,1134 2656,1113 2658,1069 2565,1036 2480,1083 2395,1027 2198,1065 1961,979 1791,1032 1657,1018"/>
                <Baseline points="1661,1082 1710,1076 1759,1071 1809,1067 1858,1065 1908,1065 1957,1067 2006,1069 2056,1071 2105,1074 2155,1079 2204,1082 2253,1086 2303,1091 2352,1094 2402,1097 2451,1100 2500,1103 2550,1104 2599,1104 2649,1103"/>
                <TextEquiv>
                    <Unicode>könne sie mit gutem getanß en betheuren, daß sie</Unicode>
                </TextEquiv>
            </TextLine>
            <TextLine id="r3l8" custom="readingOrder {index:7;}">
                <Coords points="1654,1165 1772,1189 1911,1160 1982,1208 2082,1148 2231,1193 2297,1170 2346,1211 2377,1187 2430,1231 2498,1189 2600,1230 2655,1215 2660,1116 2547,1148 2431,1104 2357,1131 2159,1092 2079,1125 2015,1072 1778,1115 1658,1085"/>
                <Baseline points="1661,1155 1710,1152 1759,1148 1809,1148 1858,1146 1908,1146 1957,1148 2006,1149 2056,1151 2105,1154 2155,1157 2204,1161 2253,1164 2303,1168 2352,1173 2402,1178 2451,1181 2500,1185 2550,1189 2599,1191 2649,1194"/>
                <TextEquiv>
                    <Unicode>seine gbaltachtige land an das kindt gestzt,</Unicode>
                </TextEquiv>
            </TextLine>
            <TextLine id="r3l9" custom="readingOrder {index:8;}">
                <Coords points="1652,1242 1757,1260 1902,1226 2165,1276 2211,1237 2367,1291 2627,1273 2650,1241 2527,1206 2432,1235 2261,1178 2206,1216 2083,1150 1978,1209 1909,1159 1780,1195 1654,1178"/>
                <Baseline points="1658,1236 1707,1232 1756,1229 1805,1227 1854,1226 1904,1224 1953,1226 2002,1226 2051,1229 2100,1231 2150,1233 2199,1237 2248,1240 2297,1243 2346,1247 2396,1251 2445,1255 2494,1258 2543,1261 2592,1263 2642,1266"/>
                <TextEquiv>
                    <Unicode>mann werde, auch deßßen kein zeichen auf seinem</Unicode>
                </TextEquiv>
            </TextLine>
            <TextLine id="r3l10" custom="readingOrder {index:9;}">
                <Coords points="1628,1336 1955,1311 2100,1356 2200,1327 2260,1379 2406,1336 2463,1381 2500,1348 2532,1374 2622,1351 2625,1278 2536,1307 2471,1264 2280,1304 2196,1251 2043,1273 1952,1231 1877,1261 1631,1251"/>
                <Baseline points="1635,1323 1684,1317 1733,1314 1782,1311 1831,1310 1880,1308 1929,1308 1978,1310 2027,1311 2076,1313 2125,1316 2174,1319 2223,1323 2272,1326 2321,1329 2370,1333 2419,1337 2468,1339 2517,1342 2566,1344 2615,1347"/>
                <TextEquiv>
                    <Unicode>keblin antreffen, hatte auch selbiges nicht</Unicode>
                </TextEquiv>
            </TextLine>
            <TextLine id="r3l11" custom="readingOrder {index:10;}">
                <Coords points="1652,1407 1735,1392 1816,1434 1863,1392 2162,1394 2254,1457 2347,1411 2446,1417 2535,1475 2622,1446 2623,1400 2507,1348 2389,1388 2344,1342 2242,1382 2141,1345 2056,1371 1954,1312 1883,1343 1811,1311 1655,1325"/>
                <Baseline points="1659,1395 1706,1392 1754,1389 1802,1388 1850,1387 1898,1386 1946,1386 1993,1388 2041,1389 2089,1390 2137,1392 2185,1395 2233,1398 2281,1401 2328,1404 2376,1408 2424,1411 2472,1415 2520,1419 2568,1423 2616,1427"/>
                <TextEquiv>
                    <Unicode>beseits gelegt, wenn sie einiher lebent, zeichen</Unicode>
                </TextEquiv>
            </TextLine>
            <TextLine id="r3l12" custom="readingOrder {index:11;}">
                <Coords points="1655,1489 1712,1535 1780,1504 1818,1514 1880,1473 1922,1504 1983,1474 2021,1499 2051,1485 2093,1523 2165,1480 2200,1491 2199,1406 2101,1457 2018,1389 1899,1451 1847,1404 1814,1434 1751,1415 1714,1450 1655,1418"/>
                <Baseline points="1661,1478 1687,1476 1714,1474 1740,1473 1767,1471 1793,1470 1820,1469 1846,1469 1873,1468 1899,1467 1926,1467 1953,1467 1979,1467 2006,1469 2032,1469 2059,1470 2085,1471 2112,1472 2138,1474 2165,1475 2192,1476"/>
                <TextEquiv>
                    <Unicode>vn Ihme verspurt hatte</Unicode>
                </TextEquiv>
            </TextLine>
            <TextLine id="r3l13" custom="readingOrder {index:12;}">
                <Coords points="1626,1630 1732,1590 1886,1588 1928,1620 2038,1581 2139,1614 2272,1596 2373,1640 2431,1616 2483,1655 2548,1623 2627,1640 2630,1573 2237,1518 2166,1540 2052,1493 1852,1543 1823,1515 1743,1555 1682,1513 1630,1544"/>
                <Baseline points="1634,1602 1683,1595 1732,1589 1782,1585 1831,1581 1880,1580 1930,1580 1979,1580 2028,1580 2078,1583 2127,1585 2176,1588 2226,1592 2275,1597 2324,1601 2374,1605 2423,1609 2472,1614 2522,1619 2571,1623 2621,1626"/>
                <TextEquiv>
                    <Unicode>A: ob sie während ihrer kindt underkunfft vie.</Unicode>
                </TextEquiv>
            </TextLine>
            <TextLine id="r3l14" custom="readingOrder {index:13;}">
                <Coords points="1645,1674 1834,1664 1872,1694 1986,1665 2035,1710 2273,1674 2478,1730 2599,1700 2601,1661 2481,1656 2429,1615 2373,1640 2285,1613 2231,1656 2135,1624 1964,1647 1886,1588 1647,1631"/>
                <Baseline points="1652,1670 1699,1665 1746,1663 1793,1661 1840,1660 1887,1659 1934,1659 1981,1661 2028,1662 2075,1664 2122,1667 2169,1670 2216,1673 2263,1677 2310,1679 2357,1683 2404,1687 2451,1690 2498,1694 2545,1697 2592,1700"/>
                <TextEquiv>
                    <Unicode>mand dort herumb gesehnen und geshüet habe</Unicode>
                </TextEquiv>
            </TextLine>
            <TextLine id="r3l15" custom="readingOrder {index:14;}">
                <Coords points="1654,1787 1711,1757 1989,1794 2084,1756 2291,1761 2345,1805 2380,1773 2637,1796 2637,1723 2585,1704 2371,1732 2306,1678 2208,1732 1993,1691 1908,1731 1831,1683 1744,1724 1655,1672"/>
                <Baseline points="1661,1761 1709,1760 1757,1758 1806,1758 1854,1757 1903,1757 1951,1756 2000,1755 2048,1755 2097,1755 2145,1756 2193,1757 2242,1757 2290,1758 2339,1760 2387,1761 2436,1763 2484,1766 2533,1767 2581,1771 2630,1773"/>
                <TextEquiv>
                    <Unicode>H nein, sie sehr niemandt gemahr woorden.</Unicode>
                </TextEquiv>
            </TextLine>
            <TextLine id="r3l16" custom="readingOrder {index:15;}">
                <Coords points="1663,1844 1876,1850 1934,1893 2137,1836 2225,1875 2296,1840 2522,1888 2628,1852 2628,1812 2557,1774 2428,1812 2274,1761 2145,1804 2089,1759 1946,1807 1884,1764 1663,1787"/>
                <Baseline points="1670,1839 1717,1838 1765,1836 1812,1836 1860,1835 1907,1835 1955,1835 2002,1835 2050,1835 2097,1836 2145,1836 2193,1836 2240,1836 2288,1836 2335,1838 2383,1838 2430,1838 2478,1838 2525,1838 2573,1838 2621,1838"/>
                <TextEquiv>
                    <Unicode>wahrend des geburt, Nachdeme sie aber dar</Unicode>
                </TextEquiv>
            </TextLine>
            <TextLine id="r3l17" custom="readingOrder {index:16;}">
                <Coords points="1652,1929 2088,1920 2196,1961 2294,1921 2394,1978 2476,1929 2632,1920 2632,1893 2263,1844 2221,1880 2110,1846 1960,1902 1867,1860 1652,1850"/>
                <Baseline points="1659,1920 1707,1919 1755,1917 1803,1917 1852,1917 1900,1917 1948,1917 1997,1917 2045,1919 2093,1919 2142,1920 2190,1920 2238,1922 2286,1922 2335,1922 2383,1923 2431,1922 2480,1922 2528,1921 2576,1919 2625,1917"/>
                <TextEquiv>
                    <Unicode>Rindr albereit beiseits gesetzt hatte, sage ein</Unicode>
                </TextEquiv>
            </TextLine>
            <TextLine id="r3l18" custom="readingOrder {index:17;} person {offset:0; length:7;}">
                <Coords points="1657,2038 1826,2004 1986,2046 2069,1998 2159,2059 2218,2018 2295,2055 2404,2011 2571,2052 2649,2036 2650,1959 2600,1982 2477,1929 2389,1985 2325,1937 2235,1983 2087,1919 1793,1927 1752,1959 1658,1927"/>
                <Baseline points="1664,2003 1712,2000 1761,1998 1810,1997 1859,1997 1908,1997 1957,1997 2006,1998 2055,1998 2104,2000 2153,2001 2201,2002 2250,2003 2299,2004 2348,2004 2397,2004 2446,2004 2495,2004 2544,2003 2593,2000 2642,1997"/>
                <TextEquiv>
                    <Unicode>Franzaß dort hinde nach geshatziert, der sie auch</Unicode>
                </TextEquiv>
            </TextLine>
            <TextLine id="r3l19" custom="readingOrder {index:18;}">
                <Coords points="1654,2129 1674,2132 1687,2117 1697,2121 1709,2112 1733,2124 1742,2113 1748,2117 1754,2110 1775,2107 1789,2114 1800,2101 1811,2099 1808,2058 1781,2061 1754,2041 1739,2045 1718,2031 1707,2039 1701,2035 1683,2049 1648,2043"/>
                <Baseline points="1658,2102 1687,2089 1716,2084 1745,2086 1774,2087 1803,2085"/>
                <TextEquiv>
                    <Unicode>gesehen.</Unicode>
                </TextEquiv>
            </TextLine>
            <TextLine id="r3l20" custom="readingOrder {index:19;}">
                <Coords points="1650,2213 1862,2202 1902,2234 1976,2193 2042,2247 2197,2195 2417,2200 2580,2251 2643,2231 2644,2147 2397,2107 2239,2151 2103,2116 2026,2180 1919,2131 1763,2156 1650,2125"/>
                <Baseline points="1656,2198 1705,2196 1754,2196 1803,2195 1852,2195 1901,2195 1950,2195 1999,2195 2048,2195 2097,2195 2146,2196 2195,2196 2244,2198 2293,2198 2342,2198 2391,2199 2440,2199 2489,2201 2538,2202 2587,2202 2637,2204"/>
                <TextEquiv>
                    <Unicode>e. Wann sie nicht hand an das kinder gelegt,</Unicode>
                </TextEquiv>
            </TextLine>
            <TextLine id="r3l21" custom="readingOrder {index:20;}">
                <Coords points="1655,2293 1761,2273 1883,2306 1990,2277 2031,2303 2093,2277 2152,2324 2199,2280 2385,2267 2510,2318 2610,2297 2610,2245 2443,2204 2292,2197 2254,2232 2151,2204 2093,2255 1871,2214 1791,2264 1694,2207 1655,2227"/>
                <Baseline points="1662,2274 1709,2274 1756,2274 1803,2274 1850,2274 1897,2274 1944,2273 1991,2273 2038,2273 2085,2273 2133,2273 2180,2273 2227,2273 2274,2273 2321,2273 2368,2273 2415,2273 2462,2273 2509,2274 2556,2274 2604,2274"/>
                <TextEquiv>
                    <Unicode>Warumb sie int entlonders das kundt ihres</Unicode>
                </TextEquiv>
            </TextLine>
            <TextLine id="r3l22" custom="readingOrder {index:21;}">
                <Coords points="1649,2358 1823,2355 1909,2407 1970,2356 2245,2344 2386,2405 2655,2345 2674,2280 2607,2327 2508,2329 2335,2274 2199,2280 2149,2329 2061,2282 1973,2334 1845,2281 1649,2299"/>
                <Baseline points="1656,2346 1706,2346 1757,2348 1807,2348 1858,2348 1908,2349 1959,2349 2009,2349 2060,2349 2110,2349 2161,2349 2212,2349 2262,2349 2313,2349 2363,2348 2414,2348 2464,2346 2515,2345 2565,2343 2616,2342 2667,2340"/>
                <TextEquiv>
                    <Unicode>mäiter ader gemandem anders zugebracht und</Unicode>
                </TextEquiv>
            </TextLine>
            <TextLine id="r3l23" custom="readingOrder {index:22;}">
                <Coords points="1667,2448 1750,2417 1895,2469 1964,2421 2033,2470 2082,2432 2258,2421 2473,2471 2558,2425 2682,2438 2681,2390 2587,2344 2386,2405 2241,2344 2167,2387 2114,2351 1955,2366 1907,2410 1667,2348"/>
                <Baseline points="1674,2421 1724,2423 1774,2423 1824,2423 1874,2424 1924,2424 1974,2423 2024,2423 2074,2423 2124,2423 2174,2421 2224,2421 2274,2421 2324,2420 2374,2420 2424,2420 2474,2420 2524,2420 2574,2420 2624,2420 2675,2420"/>
                <TextEquiv>
                    <Unicode>das jenge, so sich diß orts mit ihre zugetragen,</Unicode>
                </TextEquiv>
            </TextLine>
            <TextLine id="r3l24" custom="readingOrder {index:23;}">
                <Coords points="1666,2551 1777,2504 1820,2524 1888,2507 1938,2536 2048,2500 2085,2508 2084,2480 2035,2486 2014,2471 1964,2488 1916,2462 1895,2470 1861,2440 1836,2464 1793,2445 1741,2486 1696,2458 1666,2473"/>
                <Baseline points="1673,2501 1698,2501 1723,2502 1748,2502 1774,2502 1799,2502 1824,2504 1850,2504 1875,2504 1900,2504 1926,2504 1951,2502 1976,2502 2002,2501 2027,2500 2052,2499 2078,2496"/>
                <TextEquiv>
                    <Unicode>Geoffenbaret habe.</Unicode>
                </TextEquiv>
            </TextLine>
            <TextLine id="r3l25" custom="readingOrder {index:24;}">
                <Coords points="1665,2622 1755,2609 1838,2664 1929,2612 2020,2652 2172,2598 2347,2630 2452,2583 2667,2573 2665,2534 2546,2489 2284,2521 2233,2494 1997,2584 1894,2511 1662,2558"/>
                <Baseline points="1671,2598 1720,2601 1769,2603 1819,2604 1868,2604 1918,2604 1967,2603 2017,2602 2066,2600 2116,2598 2165,2596 2214,2594 2264,2591 2313,2588 2363,2585 2412,2582 2462,2579 2511,2577 2561,2575 2610,2573 2660,2571"/>
                <TextEquiv>
                    <Unicode>e. Da sie in ihres mluter lorament kommen</Unicode>
                </TextEquiv>
            </TextLine>
            <TextLine id="r3l26" custom="readingOrder {index:25;}">
                <Coords points="1682,2705 2064,2685 2186,2735 2354,2681 2402,2715 2536,2660 2683,2654 2693,2593 2606,2617 2482,2579 2425,2626 2159,2611 2022,2651 1935,2613 1837,2670 1789,2631 1679,2633"/>
                <Baseline points="1688,2678 1738,2681 1788,2682 1838,2684 1888,2685 1938,2685 1988,2685 2038,2685 2088,2684 2138,2682 2188,2680 2238,2678 2288,2676 2338,2672 2388,2669 2438,2665 2488,2661 2538,2658 2588,2653 2638,2648 2688,2643"/>
                <TextEquiv>
                    <Unicode>habe sie niemand als ihr kindt angetraffen und</Unicode>
                </TextEquiv>
            </TextLine>
            <TextLine id="r3l27" custom="readingOrder {index:26;}">
                <Coords points="1680,2782 1730,2758 1808,2795 1880,2754 2109,2804 2189,2758 2382,2790 2449,2740 2658,2740 2657,2702 2534,2661 2434,2720 2352,2683 2124,2742 2022,2687 1678,2710"/>
                <Baseline points="1686,2748 1734,2750 1782,2754 1830,2756 1879,2757 1927,2757 1975,2759 2023,2759 2072,2757 2120,2757 2168,2756 2216,2754 2265,2752 2313,2750 2361,2746 2409,2744 2458,2741 2506,2736 2554,2733 2602,2729 2651,2724"/>
                <TextEquiv>
                    <Unicode>ware ihre muterd nicht beyhauß Anderen</Unicode>
                </TextEquiv>
            </TextLine>
            <TextLine id="r3l28" custom="readingOrder {index:27;}">
                <Coords points="1661,2861 1743,2882 1787,2847 1878,2874 1924,2839 2067,2862 2132,2835 2306,2876 2409,2819 2598,2822 2596,2760 2452,2737 2357,2805 2168,2819 2047,2769 1902,2781 1864,2814 1740,2761 1659,2779"/>
                <Baseline points="1667,2822 1713,2826 1759,2829 1805,2831 1851,2833 1898,2835 1944,2835 1990,2835 2036,2835 2082,2835 2129,2834 2175,2833 2221,2832 2267,2830 2313,2828 2360,2824 2406,2822 2452,2819 2498,2815 2544,2811 2591,2808"/>
                <TextEquiv>
                    <Unicode>personen habe sie er nit anzeigen dörffen</Unicode>
                </TextEquiv>
            </TextLine>
            <TextLine id="r3l29" custom="readingOrder {index:28;}">
                <Coords points="1676,2928 2094,2955 2166,2920 2243,2951 2337,2904 2701,2899 2699,2836 2625,2861 2552,2817 2417,2823 2307,2875 2011,2841 1922,2893 1785,2847 1675,2886"/>
                <Baseline points="1682,2901 1732,2906 1783,2909 1833,2911 1884,2913 1934,2915 1985,2916 2035,2916 2086,2915 2136,2915 2187,2913 2238,2910 2288,2909 2339,2906 2389,2903 2440,2900 2490,2896 2541,2892 2591,2889 2642,2885 2693,2880"/>
                <TextEquiv>
                    <Unicode>bald darauff habe sie in ihre muter torament</Unicode>
                </TextEquiv>
            </TextLine>
            <TextLine id="r3l30" custom="readingOrder {index:29;}">
                <Coords points="1688,2998 1882,3031 1981,2992 2184,3022 2416,2972 2721,2991 2720,2944 2624,2887 2069,2966 1840,2917 1687,2942"/>
                <Baseline points="1694,2966 1745,2974 1796,2980 1847,2985 1898,2987 1949,2989 2000,2990 2051,2990 2102,2988 2153,2987 2204,2985 2255,2982 2306,2979 2357,2977 2408,2973 2459,2970 2510,2968 2561,2967 2612,2964 2663,2964 2714,2964"/>
                <TextEquiv>
                    <Unicode>ein hend genommen, vorhabend das Kindling darinn</Unicode>
                </TextEquiv>
            </TextLine>
            <TextLine id="r3l31" custom="readingOrder {index:30;}">
                <Coords points="1679,3088 1904,3074 2004,3122 2061,3072 2224,3097 2305,3055 2397,3093 2547,3039 2596,3080 2668,3053 2667,2999 2508,2984 2445,3030 2348,2986 2247,3043 2142,3014 2086,3052 1983,2992 1917,3035 1677,3005"/>
                <Baseline points="1685,3051 1733,3057 1782,3061 1831,3065 1880,3067 1929,3069 1977,3071 2026,3071 2075,3069 2124,3068 2173,3066 2221,3065 2270,3062 2319,3060 2368,3057 2417,3054 2465,3051 2514,3047 2563,3045 2612,3042 2661,3039"/>
                <TextEquiv>
                    <Unicode>zu Hoben, da sie aber auff die gaßen gegen</Unicode>
                </TextEquiv>
            </TextLine>
            <TextLine id="r3l32" custom="readingOrder {index:31;}">
                <Coords points="1684,3137 1872,3189 1927,3146 1995,3177 2348,3136 2457,3173 2715,3099 2713,3059 2667,3049 2531,3101 2287,3067 2165,3122 2072,3072 1996,3124 1896,3077 1811,3111 1719,3068 1682,3087"/>
                <Baseline points="1691,3131 1741,3136 1792,3141 1843,3144 1894,3147 1945,3149 1996,3149 2046,3149 2097,3147 2148,3144 2199,3143 2250,3139 2301,3136 2352,3131 2402,3126 2453,3122 2504,3117 2555,3113 2606,3108 2657,3103 2708,3098"/>
                <TextEquiv>
                    <Unicode>denen pfacherenn kommen, seye die sach schong bekann</Unicode>
                </TextEquiv>
            </TextLine>
            <TextLine id="r3l33" custom="readingOrder {index:32;}">
                <Coords points="1685,3219 1968,3244 2092,3218 2220,3252 2283,3216 2397,3253 2447,3211 2521,3233 2599,3181 2689,3182 2687,3122 2644,3104 2456,3176 2352,3138 1996,3177 1926,3147 1875,3191 1682,3139"/>
                <Baseline points="1691,3201 1740,3207 1790,3212 1839,3216 1889,3219 1938,3222 1988,3223 2037,3224 2087,3224 2136,3222 2186,3219 2236,3217 2285,3213 2335,3209 2384,3205 2434,3199 2483,3194 2533,3187 2582,3181 2632,3174 2682,3167"/>
                <TextEquiv>
                    <Unicode>und viel Voliks dart herumb gelesen, so daß</Unicode>
                </TextEquiv>
            </TextLine>
            <TextLine id="r3l34" custom="readingOrder {index:33;}">
                <Coords points="1677,3300 1759,3283 1847,3330 1962,3338 2001,3315 2068,3349 2313,3315 2314,3218 2220,3251 2186,3227 2158,3249 2131,3232 1954,3250 1849,3219 1800,3254 1731,3209 1678,3225"/>
                <Baseline points="1685,3282 1716,3284 1747,3285 1778,3285 1809,3287 1840,3289 1871,3290 1902,3291 1933,3293 1964,3294 1995,3294 2026,3296 2057,3296 2088,3296 2119,3296 2150,3296 2181,3294 2212,3293 2243,3291 2274,3288 2306,3285"/>
                <TextEquiv>
                    <Unicode>Sie nit hinzu nahren dörffen</Unicode>
                </TextEquiv>
            </TextLine>
            <TextLine id="r3l35" custom="readingOrder {index:34;}">
                <Coords points="2465,3373 2482,3365 2490,3369 2510,3367 2526,3351 2533,3355 2551,3342 2575,3341 2568,3271 2557,3273 2536,3261 2518,3258 2511,3259 2478,3295 2456,3285"/>
                <Baseline points="2468,3338 2501,3335 2534,3331 2567,3329"/>
                <TextEquiv>
                    <Unicode>A:</Unicode>
                </TextEquiv>
            </TextLine>
            <TextEquiv>
                <Unicode>153.
seinem kumplig ware, und srin zihin daß
Lebens von sich gabe, dess worgen sie daßßelbe
und es daselbstigen Eyiher gelegt und mit hde
mit stand bestreuket und zugedeckt, auch nachterte
abbruchn oben darauf gelagt habe. Im nbegen
könne sie mit gutem getanß en betheuren, daß sie
seine gbaltachtige land an das kindt gestzt,
mann werde, auch deßßen kein zeichen auf seinem
keblin antreffen, hatte auch selbiges nicht
beseits gelegt, wenn sie einiher lebent, zeichen
vn Ihme verspurt hatte
A: ob sie während ihrer kindt underkunfft vie.
mand dort herumb gesehnen und geshüet habe
H nein, sie sehr niemandt gemahr woorden.
wahrend des geburt, Nachdeme sie aber dar
Rindr albereit beiseits gesetzt hatte, sage ein
Franzaß dort hinde nach geshatziert, der sie auch
gesehen.
e. Wann sie nicht hand an das kinder gelegt,
Warumb sie int entlonders das kundt ihres
mäiter ader gemandem anders zugebracht und
das jenge, so sich diß orts mit ihre zugetragen,
Geoffenbaret habe.
e. Da sie in ihres mluter lorament kommen
habe sie niemand als ihr kindt angetraffen und
ware ihre muterd nicht beyhauß Anderen
personen habe sie er nit anzeigen dörffen
bald darauff habe sie in ihre muter torament
ein hend genommen, vorhabend das Kindling darinn
zu Hoben, da sie aber auff die gaßen gegen
denen pfacherenn kommen, seye die sach schong bekann
und viel Voliks dart herumb gelesen, so daß
Sie nit hinzu nahren dörffen
A:</Unicode>
            </TextEquiv>
        </TextRegion>
    </Page>
</PcGts>
