3024 4032
351 454 1480 634 Aldhaas den 27 7elartii 1224.
449 578 1485 727 Ist ob anshrieben Pfahrr Laußelehr de
456 672 1483 815 gelartenen weybels zu Annß Cviminct, s
451 753 1436 895 cdus samb allen diß orts auff genommenen
435 829 1468 997 informationen uol meinen gnädigen herren
467 919 1460 1057 und Oberen rächt und oürgre ablesend
453 993 1466 1128 angehart und nach regklicher erwrgung bey
459 1070 1478 1204 fydan darüber abgesprochen mit erkennt
450 1146 694 1271 worden.
881 1162 1471 1300 Daß zbed auß gnaden
719 1216 792 1282 3
447 1238 1481 1379 ihme Lanßelet an dem leben verschonet
450 1309 1496 1454 Dennach aber derselbe zu Wolverdienten strag
453 1406 1477 1541 und imer und seine gantze lebens,zeit in dem
445 1478 1484 1610 so genamntin  itlinger, ihnen bey dem obe
432 1551 1493 1688 eeen spittahl allhro eingesprocht und daselbsten
246 1622 1508 1767 inderlahrungzenaut und wol verwahrt gehahten, seine reldte
432 1706 1471 1837 so nach abführung deßen ereditoren übrig
440 1775 1495 1917 bleiber, zu oberkeiten  handeg conferqirt.
446 1859 1454 1982 und uursamm underhalt vnwendt und also
435 1939 1434 2066 selbiges darauß Gering alimrentiert und
252 2017 423 2132 ezagen
460 2006 1066 2144 verpflegt werden sollen.
419 2119 1190 2271 uh an vlehen znsachte.
1368 2136 1465 2236 Sie
414 2187 1465 2347 deß obigen dahin err undtlich zu benachrichten
435 2284 1439 2420 und ihnen auff zutragen sich zwekundigen
436 2358 1465 2462 Worunnen Anzagene sein lanß elrts fruchtbar
432 2421 1463 2547 vo dierende vlitteh bestehind und folglich die
718 2497 879 2553 anstalt
437 2494 1473 2641 wohzerlishen eauch zu verfungen, daß daselben
406 2563 1438 2714 zu schanden daß überkeiten) Forie erhabt und
428 2654 1478 2780 glaafen3 und obrrs wnteill vollzagen woden.
456 2731 899 2856 ir erhebt wordind.
