3024 4032
358 533 1389 720 zu erkundigen, ob das Rabel kind abgeschilten
375 613 1401 774 oder von einnanderen zerrisß in seyn möchte?
370 725 1394 879 Wie Lang dieselbe nabelschuud sich abgelassen
382 796 1394 957 befunden und ob solche der natur, daß sie
397 878 1406 1050 an dem oot, allter selbe entztaey gewarsen, durch
393 959 1427 1133 den fahl lsiy des grisst hatt Entshain leiden
401 1069 1428 1215 könen t Und also auff diese wrise hernach
402 1117 1426 1287 Die fragstuck nach erhenschendes nehturfft bey
398 1208 1178 1351 dem cocamines einzurichten.
1179 1237 1444 1355 Nug diesen
415 1295 1450 1451 allein zu folg habe nd Ulehuthli die ocaminatren
401 1381 1426 1485 Nach dernamsete persowe dod sich bescheiden und
408 1463 1409 1596 beides von ihnen und denene heeren datoren
418 1545 1431 1672 und Arrnegis Nachstehende information
425 1623 1456 1763 und bericht eingeholt und folglich darüberhin
405 1706 1458 1840 das cnamen hernach beschriebened gestalten vo
407 1787 1428 1913 erichtet, welches alles ihro gal zu dero
426 1857 1439 1960 Verwrerd hohen vrordnung hiemit in allem
427 1933 1093 2076 respect vorgestellt wirdt.
523 2013 1446 2191 Auf ponomene Informatior
699 2129 1292 2259 Den 3. gubris 1821
488 2222 1517 2380 M Backlin der profos, deßen ehlish
585 2306 1431 2462 und Madeton Dictum vnn Wlaß.
425 2396 1475 2591 zeügeten. Es habe das ehetreib die warlattin
439 2460 1502 2668 ohngefehr 6 tonchen eherbetter ihre taht in tag
431 2557 1498 2728 kommer auf und angenommen, mit dem ledding
441 2621 1497 2830 daß sie bein ungutag fintug führt s solches
447 2734 1498 2901 Sie auch gehalten  und daß sie in der staben,
457 2808 1483 2968 in welcher gedeüte vichin sich befinde, sich ge
437 2859 1491 3047 Guldeng zühe. Da sie uunn also eine zitten
461 2904 1515 3142 bey ihnem ware, habe er bäcklen sie auch zum Judia
457 2987 1507 3205 gehen ermahnt, die ihme daraufs grantbortt
465 3084 1513 3272 Sie wolle über 8 leng gehre, so eben auff dem
464 3154 1550 3355 sontag, an weliche sie das kindt abgelegt gefalen
453 3205 1533 3473 Am sanstag vab gedaut ihre niderbaucftsey s
1351 3344 1428 3455 den
2500 468 2613 584 173.
1618 573 2626 731 den ganzen tug nicht zu hauß gebesen, sonder dem
1622 652 2620 790 vernenmen nach meistens bey ihrer muter gsing
1622 738 2634 866 und erst rlachts gegen ebrng uhren heyen kommen.
1605 819 2638 960 An selbigem sontag sege sie am Margen Pönschen
1630 900 2649 1014 und 5 uhren fortgegangen, habe aber ihro
1635 960 2657 1078 Vichiin, die da in gleichem gemach die gantze zeit
1633 1036 2637 1152 über geschlaffen nichts gesagt, wohin sie wollte
1604 1078 2664 1245 Sie die Victrin habe die uberlottung auch nit sander
1636 1201 2643 1302 bar darüber quabt coniert, in deme sie unst alle
1637 1249 2627 1396 Sontag morgens bald frühe bald pfihtir eir
1645 1321 2662 1467 den haußgegangen, Sie habe auch gesagt, daß
1644 1398 2666 1542 sie bißwiler sich bey ihrer muterd auffhalte und
1654 1474 2680 1596 offters allda eßße. Im übrigen habind sie nichts
1652 1532 2686 1677 gesfuhet, daß sie während ihrem auffenthalt aldar
1664 1621 2665 1770 eine pargetz eingenommen, noch daß ihre ewas
1649 1685 2701 1833 fohle, noch einige Lenntzeichere ihrer schwangerschaft
1671 1751 2667 1906 ein ihra observiert. Sie habe fasr die meiste zeit
1673 1828 2722 1955 mit handtschen, Nähen und seoruquen Käppflin machen
1648 1940 1881 2053 zugebracht.
1742 1991 2717 2140 Brentead Bilate und Puro Focuspsel
1869 2093 2631 2236 beider refugierte Strump Es waber.
1676 2185 2734 2342 zeügeten. Sie seyen an dem sontag mlorgens
1678 2266 2703 2415 ohngefehr umb 6 ahren hinter die pfycheren
1678 2352 2719 2485 gangen, allda habind sie ohngefehr 10 schritt
1686 2410 2744 2553 weit vor dem sfycher, mit er welchem das kindt-
1684 2504 2665 2624 lin gelegen, blut auff dem baden gesehen.
1667 2550 2761 2703 welchem die nachgangen, das sie hiit or der schychrr
1701 2647 2716 2765 geleitet, alleo sie das kindt und die nachgebürt
1702 2719 2772 2845 gefundee, welches beides mitsandr und abbruch ein
1710 2790 2739 2906 wring bedeckt gewesen, Hernach seye das gerucht
1715 2870 2741 2992 ergangen das kinds gehörr des Marlottin zu. Im
1710 2911 2781 3033 übrigen solle deß daidr Cardors Weib außgelaßen
1712 3014 2769 3136 Habeg, daß sie die Morbottin, nachdeme schon das
1705 3063 2749 3192 worder kindt entderk, von dem zeüg hauß, her hinauf
1702 3139 2514 3259 kommend angetraffen und gekennt habe
