3024 4032
209 453 309 565 930
464 494 1372 687 Gclarhauß und Bergicht
522 615 1198 758 Der Maria Krumin
419 723 1391 864 von etwann en 9 jahren alters, gebürtig von
641 821 1009 949 Wyleroltigen
223 939 1369 1115 achser Mughlu den bächten zu nit ge
327 1044 1370 1176 ringer dero betrübnuß lind erbracht worden, wie
338 1099 1383 1245 daß den 3ten januarii  26. moain Morgens un
325 1198 1369 1324 Sieben uhrn ein fris gebahrnet Rndlin weiblichen
329 1271 1352 1418 geflachts in elst dad Stanfers daß hub
330 1356 1371 1491 Schmudd behausung allhierd in der statt drunken in
332 1437 1394 1588 der Engen von deßelben ehefrauwen auf dieser ma
321 1524 1371 1661 srio kränne ihner magd botth in dem oberen ge-
313 1603 1372 1726 nach todt gefunden und solches kindtlin von ge
307 1675 1365 1808 Beuter mand zur Wolt gebracht worden seye, he.
307 1755 1371 1878 bind hochgedacht le ohren aalsabald durch dero diene,
310 1833 1361 1958 der metohl 3 Gros weybel Johann gelag im hoff
311 1915 1316 2048 und Urichtschreibern lrecht, mit zutühn eines herren
301 1992 1357 2121 Medig und Crururge von deod hergangenheit dieser
310 2083 1357 2200 traur igen begegnuß die grundtliche information auc
294 2156 1317 2232 enemmen und das kindtlin genant Visitieren unds
301 2224 1334 2341 volgendt die gedachte magd als daßßelbe leichtfertige
291 2298 1371 2409 muterd behändigen und biß nach verlauff der besimm,
283 2363 1378 2483 Item kinderbethi zit in spittahl führen und folglich naich
292 2450 1378 2570 endigung darselben in die hachen oberkeiten. Obere gefangen
987 2529 1360 2612 Alltes dann diß
286 2532 987 2656 gschafft in verhafft setzen laßen
285 2597 1371 2727 Mirsh zu Vier undeshindlichen mahlen brider durch slinen
298 2669 1368 2812 ochgehten hirm Heymlichern Willading als
291 2748 1359 2873 hierzu verordnetem herren eaaminatore wie auch vorge
275 2814 1363 2950 malten herren Groß weybel und grichtschweibern dito den
282 2906 1347 3010 3 Januari, den N Mu und 16 Martii And
286 2973 1375 3103 Nub. so wol güetlich als peinlich und mit würcklicher an
271 3044 1360 3140 wendung der karen Marterd auk waß weise es mit seinen
287 3110 1313 3222 arnen lindt umbgangen etc. quæotioniert, auch dardurch
284 3167 1371 3308 sacfshrieben bekautnus und vergicht von ihme erhalten
294 3254 894 3363 worden und herauß kommen ist.
2460 513 2584 623 239.
1603 515 2623 681 krstlick zeigte sie au, daß sie von Wybwolti
1625 615 2620 773 ehenn beburtig und von ohngefehr 19 jahren alters
1617 691 2615 821 auch ihrer elteren seit zieilicher zeit durch dan
1607 760 2595 898 seitlichen todt beraubet see, auch deß vorgen undt
1606 847 2636 970 weilen sie gar wenig zeitliche erlittel habe, albereit
1611 920 2620 1031 sit etwann vier jahren daherd allhier in der statt
1616 983 2591 1108 an etwelchen goten in diensten gestanden, auch sich
1616 1056 2642 1200 diensts halben frommen getraut und fleißig auf gesezt
1606 1139 1986 1268 und verhalten habe.
1594 1259 2621 1410 2. So bekennte Sie, daß sie ofngefehr im rluen
1594 1352 2596 1475 Letsthen kurtz vor dem regiments uintzug kacht,
1588 1418 2592 1541 keicht sinnigerd weise sich verführen laßen und also
1607 1494 2604 1579 mit einem damald auch bey iren str staußerd im arbeit
1591 1562 2554 1692 gestandenen schmidtkircht, nament Johanns
1598 1639 2530 1761 mit ünhtige keibe gemeinschafft gehabt und darvon
1591 1711 1954 1835 schwanger worden.
1582 1801 2613 1953 3. Verzäbete sie, daß zwar ohnlang Nach eine diese
1585 1902 2608 2026 Sel zur statt herauß und fort sich begeben hatte, sie
1583 1968 2622 2098 gewahert schwanger zu seune und insonderheit ein wenig
1588 2046 2592 2165 vord Verena tag jung sthie ihre lebs frucht bey sich
2072 2102 2620 2211 Auch daß beides gelste
1565 2116 2075 2227 versführt und empfunden.
1563 2165 2589 2302 Staufferd und deßen ehefrauw bey dern sie gedienet,
1563 2247 2586 2358 wie auch die hebammen mluter hern Hantz und ihro dard
1572 2316 2601 2442 Detinquntus eygene schwösters ihra zu öffteren wlahlen
1578 2381 2614 2522 wegen gehabten großen bauchs ihre schwangerschaft zuge
1563 2456 2604 2582 muchtet und ernstlich vorgehalten. Jedennoch mit desto
1554 2532 2604 2668 Weniger habe sie solche ihre schwangerschafft beständig r
1563 2613 2585 2730 schwiegen und verlaugnes und hingegen vorgegeben,
1570 2677 2622 2811 daß ihr großer bauch nit wegen schwangeren leibs sonderen
1570 2758 2583 2873 eines anderen zustandt  mit welchem sie gleich auch vord
1564 2813 2547 2940 welchen jahren zuwordr behafftet ware herkommen tuhr
1550 2902 2590 3065 H. hat sie gestanden, daß sie zur zitiher lndts
1544 2999 2587 3127 Wiederkunfft bereits ewann umb mitternacht einem frost
1568 3056 2615 3199 und ewarlche schmerten empfunden, auch da sie au morgen
2329 3136 2506 3271 ohngefehr
