3024 4032
320 294 435 415 29
305 622 400 767 4
442 380 641 518 e
423 479 1535 706 H rheten der baubren zursprechn dieser rechte
442 547 1497 777 mehrß verschwirgen und hinderhalten habe.
452 683 1544 932 Ans diesem anlaß sagt er Gletzbey maghlih
449 773 1512 997 als ein aufftoübler Urheber und anstiffter
422 852 1538 1071 solchen streitt handels angeschrieben worden, so hr
417 930 1534 1170 jedoch nit gewresen, zum alen diesere streittigkeit
439 990 1477 1207 bereits lange wahrd eherbward erd darmit
438 1077 1512 1287 umbganaen und da erd nach in frauden dinsten
430 1146 1096 1313 wärt den anfang genomen.
1228 1227 1509 1334 Beuebenro
448 1260 1490 1442 habe mann ihne beklagt, ob sollte er glatz
442 1323 1532 1522 eine faltsche schrifft auff Henners Nleütenschwender.
435 1406 1512 1572 und der 1orben, bantord innammen derd übrigen
433 1484 1532 1671 Bautorsame im eggitweil aufgerichtet und daruf
803 1592 841 1643 d
434 1578 1508 1738 in dero namen gelt auffgenommen haben, daßen
436 1674 1530 1834 Erd aber niemald bekännt gemacht nach überwiesen
431 1733 1529 1874 werden konnte. Alling mit deso weunger vie sr
441 1826 1516 1971 gestrafft auß jhr gn Lenden für deey jahr
422 1897 1522 2031 langlidtlich vorwiesen und dardurch des gelegen
438 1992 1512 2134 weit beraubet worden, untohl z sukelschreiber
463 2079 1504 2197 Freüb dantach umb die 100 duplonen ( so er
467 2141 1526 2308 ihme glatz versprochen, wann er demselben einem
441 2241 1528 2414 gewüßen obigen zehnd streitt ansehenden, auch ihme
439 2296 1525 2496 rachterte zurstellten Crihind bau velgen
445 2383 1503 2546 könme. Wurd bezahlung ze halten. Welcher
431 2464 1492 2653 Brieff aber kant, daß herre senelschreibers krcht die
405 2523 1535 2734 materi daß zehnd procesper mit seinem wort berührte,
410 2626 1506 2815 Weinger einige erläüterung diß orts gebech
390 2706 1512 2914 Auch seye er Glatz dardurch gehinderet worden, daß
380 2808 1525 3006 Er die Jagito eiler, bantbreig umb die ihme zud remn
380 2849 1504 3082 prens versprachme 300 lb  darvon die bautren
392 2929 1497 3125 aber dem verlaut nach stüchterlich liberirt worden.
404 2986 1528 3218 nicht zu abstattung derselben streiben konnte, gestalt
389 3079 1522 3288 Er also durch diesen ihne zugefügten seint unb a
395 3139 1525 3397 und gutt kommen, Welche erlittene banniatiort
1244 3214 1450 3373 staht
1620 815 1693 977 3.
1661 532 1771 659 25
1748 604 2729 772 rafs und empfundtliche streich ihne dahin
1767 720 2537 858 veranlaßen und verursachet habt
1742 820 2776 987 Dar er in seinem caitio durch verschildent an
1756 929 2769 1049 eint und andere ehrengliedere diesers standts
1743 995 2774 1139 abgelaßßene schuben sotahnen verfahrend bitter
1744 1079 2761 1213 lich sich beklagt und umb remedus gebitten und
1745 1152 2753 1283 volglich, weilen sy seine antwort erhalten, daß
1743 1228 2694 1379 e gen bericht und klaag, schrift selbsten
1739 1311 2771 1446 auffgesezt, darvon bey 250 caemptar gegen
1742 1375 2763 1515 bezalung s dhl e 3u soltuhen durch hilff eines
1716 1447 2761 1600 studenten, des sich und deß buchtrumbers sohn
1744 1538 2762 1659 außgeben in offenen teik außgehen laßßen.
1731 1595 2762 1735 rachwerts dieser fattamr am alle e111 leb
1714 1679 2737 1819 Robl sydtenosschafft außgeschabt und an dero
1930 1761 1963 1810 E
1720 1766 2786 1898 oberkaupter (deren namen erd und dem sumben
1738 1831 2733 1961 den botr calender abgesehen ad orespiert und
1745 1893 2761 2010 dardurch gestucht habe, daß das eints und andere
1727 1967 2726 2102 sowol das nacht der gesagten zehud, steittigkeit,
1738 2050 2747 2168 ald auch das mit ihme glatz selbsten vorgegangene
1730 2112 2772 2260 Borderis von denen ständin lobh Ldtgnos
1737 2181 2728 2331 schafft dir anderen impartegeschen richteren
1731 2255 2765 2387 früscher dingen grundtlich erdauret und darüber
1745 2314 2766 2454 geneteillet werden möchte, In deme ( wie fr
1741 2398 2779 2550 Gletz ohngracht allen angebaudten kräfftigen wider
1717 2473 2741 2624 egungen behaupten wollte die landt-rechte
1734 2550 2778 2696 deß eggiweilt, welche seinem vorgeben nach allhier
1737 2627 2680 2766 in der Regiotratur und arctiiren liegen,
1720 2698 2775 2814 slit bringen und zugeben, daß ein landtmann auß
1744 2766 2769 2921 dem faaiwyl, das de seiner freyheit halb ledirt
1739 2847 2754 2995 und beschwahrt, gleich wir die besitzert der g
1725 2926 2781 3087 Hooffaneren und er glatz seyne und alle Geyst,
1733 3004 2792 3139 und weltliche richter und hiemit vor alle xa.
1726 3096 2745 3236 Wit der ehdtgnoßschafft du sach zeichen unds
1730 3189 2173 3288 recarsieren könne.
2383 3215 2692 3337 6 beknnte
