3024 4032
361 562 1374 703 nach vermägen hinderhalten, seye auß diese wise ine
354 657 1387 792 zutlang sitzen gebliben, nachwarts wonderumb aufege-
348 735 1378 883 standen, dar dann das kind Vollends nach einen,
360 839 1375 974 Beren von ihre außgegangen und gantz todt auf
872 913 1398 1053 darauff habe sie des Kants
375 930 823 1059 die liden gefallen.
365 1000 1393 1164 Köpflin geraut besichtiget, in dem fiel sie i
378 1085 1393 1247 eine ghamacht zu Boden, alda sie wuße nit
1090 1173 1378 1277 Da sie nup
374 1190 921 1317 wie lang kiegen blieben
356 1257 1381 1400 sich wo oderumb erfohlet hatte und vom boder auf
345 1349 1392 1516 gestandern, seye sie ohngewahreterd diegenen und ohnge
342 1437 1388 1577 fehr auff das nabel-band zustehen kommen und
355 1529 1394 1662 habe auff diese weise daßßelbige von einnanderen
885 1595 1395 1724 alsobald darauf seÿe
341 1609 881 1777 gehogen und abgesänderet.
360 1701 1393 1839 auch die nachgeburt von ihra außgegangen, dan
346 1793 1369 1917 habe sie das godter Kindtlin beisteits gelagt und
355 1882 1392 2016 mit Gras und mütter bedecht, die Klachgeburt
905 1956 1387 2081 Allso wurde sie bekannt
346 1973 773 2067 aber kranp laßen.
337 2014 1345 2171 lich, daß sie vorsetzlich, muhtwillig und mit
333 2120 1304 2242 Bösen vorbedacht das kindt in seiner geburt
329 2200 1369 2334 erstakt, und auß dieser ursach ihre Lindts uindero
324 2287 1357 2430 kunfft niemandein großenbahret, sonderen allen
327 2369 1360 2525 der, welche ihre solche vorgehalten, verlaugnet
325 2464 1361 2609 habe, biß sie von demen hebammen, minteren in
315 2550 1105 2699 das gefangeschafft visitirt worden.
329 2673 1385 2825 wndemach wolle sie nicht geständig seyn, daß sie
337 2763 1369 2897 das kindtli selbigen tags lebend in ihrem leib
345 2849 1370 2990 empfunden, nach auch, als es wir gemallt halb
350 2944 1386 3082 und soi sie glaube mit dem köpfling auß dem
349 3010 1359 3163 Müter Lübe zur tolt getahn ware, daß sie
348 3116 1381 3259 einihe saimm oder ander lrbend, ziehei von ihm
1009 3219 1273 3357 gehört ar
2553 294 2676 399 251
1528 410 2734 652 Du zesführt habe, Sonderg inn gegenteill beharate
1534 514 2716 721 die beständiglich, daß ohngracht deß auß dd bube
1553 606 2670 798 Im sie angekommenen grimnent sie nicht vermeinte
1572 692 2732 874 anoch daß kinder zugenestig, undmme die wthr und
1563 785 2681 974 Vesotten sich nicht gluch erzeigt, wie zu zeit ihrer
1551 903 2716 1105 leseren kindls, auch sie sit einem acht tag zhward
1563 996 2722 1154 an des Aufahrt von Littiteil nacher verlingen
1562 1063 2714 1258 gehend in dem wald gefahren übelen hend fahls alle
1562 1172 2653 1355 zit einhes bauchgrimmen gesfuhrt, ja ztehen tag.
1556 1258 2713 1443 zwor 1 w die fluß bey ihre winderumb angefangen
1556 1360 2705 1511 und hiermit dieses alles dem getahnen sfall zugeschrie,
1554 1492 1755 1607 halte
1549 1617 2637 1749 Diß ist also das jenige, waß voranzogene weibs
1554 1693 2715 1844 ppersag in dem mit ihro güetlich und ernstwar
1580 1777 2680 1935 sria mit anbendung des marter verführten
1621 1880 1673 1962 1
1581 1876 2695 2034 acaminibus bekennt und verjährt hat Acte
1575 1991 1751 2126 Obstatt
