3024 4032
2443 365 2572 459 211.
1692 450 2576 647 Manhauß und esrgicht.
1533 581 2488 775 Der Auneli Lereth von Wangen
1554 692 2589 860 gbürtig dem bericht nach von ihngefehr 16 ader
1759 779 2205 929 11. jahrein Alters.
1443 910 2641 1092 Wachdir Mehl al landvogt Tillind von
1533 1011 2622 1201 wangen seit etwwlches zeit einem nahmhafften verluest
1537 1099 2597 1261 seines gelts wahrgenommen und nicht unbillich dem
1535 1179 2636 1351 Verdacht dieser voruntreutung aus gesagtes Anaeli
1529 1254 2653 1397 Aeret und seine nebend, dienst, wlagd Madli grober
1553 1348 2638 1488 geworffen, auch selbige nach einiches von ihnen selbst
1551 1407 2614 1562 deßthalb erhaltend gestandtnuß in die oberkeitliche
1546 1490 2650 1672 gefangenschafft setzen laßen. Als ist darüberhin
1548 1577 2654 1734 uns ihr gnaden befelch gedeite in Urhafft sit ende
1545 1659 2621 1829 dienst ward Aaneli apretz beides durch munen
1554 1735 2641 1894 hochgeehehen heeren Hohmlichern va Wordt als
1556 1812 2616 1964 harzu verordnetem herren eaammnator und auch
1534 1905 2669 2055 Iyr Gal Dienere letohen 3 Volsan Grorgen im tock
1549 1963 2670 2126 Großweybel und den grichtschreiberg Antleni kncht
1547 2051 2647 2198 in anbesenheit wlotohen  alt landtvogt Cilliers
1539 2123 2678 2234 antlich und ernstwort ig mit vorteisung deß scharff
1550 2208 2644 2346 richters und dar Strubi auch bekraubung, wedach
1563 2284 2662 2423 ohne tachtliche anbeudung des warter den h sr
1539 2371 2634 2507 dg 24 februanii den 2tn und 5 marti
1548 2460 2660 2595 N25. hemit zu Verschiedenen malenn über anzogenen
1548 2522 2655 2647 verirbtug großen hauß, diebstahl examiniert und
1550 2615 2592 2742 nachtolgende bekanntnuß und vergicht von ihme
1563 2693 1890 2798 erhalten worden.
1551 2767 2648 2928 Zue das beste, so fuir ab aus Hanus Korch
1561 2879 2623 2996 Heines vattrs hauß Zunff Conheg vor Uersohen n
1554 2956 2635 3098 landtvogt Tillirs Abzug von wangen zu ihne in
1566 3035 2626 3163 seinen dienst getretten, allda es sich hiemit bereits
1564 3104 2194 3233 bey deey jahren lung befinde.
2398 3148 2476 3270 2.
