3024 4032
246 3020 355 3154 go
266 1740 418 1878 2
509 351 1517 605 ddeß Laußslots verbrechen und
517 477 1500 675 wieder ihne hafftende wahrzerehen
320 340 439 481 83
431 628 1503 862 geredt. Wor sagt Eüch, daß gott die
1415 675 1495 700 wieder ihne hafftende wahrzerehen
424 702 1478 908 eers erscha�fen haben. antwortete er
419 792 1461 1018 Nulaus Moses und die propheten
409 873 1505 1073 Replicierte der Laußelet, Moses und die
413 971 1490 1163 Bropheten mint Menschen gewesen, und la¬
417 1070 1499 1244 ben geschrieben, was sie gewollt, Ich könte
416 1147 1475 1303 jetzund auch allerland Schreiben
420 1211 1516 1364 fragt sich aber ob man meinen schrifften
423 1296 1474 1447 etwann in hundert jahren auch glaube
421 1375 1488 1508 zustellen wurde. Vide Examen
409 1445 1505 1617 von Erlach N 2 Schreiben de 28 Aug
416 1535 1459 1676 1723. N 3. depositiones N 34 d .
433 1717 1487 1878 Denne so bekennte er, daß er die Anna
422 1832 1463 1968 Maria Wäber deß Stodt geschoßenen
403 1917 1469 2052 Meyer wäbers sel tochter geschwänn
397 1986 1466 2133 geret und selbigen ongeacht beydes
406 2069 1462 2208 gedacht ihr vatter in ihren unter sich
393 2156 1489 2303 vorgehabten heüracht nicht willigen wollte
392 2240 1493 2384 auch Sie durch Erkandtnuß Möhfl., deß
386 2311 1444 2463 oberen chorgrichts gescheiden worden
404 2413 1433 2553 entführt und mit ihra Meghl
380 2504 1450 2636 kandt außgemitten, und ohnange¬
402 2579 1464 2722 stehenen wieder Ihne ergangener Ruf
396 2651 1471 2815 gen sich habe Außklagen und be¬
390 2755 1466 2894 tumacieren, auch seines Vatter-Landts
378 2854 1188 2992 verlürstig machen laßen.
388 2974 1465 3140 gestunde ermeldter Laußelet, daß er
401 3066 1471 3204 die aber thor grichtliche schiedigungs
380 3137 1483 3274 erkandtnuß abgeschrieben und anstatt
382 3213 1469 3336 denen worten (da� er und die wäben
386 3281 1471 3417 ein von einander gescheiden seyn sollen etc.
1195 3320 1467 3469 eingereitt
1548 2890 1646 3052 3u
1572 1080 1640 1203 2
1576 380 2767 627 dn iter Lausselots Entschuldigungen.
1678 984 2700 1156 so habe zwar deß Meyers tochter dem
1671 1095 2700 1222 vatter hinterrinks und wie der seinen
1660 1167 2667 1289 willen entführet und geschwängeret.
1660 1251 2721 1376 Allein sie habind einanderen freywillig
1652 1325 2704 1450 die ehe verprochen und er verwundere
1646 1395 2740 1544 sich, daß der Meyer wäber ihr vatter sich
1644 1494 2734 1639 ihrem vorhaben so hefftig wiederselt und
1649 1565 2736 1688 die sach in so weit und zu solcher extel
1646 1645 2715 1788 mitet getrieben haben, da doch ermeldter
1646 1736 2716 1858 Meyer wäber zur zeit, als sie unter
1657 1808 2723 1924 anderem auß anlaß ihres gegen shikheen
1629 1892 2733 2026 landtvogt Huser bekußt gewalteten gro
1650 1967 2739 2107 alhes beydes in deß Meyers hauß und
1646 2041 2723 2169 anderwarts mit einanderen famdliariter
1659 2112 2722 2252 und vielfaltig conversiert und umbge-
1640 2180 2708 2327 gangen etc. Ihme Kaußelet seine Tochter
1640 2257 2740 2400 zur Ehe zugesagt, ihne vielmahlen offent,
1653 2345 2739 2487 lich seinen tochter-mann geheißen und er
1648 2431 2722 2555 Meyer seinen befelch an seine diensten
1657 2489 2722 2627 ind Hauß, genoßen durch Laußelet Er¬
1659 2567 2719 2709 gehen laßen, welches alles Er haußelet
1664 2657 2383 2800 gungsamm erzeigen könnte.
1669 2903 2674 3076 Gestehet Er zwar die Abschrifft von der
1661 2989 2683 3154 aber ehorgrichtlichen erkandtnuß falsch
1661 3066 2724 3232 und irrig abgeschrieben, und das Siegel
1669 3146 2710 3304 ab dem Original genomen und auff die
1642 3220 2635 3405 falsche Cpeg gestezt, und darmit die
2427 3280 2696 3430 Copalation
