3024 4032
361 391 1384 648 ohne vermuft hinter die fschreg gelohn.
371 524 1421 746 e. Warumb sie doch an diß ablet, alla sie vor
375 594 1443 804 allerd menschen ehrgentart und menschlichem beistand
369 663 1410 892 sntfehrne, sich begeben. Ob nicht deßßentoegen
386 737 1417 979 damit sio ihre kinderkunfft vertüscheg und ihre
361 836 1390 1061 Lebsfrucht im verborgenen abkommen machte?
355 933 1438 1192 e. Die kloht und Angst sege bey ihre so endtlich
346 1030 1414 1236 groß geweßen, daß sie nicht gedachte, waß sie vor
349 1119 1395 1292 nenan sollte und seye also dahin geloffen, wie
364 1202 1415 1381 einn unstinniger mentsch, ja gleich einem ohnverd,
339 1270 1422 1459 enünfftigen thier, Sie habe sich auch geschrucht auf
338 1325 1417 1542 Offener Gassdeg kinds bitterin zu werden, demit
351 1401 967 1574 nit zud ermann hinzulauffe.
310 1524 1405 1724 d. Ob sie also nicht ein boser vorhaben gehabt gegen.
345 1604 948 1736 ihrem kindtlic zu Verurben
321 1693 1435 1851 . Sie lonne getaufß enhafft sagee, daß sie einebeng bsen
341 1783 1401 1902 vorstat gegeng dem kinds nicht hatte, sie habe nicht
347 1849 1424 1982 in gedanken gehabt demselben ewaß leüdt zubuhn.
319 1939 1405 2058 a. Ob sie mit guten getausß ein sagen könne, daß
322 2018 1370 2133 Sie eeine gewalttältige hand an das lindt gelegt
331 2074 1408 2211 dar daßelbe int vorsetzlich verwahrlooset habe oder
304 2149 1013 2285 solches habe verzappelen laßen
309 2240 1407 2385 d. Die Lönnt mit gutend getaüsßen dor gott sagen
305 2324 1380 2464 daß sie einichem boster willer gegen dem kinds nicht
307 2406 1386 2530 gehabt, auch ihme nichts leüds getahne, auch gar kein
302 2484 1368 2608 leben an ihne versführt und solches vol vieti
307 2559 1192 2681 gehabt, eherbwar sie es verscharrt hatte
278 2651 1387 2789 repliciert. Er sü miht zu tuhn. Welchenstendt und
297 2740 1390 2846 Ob das kindes todt oder kebend ware, da sie ei sie
288 2812 1386 2936 gscharret, sonder ob es nit lrbend an die welt kommen
303 2882 1346 3014 ob sie einiches leber an ihme gesehen oder einiches
285 2902 1406 3080 aebens, zeichen von demselben gehört oder verscpichte
297 3026 1257 3135 hatte, zu zeit, da es zur wolt gebohren ware.
268 3066 1397 3221 ao. Sie habe einiche stum von dem kindt nit gehrt hal
280 3162 1372 3303 kein lebens, zeichen an ihme geschen nach geschichet, so
1188 3268 1330 3372 daß sie
2498 495 2605 583 193.
1613 557 2622 728 daß sie glaube, daßß elbe sey tadt zu wott Bounen
1627 661 2621 804 znmaßen sie nicht gesthenen, daß solches sich verblug
1619 748 2596 874 rt, dann der nabel weders und noch hintenher
1624 826 2605 933 nicht blutig gelarsen, dero doch, wann das kindt
1621 897 2628 1015 ware lebend zur Welt kommen und sich verbluhet
1622 976 2653 1095 hatte, mit linmandeme oderd gestokten blut
1624 1051 2595 1183 hatte bemackelt seyn sollen. Wäre auch dar
1606 1125 2634 1264 Babel band iun und anßmendig blütig georten
1583 1241 2607 1382 D ob. sie nicht die Nabelschnurd mit des handt
1609 1336 2632 1465 oder sonsten von einn ander gerißßen habe, in deme
1593 1413 2595 1535 solbe vong solchen zuhen hauten sege, daß sie nicht so
1601 1478 2599 1601 richt hatte zuscpangen kömen. unbey der
1597 1554 2630 1676 hätte, da sie genesen seyn solle, nicht so hoch, daß
1613 1621 2579 1750 die schuw von dem fall außgeschannet werden.
1611 1691 2474 1815 und also entztwey habe reißen müßen.
1582 1773 2623 1914 R: Die habe die Kabelschund nicht von einanderen
1601 1864 2616 1988 gelößt, auch zu dem end keint land anglegt
1589 1931 2576 2045 sonderen weilen sie das große kinds mit Größen
1601 1997 2645 2115 getalt und trib zu Wilt stuhn müßen und
1600 2078 2607 2200 also sich angepperzt, sey, daßßelbe auff den beden
1586 2140 2618 2266 geschaßen und darvon die kabelschnud entzwey
1595 2219 2622 2341 geschrungen, dumalen dieselbe an dem sot, da sie
1582 2289 2558 2410 fntsbey getorsen, nicht mehr als eines kleinem
1592 2366 2631 2483 fingers dakwart, oben und Ontenher aber gar
1584 2443 1825 2553 Vl diter
1755 2520 2269 2664 Sy die streche.
1561 2639 2618 2791 a an welchem oft sie deß lindts knderkomen sage.
1578 2750 2430 2877 e bey dem samb und spycher schoß.
1567 2837 2618 2966 e ob sie die nachgebuet an gleichem oot von sich ge
1579 2918 1882 3016 varbitit habe.
1575 2971 2591 3120 N0. ja, sie sey allzeit angleichem oit verblieben
1564 3059 2626 3183 et: warumb dann das Lindtlin an dem einteng, die och
1577 3138 2578 3262 geburt aberd an einem anderem ort verschwert gewesen.
2342 3209 2536 3321 B. d
