3024 4032
313 561 1400 704 Hinboma begeben und bey zwey steintoursten weit ent,
316 649 1374 800 khent und als in so mit ihre eygengn Flisch
329 747 1356 876 und bluts vrgeßen, daß sie vorstzlich undt
334 816 1366 953 mit bosem vorbldacht ihre lube frucht das kindt-
315 905 1356 1044 lin in seiner geburt erstecket und auff solche weise
320 967 1389 1139 flediglich hingrichtet und volgend bestits gelagt
337 1045 1399 1210 und mit Groß und mutter zugedeckt liegen, allwo
323 1112 1388 1318 daßßelbe ohnge fehr etlane achtsag hernach gefunden
337 1257 476 1352 worden.
308 1299 1387 1482 Machdemmr ung allhietige hehr landts oberkeit unser
320 1395 1384 1542 Allerseits gnedige herren und obereig rucht und bur
319 1461 1376 1641 janr Gestrigen tags bey eydue sich vorsammbet und die
311 1546 1365 1719 ster de Verina Steecki ut und pemlich gfehne
323 1634 1377 1788 bekanntnnß und vergicht mit allen ihren umbständen
320 1723 1348 1897 Angehört und darbey sich schuld igster maßen erunet
322 1799 1384 1959 daro zu abstraffung dergleichen schwären wißßetahten
315 1888 1377 2034 von gott dem allerhächsten Regerten ihumen unter,
320 1950 1378 2121 traubtang sach oberkeitlichen amts und daran Hangen
778 2053 1371 2178 habend darauffhing unster alles,
321 2076 634 2186 der pflichten.
718 2128 816 2210 160
311 2131 1372 2286 mits sundige herrn und obren by ihnen erdin zu
1169 2224 1329 2315 daß
319 2219 928 2351 Acht zkemn und gesprochen.
315 2298 1384 2407 dister oetinquentin nachst empfehlung der selnn in
313 2389 1329 2499 die land ihmes erlaßes zu wolberdiener wraaf undt
308 2468 1411 2588 Männiglich zum Slscheien und Schreieng dem Hherk, Kache
316 2540 1388 2654 übergebene, vong ihme gebunden und oben- auß auf
320 2614 1390 2743 den gewohnliches richtplatz geführt, daselbstan ihr
328 2682 1366 2826 ach diser lobli statt brg rechteng und habendemn
316 2751 1362 2886 gebelt mit dem schwet das sampt abgeschlaren undt
325 2836 1372 2965 also vom Lebeng zum Todt ingerichtet, auch folglich
334 2900 1344 3044 des kichescher an das gebohnte verschmachte oet
337 2976 800 3092 verschareet worden solle.
314 3052 1364 3183 Alse ein de kerlt gaß bey dem richterstuhl verlesen
329 3127 1138 3278 und die Uaill alsobald exequiert den 16.
1162 3138 1429 3293 Juli N
