3024 4032
469 497 1515 692 durch whuhgln rahts heeren Cprisching als
454 630 1515 760 hierzu verordneten herren examinatoren und
473 697 1526 837 auch Ihr gup. Dienere sschnsohler Groß weibel
455 773 1508 901 JJohan Grörg Im Hoff und den Grichtschrei
458 855 1516 976 bern Anthon Knecht dieser sach und Umb¬
461 921 1492 1049 ständen halber von vielen spersohnen
473 1005 1490 1128 eine weitlauffige Information auffge¬
455 1079 1508 1195 nomen, auch gedeüter Laußelet in der
453 1142 1517 1279 gnete und ernstwörtig, dennoch ohne ferneren
457 1216 1502 1359 angewendte Marter den 6. und 29ten septembris
448 1283 1521 1429 Ao 1723. wie auch wegen seithero auß ihre
447 1363 1469 1510 gnl befelch von Mlehhern denen nach erlach
427 1448 1478 1597 aeputierten in erfahrung gebrachter sehr
445 1524 1487 1680 Nachdencklicher mehreren iudicien, anzei¬
432 1611 1483 1752 gungen und probabilitete annoch den
447 1682 1432 1816 21tn januarii und 23a februarii diß
432 1752 1432 1889 1721t jahrs hiemit zu verschiedenen
440 1835 1165 1937 mahlen examiniert worden.
1293 1855 1468 1960 habend
433 1901 1455 2031 Ihr gu theils durch die auffgenommene
415 1978 1456 2117 Informatione, theils dan durch die
428 2055 1466 2180 verrichtete examina und die von ihme
404 2146 1438 2256 Kaußelet selbsten erhaltene bekandt¬
443 2212 1132 2333 nußen an Tag gebracht;
1239 2225 1443 2317 Aisih
448 2277 693 2392 Bolget.
356 2492 1435 2662 Namblichenn, Es hat dieser Ppoter
413 2607 1456 2738 Laussoletw gelesener Weibel zu Innß
425 2695 1441 2816 mit Hanns Heinrich Wäber Meyer zu
413 2766 1435 2893 soritelen, beyde in der graffschafft erlach
416 2846 1415 2974 gute bekantschafft gehabt und scheinbar
425 2918 1450 3045 in verschiedenen begebenheiten, einen ge¬
419 2988 1460 3124 nauloen und vertranlichen Umbgang ge¬
415 3047 1453 3189 pflogen, also daß er kanßelet in deß
418 3123 1434 3250 Meyers Hauß einen ohngehinderten zu¬
419 3193 1343 3331 tritt, ja endtlich von deßelben Tochter
1205 3303 1423 3401 Amnai
354 473 465 626 72
1709 607 2774 751 Anna Maria Wäber ihre Liebe und affecti-
1711 703 2762 801 in dergestalten erworben, daß sie einanderen
1705 765 2731 898 heimlich ohne wüßen deß vatters die ehe
1718 831 2746 946 zugesagt. Nun als diesere Liebes, und
1703 903 2737 1033 Eher Versprechungen bald im anfang deß¬
1714 976 2735 1099 1723ten jahrs außgebrochen und vor deß
1708 1044 2746 1167 Meyer wäbers als vatters shren gelanget
1696 1120 2749 1238 hat er in diß ihr vorhaben nicht willigen
1715 1189 2736 1312 wollen und deme sich wiedersezt. Da,
1697 1268 2736 1365 rauff sie wäberin ihres vatters Hauß-
1691 1341 2758 1461 verlaßen und zu dem laußelet und sei,
1696 1417 2730 1537 nen verwandten sich begeben hat, alls
1694 1492 2762 1607 Sie auch angenomen worden: Deßtle¬
1705 1560 2732 1657 gen dann diesere sach vor die ehrbarkeit
1690 1627 2736 1761 zu jnnß und folglich vor mhhel deß
1691 1707 2763 1849 oberen Thor geichts gelanget, allda die¬
1697 1803 2752 1926 ser Junger Reuthen im Verborgenen ge¬
1709 1869 2734 1993 machte ehe versprechungen für nall
1697 1939 2755 2063 und ungültig beurtheilet worden, in
1693 2020 2744 2161 deme die Wäberin ihr erforderliches
1686 2093 2516 2226 alter noch nicht erreicht hatten
1678 2207 2741 2345 Worüber er Laußelet anstatt dieser er-
1691 2292 2769 2417 kandtnuß nach zu geleben und die wäben
1690 2361 2741 2481 ein fahren und ihrem vatter zu über-
1694 2429 2750 2567 laßen, dieselbe listiglich gedeut ihrem
1688 2516 2750 2648 vatter hinterrinks auß der statt Bern
1685 2583 2738 2731 practiciert und in andere Bottmeßig,
1694 2665 2711 2793 keit gefergget hat; dahero auf deß
1679 2739 2731 2878 vatters erklagen von ihr gnt er lauße,
1685 2820 2741 2952 let auff betretten in gefängnuß erkennt
1685 2906 2734 3035 worden, auch weilen derselbe sich gleich¬
1679 2980 2721 3078 fahls geaußeret und mit der Wäberin
1690 3058 2730 3187 umbher, geschleppet, Er folgends auff die
1691 3139 2735 3272 drey wieder ihne offentlich ergangene
1682 3213 2736 3339 Rueff und Citationen am rechten zu
2512 3305 2707 3415 Gnnß¬
1615 569 1719 684 73
