3024 4032
291 2626 398 2733 werde.
605 506 1292 657 uninal process
716 643 1288 830 Banl Rohls
491 757 1393 905 Diß lauers ab dem buchn holterberg
522 858 1399 1008 in des kirch heri diß hach geichts
642 958 1309 1100 Röhtenbach Amts Signant¬
422 1119 1437 1290 Was et  unnöhtigen sachen nachgeht, der
462 1221 1393 1363 ist in tohr, spricht dorten des weiste König
447 1296 1413 1442 sulomon in dem ouch seines sprüchen wörteren
456 1382 1415 1520 in 12ten capiteb. Um bald henach
454 1463 1424 1603 steht weiters. War seinen Auer bautet,
439 1539 1429 1685 des wirt brots salt worden, welcher aber seine
443 1631 1417 1770 wage hmn und hrr verbehret und innöhtigen
420 1708 1422 1859 sachen nachgehet, des wirt der armuht satt
437 1804 1282 1940 worden und auff einmal zerfallen.
1295 1822 1411 1904 Wll
435 1871 870 2002 hinduch so viel sagen.
1019 1899 1382 2012 welchen der
430 1954 1337 2103 söchste gott durch seine gurte einem ehelichen
423 2027 1394 2167 brmk und begangenschafft verzeigt und zuge,
415 2113 1390 2247 shugent hat, vermittelst welcheßen ein solches
418 2202 1385 2321 Nech etwaß zu seiner leiblichen nohturfft
413 2259 1366 2399 und wahrung geloinrn und verdienen wnne,
419 2334 1380 2479 der solle sich darmit genuegen laßßen, denn
402 2424 1366 2565 selben flüßiglich in der frecht deß herren ob
396 2503 1379 2653 liegen. Alß dann werdt gott den sergen
407 2590 1353 2742 zu seiner arbeit verleichen, ein solches vlensch
408 2665 1341 2815 mit den seinigen ihre ehrliche und niedtliche
391 2716 1352 2917 underhaltung darsan geneßen, ja nach ehen
377 2810 1372 2960 schender dlochturfft gesättiget wrden und feiste
390 2866 1356 3061 die schulle tabere, auch zu Gueterer gelangen.
384 2938 1350 3093 dann es ist einen großer uing, wann einer
376 3016 1390 3176 gottsälig ist und kaßßets ihme genürgen Schribt
382 3078 1399 3256 des Aprostel d ad Simdtlieum im 16t Cpitel.
326 3144 1172 3322 ihne nit vbangel leider laßßn, sonder
1665 480 2802 690 Im urgentill aber werde, derjenige mensch sosich
1634 574 2809 760 erselchen ihme von gatt vzigten ehrlichenn be
1656 662 2789 831 stuff und handel nicht vermegt, denselben su
1657 736 2806 927 gang allet und anderen unnachtiger sechen nach-
1665 839 2788 1005 gehrt und also auß ehr oder gelbgeit mit allen
1659 931 2809 1092 gewalt nach häheren und vermeinend vortrüglicheren
1658 1007 2752 1167 zu zitlicher reichtumb gerichenden dingen.
1665 1086 2803 1237 aspiriert und strebet, zu erwerbung solchen zweibr
1653 1168 2788 1336 sich selb bemuhet, seine borege hun und zed verbehret
1648 1239 2812 1418 alles und jeded jaselbsten ungeziemende mittel
1659 1331 2809 1488 und wege ergeelfft. Ein solches mansch sag ich
1642 1415 2778 1568 wnde nicht allein fur tohrecht angesehen und s
1651 1512 2788 1654 gehalten, sondern von arnuht tatt werden, voht
1658 1587 2786 1732 und mängel werde ihne ankommen. Ja er werde
1641 1676 2796 1817 auff einmaln zetfallen, zu grundr und richten
1641 1755 2796 1911 gehen, auch zu Elend spott, schmaale und schanden
1634 1829 1854 1961 gerahten.
1626 1932 2772 2079 daß dieserd nun eint gewüße und unwiederu,
1627 2018 2770 2169 srechliche wahrheit seye, bezenget Leyded die tug,
1629 2098 2775 2259 liche erfahrung, sonderbar erscheinet solches aberd
1614 2179 2730 2365 malen klarlich und dienet zu einem leydigen
1611 2268 2725 2432 exemirel gegenwärtiges vor unser alles angen
1601 2324 2781 2531 sehnde abelfälten, Namens Samact Roht,
1600 2427 2761 2619 Ab dem buch holterberg in der Kiechtzöri Dießbach
1599 2497 2692 2697 grichts röhtenbach von 50 jahren alters,
1607 2577 2774 2788 seines handtworbs ein mauter, welchem da
1610 2655 2764 2874 der höchste gott durch seine turke einem ehrlichen be-
1598 2765 2728 2944 en und landtwrib verzeigt und an die hand
1594 2851 2747 3041 gegeben, teme darzu viel sregen und gutem fort,
1581 2911 2728 3111 gangen, ja darinnen eint gantz ungemeint wüßen
1586 2985 2744 3229 schafft in gnaden beschehet, inmaßen derselbige
1588 3083 2698 3327 zu Statt und kandt zu Vieler arbeit immerhin
1596 3177 2773 3389 geforderet, ia darmit überhauffet worden und also
2317 3369 2611 3488 einen schouen
