3024 4032
517 464 1077 649 Criminat, Procels
433 596 1265 764 De Vorrna Star
354 734 1363 886 Eines dienst magd gebürt w von Oberburg im
616 818 1039 970 amt Buchark.
294 954 1350 1121 Wart die Killche nd, gußt der lechen
310 1075 1367 1231 zu beghung werhend sund und kusteren urd
302 1165 1357 1316 ertern und finführen will, so zucht dieser pplauter
299 1249 1321 1410 Menschen, sind solches nicht durch zwang undt
313 1323 1364 1490 getoalt ( dann nach dem zeügnuß seyl schrifft
304 1394 1381 1586 selbiger bey ihme sich nicht in so weit erstrecket, sonder
314 1516 1366 1679 durch Allirhand Lestige Anrüitzungen, ienerliche
323 1584 1362 1733 fürgebungen, durch betrugliche einbildung dar
299 1686 1361 1843 verborgung und durch hefftige verkleinerung undt
324 1777 1381 1935 vernichtigung des sunden vornemmen und ind werck
302 1886 451 1993 sezen.
301 1982 1347 2143 Er ist aber auch bekannt, daß gott der herr durch
308 2073 1377 2212 seine sgnad einem widergebohrnen mensche, so viel
305 2153 1368 2292 kräffen verlichet und so vermügliche mittel an
315 2245 1355 2367 die land girbet, als da sint sein herln wort undt
315 2303 1358 2447 gebatt gleichsam als wagskerg deß Ggryster, daß
312 2390 1352 2534 durch fleißigen gebrauch und anlrndung derselben
313 2465 1408 2619 einen mensch dergleichen anfechtungen und verführerichen
324 2555 1397 2714 Reyzungen deß kächdigen sollen finds gar lel
308 2642 1168 2786 wnderstehnn und selbige überwinden kan
283 2739 1373 2902 Wie und solches gestalteng aber de lrudige Cattar
325 2832 1394 2964 einem manschen, welches anzogene träffige gnaden
314 2885 1373 3038 mittel nicht ergreifft und selbige auß der acht laßet,
321 2975 1372 3108 mit betrugk ihr verbegung und verkleinnerung die
289 3035 1392 3184 dunder im leib und serben, gefahr, ja auch in tadt
317 3127 1403 3271 selbsten stürze, wirt unß abermalen zu einem trauenen
2544 264 2673 360 233
1509 373 2699 623 sennigen eaempet Leyder vorgestellet, durch diehe
1543 477 2699 701 bi unser aller augne allhier stelende weibe oferson
1524 594 2702 801 Verina Strechi einer dinst magd gebürt ig don
1536 662 2719 859 eterg andts buedorkf ihas Glties ans ohngefehr
1931 764 2695 892 welche anstatt sie wirden die
1532 833 1923 940 30 jahrer.
1512 854 2705 1056 lißiger Anrrtzungen im jnnerliche eingebunger daß
1527 937 2708 1143 Ehne shindt mit der wagfen deß Gegstes dem warh
1525 1029 2698 1212 botis und fyfrigen gebatt sich versehenen sollen, sie
1523 1117 2664 1305 vergegen ihre jugend in ziemlicher unerkannt nuß
1515 1207 2692 1381 Wir und seines worts zugebracht, damanhero der
1531 1298 2705 1454 Ellische Ward Gryst selbige gar leichtlich in seinen steiden
1523 1382 2663 1542 und var eines sund zu anderen und endtlichen
1516 1470 2691 1645 ind verderbeig, ja in dem tadt selbste gebracht
1516 1596 1793 1732 lud gestüehet.
1503 1657 2707 1846 Danu so hat dieser Mateficantin nicht allein bey
1513 1772 2684 1924 seits von etbann uind jähren mit Hannß Ourckhalter
1513 1848 2720 2010 ven oberburg einem ledigen keel fleischliche gemeinschafft
1523 1927 2682 2090 uterben und ein mehtlicher annoch dißmal Lebender
2239 2027 2716 2157 Sondri ist wegen
1529 2037 2033 2159 kindt von ihme brronen.
1510 2121 2683 2271 Mangel und underlaßung deß gebatts seithero in
1516 2216 2719 2335 füh sind gerchten. In dem sie lalß verschimmenen
1513 2292 2669 2459 hicbsts im wittwohen, alle sie by dem lehe,
1504 2399 2693 2554 manne andient mit brnt Schure daßigem knecht einem
1515 2476 2704 2620 uesoittibten mann wndermaln in unzucht sich vertra-
1498 2550 2718 2706 bot und schwangeren laßen, diesen ihren scwangeren
1512 2630 2697 2814 zustandt, obsan sie solchen bald gewahret, das gebahr
1510 2725 2681 2868 nach nicht angezeigt, sonderen im gegewtell, da die
1505 2790 2676 2947 zit ihres gebarung urbey genaht und die geburts
1517 2882 2682 3051 Schmehen sir, da sie in dienstag zu vehingng auc
2473 2991 2515 3052 3
1521 2971 2618 3117 ded brunderen im arbeit ware angefallnn, habe sie
1515 3032 2677 3201 solches de bey ihre sich befundenen nebend mlagdt
1527 3119 2684 3287 verschwigen, sich ihrer hulff entzogen und von ihre
2362 3254 2561 3383 hinegg
