3024 4032
2468 304 2609 417 227.
1628 393 2616 627 Sckauhnuß und arhergiche
1643 517 2479 705 die Noriaa Sorschi
2004 655 2068 708 4
1562 646 2594 823 von Oberburg amts Burgdorff geburtig von
1685 711 2455 890 Wann 30 jahren Alters
1447 905 2642 1127 Wachdeme ihr 1nad an bedentrlich hinder
1535 978 2595 1186 bracht worden, wie daß den 2 ata may 1725
1543 1066 2623 1246 in let gbohrns kindtli todt bey unchin ge
1548 1185 2626 1322 unf aller weite verscharert sich befundene und
1543 1240 2633 1435 dasselbige dem vermühting nach son dieser Vernan
1534 1324 2605 1522 Berchi Letstmalng seit martini jungsthne bey
1539 1398 2657 1601 Hannd reder zu Unhingene dienend zue walt ge-
1533 1493 2651 1685 bracht seye. Allwo and deroselbene befelchen bei
1527 1566 2669 1770 dis durch Meinen hochgethrten herren kochmlicher
1556 1661 2621 1894 vort Mallenen alt hirzu verordintem Heren
1551 1788 2624 1942 Examinatore wie auch ihr quaren dienren
1539 1850 2651 2041 etosen  Johann Gweg ihm hoff Großwgbil.
1558 1930 2663 2105 und den grichtscheibern anthai knecht gedeüte
1551 2034 2678 2198 Sorchi zu Sacht underschedlichen mahlnn und
1543 2099 2666 2275 zwar den 28ten mai a43 2t und 29
1549 2192 2684 2375 juni den 3. und 6 julii a m 25 beder gütlich
1571 2299 2648 2465 und erne wörtig mit vorbeistung auch wurcklicher
1556 2368 2669 2533 antrndung der Strecki über sotahne mn erantwort,
1557 2447 2664 2600 liche cxposition ihres kinds scharff exam mint wor
1563 2522 2683 2690 den, welche dann darüberd nachfolgende bekantnuß
1567 2639 2206 2792 und vrgicht abgestattet hat
1544 2741 2676 2916 Bur das Erste, so sichne ihr Ehrensoment
1569 2845 2673 3001 Mieland Strachen von Oberburg und Elsbeth gander
1575 2946 2671 3092 schon laugsten, da sie annach jung ware verstorben
1586 3007 2672 3156 habend auch ihme und seinen noch Labenden dorien
1587 3093 2653 3263 Icsstausterten gad wenig wittel meistens in
2278 3185 2584 3316 haußrästlichen
