3024 4032
408 485 1471 709 bericht referirt worden sollen. Act den 26
405 623 815 758 Augsten 121
562 704 913 867 adschihen
416 792 1383 990 daß diß also einhallig bschlißen waden
1028 976 1474 1137 Jace by zesulschen
379 1044 888 1197 Albrisch Benoit 20.
1059 1099 1395 1258 Jam Hoctze.
432 1162 863 1272 eb p. t. Ordinar.
396 1231 903 1382 Eman: Gruber 102.
1001 1235 1430 1417 chteck i
392 1315 1492 1511 Nicotaus Benius Wiyr. Joh. Ernnh Keng denp.
738 1447 1451 1611 Jorchim Kornt Haberlin Optr.
695 1593 860 1702 d
603 1644 1011 1744 2: Lamen
517 1703 1152 1868 mlit gudiltz Mlorott
347 1832 1436 2008 Weiler weghel n die sleht sich und dngdten
399 1947 1453 2082 Marlott in dem mit Ihra Cub 29 Cursentio
405 2023 1483 2174 verführten festen caamine erteillten bebautnuß
407 2104 1468 2233 nit ersättigen wollen und darüberhin nemen
389 2179 1459 2338 hohgeheten, zuren Rahlsherin wyß zum
401 2259 1487 2397 caaminatort verordnet und ihme aufgetragen
412 2350 1441 2476 mitzutuhr mrlchen s Ammanen Thormanne
396 2422 1453 2575 und heren otth etc. dieselbige nachmalen unds
403 2485 1478 2665 war ernstwörtig über ihr hinder densfychren
404 2579 1459 2744 zus welt gebrachtet und vorgrabenes kindtlin
391 2655 1491 2825 zu ald zu saßen und das hrauß kommende pfro
935 2738 1493 2869 Als habend vormlt
396 2792 937 2913 gul vorzubringen.
392 2805 1477 2983 glehrsohen in anzegenem ihro ehalen befalhen zu vol
403 2915 1501 3076 Dan 25 e ib sich ich die gefangenschafft verhaet
411 2984 1289 3135 mne nachbeschriebenes cocamen verrichtet
384 3110 1485 3280 befagt. Ob sie wlhrend ihren schwangeschafft icht
406 3201 1305 3365 wol gewousst, daß sie schwangeren ubeseye
389 3254 1497 3442 Antwort. Sie habe er einicher maßen getufst, jedel
1234 3322 1413 3452 ahit
2538 413 2664 521 157
1593 499 2171 670 Mit darin sc eiffel.
1594 603 2679 786 septrit. Sie habe laus ihreo vormelichen eenn
1602 700 2677 854 bchutauß gelbusbt, daß sie mit einem mlanen ohn
1603 793 2645 943 gthr umb Martini 1323 etliche mahl lübe
1609 867 2669 1028 genenschafft gehalten, da seit deselben zeit ihrbauch
1619 964 2688 1116 allhit zugenommen und großen wordne, jasi
1609 1035 2658 1174 were auch dat kinds ich ihrem kub sich besorgen
1623 1109 2628 1270 enpfunden und geshuhet haben, also daß sie
1605 1182 2663 1299 wool habe wußen können, daß sie mit einenender
1603 1273 2649 1407 Schwkanes gehr, zumalen solches eben nicht das erste
1613 1347 1855 1481 ahl sih
1607 1410 2645 1591 Rosta, Sie habe das kinds ohngefehr im apili
1618 1534 2647 1663 frsthin bald nachdeme ihre muter die wohnung in
1631 1610 2637 1775 vn sren hberin hauß angekreitten sich ategeg
1616 1689 2689 1843 sbürt und also wobgedacht, daß sie mit einem kind
1634 1803 1935 1908 schwanges gehr.
1625 1868 2695 2020 e. worumb sie dann ihreb vluter, solche ihre
1636 1958 2636 2099 ihr schwangeschafft zugenucht solche gelaugent
1626 2048 2680 2202 o. Sie habe es auß frocht des muter nit darben
1641 2162 1887 2281 aenbaren.
1627 2218 2704 2378 e. weiben sie enen laut ihre gestandtnuß gespurt
1649 2310 2716 2450 und getaufft, daß sie schwangeren leibd sage, so habe
1629 2395 2695 2512 Sie auch wüßen und gedenken könmin, daß sie zu
1640 2454 2635 2613 sind zit das kinder zur wolt gebaren werde,
1626 2551 2670 2685 Warumb sie dann nicht demnach ihre mendaren
1644 2600 2692 2755 genomee und dahin bedacht gelarsen ihre kubt,
1628 2698 2617 2830 frucht an einem geziemanden ort abzulegen.
1640 2780 2703 2958 e. Sie habe nicht gedacht, daß ihr zit so llehr an
1656 2867 2664 3004 gerinke und verlandnen sage und daß sie mit
1659 2925 2646 3105 einde solchen ungluck sollte überfalleren werden.
1644 3034 2690 3200 . ob sie nicht schan in ihrm leamnnt in deiß
1663 3106 2691 3279 bullig hauß an die migescheßng die glubs
2484 3185 2586 3301 2
1669 3222 2068 3346 Schmerzen gehabt.
