3024 4032
639 267 745 378 5ta
752 360 1132 460 Laaien
454 364 1187 536 M dir se
283 536 1441 778 Iu gehorsammer cxecution, daß von Mughen
317 592 1448 842 s und obereg rtäht und burgeren sub aa eie
790 536 1179 570 M dir se
364 699 1426 927 dobrios vecta an meine hoch und wolgehet
370 779 1426 997 herrnn herr Rathehorro Wyß, zur nacht
364 907 1439 1072 Hanß Ammanin Gormann und herr ohmgeltwo
365 975 1413 1156 Schreiber Ötlle als hirzu verordneten herren
367 1038 1431 1249 Cnammataren. abgelaßßenen befelche etc. habend
357 1136 1443 1310 dieselbigen auff ends geseztend dato sich aberman
363 1226 1432 1392 leg in die obere gegangenschafft verfüegt
357 1311 1437 1479 und daselbsten in ehrengegentogrt ewelches an
340 1384 1386 1544 derer ehren gliederen deß großme rahts etc.
344 1483 1413 1629 dase in oberkeith un banden enthaltene delin,
331 1565 1409 1709 quentin Gurditti wlarlott vor sie stellen laßen,
347 1633 1437 1780 und selbige zu Erst in der ordinari caamination
316 1743 1422 1858 Stuben, hernach bey des strüti und auff deselbst
327 1810 1415 1938 igen mlarter stuhl stittend, Anfangs güttlich und
323 1883 1405 2023 ernstwörtig mit beträutung, Nachtorts auch
341 1970 1396 2107 mit wurdlicher anbendung des holter, da sie
322 2062 1408 2192 durch den scharff richter an die streiki abenden,
319 2149 1371 2289 daran zu zweyng verschiedenen malen aufgezogen
321 2237 1414 2372 und gefeckt worden etc. Nachbeschriebnes cauman
307 2319 565 2424 verrichtet.
291 2400 1409 2580 Anfänglich wurde sie in der eramination stuben
315 2507 989 2653 und bey der Steebi befragt.
272 2585 1427 2746 ee. ob sie wüße aus waß nesach sie solang gefagen
297 2703 658 2824 sitzen müße.
294 2776 1389 2932 R: Nach ziemlichen Nachstinen stagte Sie, daß
304 2860 1365 2988 sie wiegen ihrer kindts gefangen seye, daßen sie
288 2928 1366 3070 verdächtig worden, als wenn sie er ermardet hatte.
277 3005 1364 3175 reptiiert: Sie habe sich disers wards verdächtig
295 3100 1364 3233 gemacht, in deme sie hinder dem spächerenn phr
274 3138 1377 3302 kindt an die wolt gebohren, als an einem abldet
1125 3226 1236 3315 alla
2498 509 2592 599 191
1607 545 2610 703 Ablet, alla nicht neblich seye kinder zu Arbären
1625 652 2614 773 Im dem sie auch in ihrer bekannt nuß vielerhandt
1637 725 2618 853 veranderliche reden geführt, ob sie dann nicht ein
1630 804 2622 930 Bosen vorstatz gehabt, als sie auß deß selst bact,
1631 880 2579 1013 lind Hhauß Hnwegg und dorthin gegangene seye.
1615 972 2664 1103 N. Sie leuw getußßenhafts sagen, daß sie in Aimrent
1628 1052 2650 1172 bosen vorhaben auß deß jelstu Backlind haußgangen,
1613 1127 2655 1259 sondern willens ware in ihrem muter hauß zugehen
1612 1235 2647 1367 Den. worumb sig dann ihre schwängerschafft ihre mluter
1625 1315 2614 1440 und anderee personen, so ihre dieselbe zugemuchtet,
1616 1390 1924 1511 Verlaugnet habe.
1606 1453 2620 1607 . Sie habe geglaubt nach fruhr jung zu seyn, wann
1603 1557 2616 1691 ber schand durch ihre kinderbo nichderkunfft werde be
1614 1644 2642 1742 kannt woerden. Sie habe nicht vermeint instudter
1613 1717 2651 1844 Rndt zur wolt zu bringen und also solche schwanges
1599 1793 2604 1923 gschafft nicht verhälet in einiher bösten intention
1624 1857 2137 1966 Das Ridt umbzubringen.
1572 1927 2573 2064 den ob sie nicht brits in jelst battlind hauß i
1606 2018 2359 2129 ihrem korament wilde wehr gehabt.
1605 2096 2498 2247 . ja sie habe was weniges gespührt.
1588 2192 2639 2337 e. Ob sie nicht nach ampfundenen gebührte schwozen
1606 2275 2611 2398 auß ihrem rosament Hintegg und geraden wegs
1598 2344 2592 2480 hinber die spycherenn gangen und allda genesen seye.
1600 2442 2618 2561 H. Siestye nicht gruden, wagd von Hanß Linter die
1595 2509 2578 2638 sycheren ( waselbst sie niederkommen) sonder zu ers
1606 2589 2581 2707 an die Golattenmatt, Gaßßen zu ihrer muterd
1588 2665 2609 2789 Loramntt gangen, habe dahin ihrem alzeit gewohnten
1594 2730 2593 2865 weg die zeugl auß, Gaßßen hinauf erben deß herr
1594 2805 2599 2941 Zugwarts wolnung Linderhin die vorder sycher,
1593 2872 2606 3005 Gaß hinauff und durch das Sternengäßli fürhng
1595 2935 2635 3065 und weiterd die golatten mattgoß hinauf genommen.
1588 3011 2597 3132 Und weil daselbst das hauß, wo ihre mluterd wohn
1582 3086 2640 3203 schafft verschloßen getesen, die koht Angst und schmahens
1596 3138 2600 3269 sie hefftiglich überfallen, sege sie als unsinnig und
2384 3216 2481 3324 one
