3024 4032
486 446 1371 611 Jndicia und Wahrzeichen
472 558 1423 691 wieder Sfoter Kaußolst hafftend
320 446 447 582 92.
436 697 1462 862 sie so wohl veranstaltet, inmaßen der
1198 691 1231 694 wieder Sfoter Kaußolst hafftend
432 780 1491 945 Pfeter Blamk und sein weib ihme sol
454 868 1491 1011 bigen tags speiß und tranck alldahin
444 937 1477 1090 gebracht, Dide anßaag  14 n 15
433 1024 1476 1175 No 47 Klein Burn buch fol 275 276.
433 1116 1473 1269 1 Weilen grad zu der zeit und so zu
436 1208 1408 1322 reden in gleichem moment, da der
446 1284 1478 1412 Meyer wäber sich wieder den haußelet
430 1355 1487 1489 hefftig ereyfferte, und in ganz ungedul¬
443 1443 1473 1579 eige schmach, wort wieder ihne außge
433 1525 1475 1653 brochen, sprechend, der haußelet habe
440 1601 1480 1742 gedracht ihne und seinen sohn zu er
421 1675 1485 1821 schießen, ob er nit s h ein fauler gal
437 1772 1441 1904 genvogel, ein galgenschelm seye?
438 1857 1464 1988 daß auff diesers schmahlen hin der¬
437 1931 1474 2077 buchsten, Schikz auff Ihne Mleyer loß,
441 2023 1467 2142 gangen, und zwar von dem orth in
447 2082 1470 2229 denen geschstanden, allwo in einem
452 2164 1377 2296 auffgeworffenen Sand,graben
435 2243 1441 2401 ußstapfen von einem gefrichten
434 2317 1446 2478 gicht, gleich er Lanßelet allwegen
446 2400 1464 2557 getragen, sich befunden habind. Vi¬
465 2464 1219 2630 De Außaag N. 16. No 34.
438 2579 1476 2762 3 daß Er Kaußelet (ohnaracht bie
442 2666 1465 2823 er kauth thurn buch s 28 279
451 2754 1464 2922 vorgiebt er am abend deß Meyers
462 2835 1461 2999 gewalt thätigen todtsfahl durch ein
458 2898 1487 3087 starckes geschrey auß dem dorff britte
462 2987 1477 3159 len Vernome, und Er Kaußelet für
472 3083 1487 3220 den thäter gehalten werde. Dun
471 3167 1483 3307 sich weder dammahlen noch seithero
458 3225 1479 3387 zu verantworten und seine vorschun
464 3302 1484 3472 zende dißörthige unschuld andah
1261 3396 1498 3503 zuwge
1675 486 2667 653 feter Lausselers Entschuldigungen
1543 518 1637 620 93
1655 599 2685 747 Binweg nach der grentschen zu deß Meyer
1652 697 2681 825 Wäbers sommer hauß begeben, allda er
1672 779 2706 922 eingeschlaffen biß auff den Abend zm¬
1666 855 2683 982 schen tag und nacht, da er dann zu deß
1667 921 2689 1074 ligers hauß sich genahet und durch
1680 1008 2716 1146 ein Geschrer von seinem Todtschlag Nlach¬
1669 1064 2694 1213 richt gehört. Vide klein thernbuch
1651 1158 2153 1313 p 268. biß 277.
1671 1256 2740 1426 Huß wollte Er nit gestehen, daß er selbigen
1667 1345 2676 1501 sonntags jemahls an dem orth und in
1686 1406 2708 1586 der gegend da der Meyer wäber sein
1681 1479 2737 1658 man ihne benachrichtet, erschoßen worden
1688 1590 2733 1721 seyn solle, in denen geychstanden sich
1691 1653 2727 1818 befunden, sondern er habe biß etwann
1683 1731 2758 1881 umb drey Uhren auff dem Jnnß feld
1674 1826 2772 1951 Vor an den geychstanden, und Nachwärts
1677 1906 2679 2045 anderer seiths auff der greutschen
1691 1990 2775 2129 bey deß Mleyers sommer-hauß sich auff-
1696 2083 1911 2202 gehalten.
1683 2278 2723 2417 5 Obwohlen er hinter deß Meyers
1696 2371 2776 2509 Hauß durch das geschrey gehört, daß Er
1682 2452 2780 2604 Laußelet für den Godtschläger gehalten
1705 2545 2784 2667 wurde und im verdacht ware den
1699 2616 2679 2745 noch aber dißorths sich unschuldig.
1702 2687 2780 2828 w�ßte, habe er nit rahtsamm erachtet
1708 2760 2784 2915 sich zu stellen und dißfahls damahle
1709 2830 2739 2965 zu verantworten, sonder sich zuruck
1702 2927 2682 3076 nach der zihl Brugg zu begeben.
1697 3000 2726 3147 und als er dorthin kommen, habe er
1706 3078 2769 3215 verspührt, daß die wacht verstärckt
1696 3171 2801 3300 dahero Er sich auch nit getrautte darüber
1703 3245 2782 3369 zugesen. inmaßen er wohl gewußt,
1709 3310 2785 3442 daß wie gemeldt wegen der entführung
2611 3399 2778 3481 alles
