3024 4032
346 589 1298 780 welches sie sich beide begeben und arauß under
361 671 1291 837 Borgen Magenn Veruntreütert hab ind bey 65 lb.
365 739 1319 930 eg garn blachs und bysre bey 4 3 ell fin
349 823 1314 964 Ranb Ryßig tischzeug bey u strangen blaute
356 905 1258 1048 garn by 10 l grob unsfünnig tuch bey
361 962 1327 1102 16 s Leinen firgel Koltsch, so sie ab etwlchen
359 1033 1309 1171 stunkug gescheitten, bey N Elles Grober Költsch
361 1139 837 1273 zu Underbott, ziehen
367 1220 1345 1362 1. Einnalen habe das Anneli ihra zu dem schafft
375 1301 1318 1430 in des wohnstuberg hin u gerüffen mit werden,
363 1379 1310 1503 tag, daß es solcher offen angetroffen, worauß
356 1441 1340 1566 Sie beide genomen, voch Leinlachen ud blatzen
374 1519 1345 1644 von petucties so zu einem santmit gewirdnet
362 1575 1318 1724 warenlb bey 22 ell tan bleibt Heinli Auch
351 1641 1355 1791 sVon welchem das Anneli auß seinem teill Hemdi,
367 1717 1309 1847 früel gemacht) wie auch buy 9 ellenblaut
363 1820 709 1924 Gestrichelt Tuch.
375 1869 1340 2014 8. So habind sie beide mit sinnanderen auß
361 1955 1348 2073 der schwartz zaug Cammer daruun das Aneli
368 2014 1324 2157 zum Eenstell hinrig gangen stag ader drey
343 2100 1356 2212 weiber heinder 2 Reine weiße Lumpeng von
373 2166 1325 2278 Grober Mouspetine, ein weiß sürtunh und bey
360 2229 1365 2355 mr Stuben allerhand eiten werdehug genommen.
362 2302 1335 2415 diesen werkzaug seye sie die Kochin willens
372 2377 1188 2491 gorstng dem ttischmacher schär zugeben
355 2454 1377 2606 9. Auch haben das Anneli ihra eingehändiget ein
362 2524 1370 2653 manns heind u caravatte u nacht lauben,
372 2590 1380 2722 samt einicher pfitzlin und ryband. Da sie wol
372 2662 1357 2799 gewaußt, daß es die ersteren drey stuck vermu
372 2736 1356 2835 eteruort. Die pftzlin und syband dann gabe es
1049 2805 1357 2914 Im übrigen
372 2812 874 2922 sos gekaufft zu haben.
387 2853 1383 3004 habe das Anneli ihra Jederteilung so viel lorig
393 2952 1123 3073 als sie verlangte zukomen lasßen
365 3020 1359 3169 Dieserrsamtliche verunterurbete hauß rächtliche
369 3088 1404 3251 sahng, tuch garnen und gesfunst habe sie jenderzit
392 3179 1411 3327 in ihrem trag gelegt, auch habe das Anneli einmal
1160 3259 1358 3360 ein weill
2434 435 2538 523 221
1557 506 2553 663 in teillin den raßstall verborun gehabt und
1553 618 2553 736 solche hernach durch ihre schwoster Ann Graberd
1565 693 2566 827 nach siheißwyl tragen laßen. Welche lsfwen
1552 758 2508 875 Altesamb aber uohl lvogt Tillier steithers
1553 832 2560 960 Vag Sigriß wyl, her wiederumb empfangen
1548 918 1793 1044 haben solle.
1561 1000 2563 1137 von obbescheiebenen santlichen verluest vermuchte
1561 1093 2550 1231 getehe landvvogt Tillin, daß ihne annach
1555 1177 2547 1298 wool beyh 50 ß ermangel tulen, wann fr
1558 1244 2584 1360 schon den währt jeniger rleydwerg, so dieser im
1566 1319 2602 1444 trenter wland auß dem entwendlen gelt machen
1564 1404 2579 1529 laßßen und er mrohlnn zu seinem handnen ge
1561 1479 2590 1598 nnomen, wie auch den versprochenen mlagdenlohn
1576 1542 2605 1674 und dasienige, welches er beides vom sigerwil
1583 1609 2583 1735 hr und sonsten dore anderen prsoner sdenen
1572 1687 2584 1813 Sie darson gegeben zurmk empfangen habe.
1574 1767 1767 1866 Abrechw.
1875 1750 2334 1876 n 86ste
1469 2010 2625 2173 ach dene vorschickent der Anna Kuch von
1581 2105 2636 2237 Wangen und Madle Graber von Sigrißwyl getahne
1581 2200 2647 2314 bekanntnuß in und veraüchten über dero gegeng ntohn
1576 2264 2632 2383 alt landtvogt Tillird von Wangen ihrem diensts,
1567 2341 2604 2478 Herren begangenen nahmhafften hauß, diebstahl etc.
1583 2418 2631 2573 heütigen tagt uond Meghli und oberen rtuht und
1586 2493 2632 2650 Burgeren bey eyden capresse hirrzu convolirt ab,
1572 2572 2642 2719 glesen worden. Habend hochgedacht ihr gr daeber
1586 2631 2633 2796 zu recht bekennt und gesprochen, Daß stons disen
1592 2726 2593 2857 beden weibs personen anß gnaden am kiben
1598 2776 2630 2944 verschanet, dennoch aber das Ameli Lirch in betrach
1580 2870 2565 3021 itung deßßen jugend zu seines mils, vatterlichen
1583 2922 2606 3093 Wosstendienten straaff und zohnen jahrlang in die
1585 3017 2586 3155 Stinmstuber allhier emgesherrt, und durch deß
1590 3086 2621 3249 shum fleysterr eheleib zu sunfft underschiedlichen
2307 3165 2485 3272 Mahln
