3024 4032
471 255 1377 512 I deelig eihe
334 327 1378 639 zhe Seth hltege zhe Seth hltege
345 512 1400 745 ihres wüßßens die Marbottig an den suteg
358 555 1382 784 vlorgent frühe nicht bey dem hauß gesteln
339 626 1381 846 Nachdeme sie aber von ablegung diß kindtr
360 728 1392 933 nach hauß kommen, habe sie gezangen gehört, daß
323 782 1398 1002 sie herumb geloffen, als wann sie unsinnig wär.
346 871 1365 1086 Aus ordel der helren Huberin hab sie ghenen
330 932 1359 1129 Minkhl Groß teybel die morlott in ale
349 1035 1417 1217 Muter deß elanden kinder aut darbet, alld ieeil
353 1099 1375 1296 dieselbe vong dero fr Huberin verheutet wurde.
343 1189 1373 1375 Im übeigen, so habe sie gezeigne offterd von
347 1263 1392 1472 der er Lüberin gehört zu der allen bel
331 1339 1382 1544 Morbott sfrechen, sie solle ihre tochter nicht bey
350 1437 1378 1597 ihra übernachter und kindtbetterin werden
352 1516 1403 1655 laßßen, sonderig dieselbe möge die burde ab
352 1608 1076 1733 legen, wo sie solche auffgeladen
539 1724 1372 1894 Ausanna Kalles don Synich
520 1812 1386 1966 Dißmal bey der fr huberin vohnhaft.
332 1911 1398 2064 deüagte, Eis seye die vborlottig an selbigen
355 2006 1390 2144 Sontag morgens in seine stuben kommin, da erd
365 2089 1422 2221 nating seiner rtuhr gelegen, habe ihne ersucht ihre
348 2160 1421 2291 geschtond nadel und flder zu geben, mit erdnten
342 2235 1407 2349 sie habe nit an der zeit zu vartern etc. welchem beg
345 2293 1422 2447 gehren es auch antsprochen, wornach sie fort gangen,
345 2368 1432 2498 Maßen es also nit wüsste, waß sie darmit tuhe
359 2441 1420 2558 wollen. Über die frag, ob es die wlorlottig
351 2511 1386 2664 an selbern sontag vlorgend frühr nit dor dem
373 2577 1379 2728 hauß gesehen und ob es des hauß geöffnet habe.
358 2656 1392 2796 sagte es eleine. Verdentete auch er wußße nit,
359 2725 1398 2868 Ob mann an der haus Juhr allezeit der stegelgeg
349 2804 1404 2954 gstaßßen. Im übrigen habe er die wberkottig nach
362 2858 1381 3031 der tahl allezeit gehert die stuberg hinauff und
363 2956 1410 3084 ablauffen, es wüße auch nicht ob sie hernach
1155 3003 1433 3105 Als es e und
351 3046 1141 3141 wieder auß dem hauß gegangen.
368 3062 1419 3219 auß der spittahl predig gangeren, habe er von den
354 3142 1413 3292 Leuthen vernommen, daß die wlarbotting das todt
347 3199 1425 3396 gefundene kinds umbgebracht, welche zeitung es auch de
1195 3285 1358 3415 fr
351 3303 969 3483 eren huberin aberbracht etc.
2470 437 2559 565 M
1710 473 2458 600 Frann Morlott dn Wlit
1551 564 2578 749 Bente. An dem sontag, da dat beßdige im
1570 697 2597 827 glmb geschehen seye sie am margen umb 5 3 uhren
1569 762 2588 902 und dem hauß in die feuche predig gangen und
1564 847 2584 993 habe die hausstuhr gebkrnnt, auf welchen dur sinel
1561 923 2547 1054 gestoßen gewesen. Nach gefedigtes suhepredig
1574 995 2585 1133 habt sie ihre tachtes ihr linder auff dem arnen haltend
1577 1088 2569 1210 in dem hauß in der stuben angetroffen. Sie
1561 1175 2568 1298 sege hernach biß weilen hinauß gangen, sagte auff
1577 1242 2596 1357 befragen, was sie drußen mache, sie wolle hörrn, die
1564 1314 2576 1413 Weibel sagind mann habe ein tadt kindt gefunden.
1572 1390 2629 1515 Nach Waß zeits habe sie die muter smlorgen geßen,
1576 1473 2573 1591 die tochter aber habe nit mit ihre eßßen wollen
1569 1531 2619 1658 sonderen habe nachtorts bloß ein paar Lößel voll
1562 1616 2617 1749 warind zu sich genommen. Worüberhin sie selbe qua
1576 1693 2626 1817 pitionierte anh wad ursach, sie so elend antsehe, sie
1592 1762 2622 1881 wollte abes anfangs nichts sagen. Da nun abler
1585 1822 2629 1955 hrs Huberin ihre die gemeine rted verdeutete, daß
1591 1899 2602 2040 kamlich ihre tachter die mutter de tad gefundenen
1595 1971 2608 2128 kindtswyr, habe sieselbige visitiert und alsobald
1607 2043 2643 2193 den fehles gefunden, sie wollte aber anfangt einer
1598 2111 2626 2261 niederkunfft nit geständig seyn, sonderen langnete
1595 2195 2647 2355 allezeit, biß sie ihre hart zugesprochen, sagend, es seyen
1588 2277 2658 2424 lth verhandnen, die sie schon visitieren worden
1590 2342 2648 2499 Woraufflin sie alsobald bekenntn Während der
1587 2412 2665 2575 kinderlehr sege sie zu Elst Bublen, alloo die tochte
1621 2510 2654 2649 einige zeit lang sich zugezogen, zurangen, habe ihm
1631 2581 2674 2717 umb der tochter aufführung, sonderlich aber umb welche
1623 2637 2655 2791 stund sie am abend zuvor heimkomen besagt, der
1615 2745 2659 2863 ihre geantwortet, sie seye etwann umb 9 uhren
1627 2796 2657 2950 nach hauß kommen. Undervogt habe sie ein tächteli
1630 2892 2653 3023 von ohngefehrd 2 jahren angetroffen, so ihra des
1622 2946 2686 3098 Andt nem Lilths mute samt ihree angehabten Anderen
1635 3006 2661 3176 beschrieben, worauß sie nichts anders schließen könte,
1634 3096 2447 3247 als daßsicher unhtinkhafftige tochten zur.
2452 3166 2549 3293 Im
