3024 4032
340 597 1331 734 der kochin antreiben d. Mannd, brnd eine Caravatis
352 686 1279 826 fine nacht lauben, wie auch auß denen schubladen
341 759 1303 887 im schreib tisch einiche spitzlin und sihband und
346 823 1294 936 sonsten in dem hauß eine alle rohte knaben,
339 891 1209 1017 verto und etwaß tachtengaren entwendt.
346 971 1302 1074 brkennte Anbey, daß es mit dem ihmn ansterd,
343 1023 1334 1140 trautt getorsenen wein auch in etwaß untreüt
363 1101 1327 1210 lich umbgegangen, in deme es des lochin deßen
333 1161 1305 1285 so viel sie verlangte, jederzeit werden laßen
358 1249 1311 1385 vorbeschriebene samtliche pffecten, auch, garnn
362 1336 1317 1443 gosfunst und übrige außrächtliche sachen aber sie
362 1388 1329 1494 beide allwann in der kochin trag gelegt, er anneli
355 1453 1341 1553 auch ainmal einen teill in dem raßstall verborgen
358 1520 1323 1624 gelabt und dann nachtaerts durch Anni Graber
358 1579 1346 1691 der köchig Schwäster am Sigrißwyl zur unr
346 1658 1353 1757 wahrung geschickt, welcher alles aber ultohl land,
349 1712 1366 1831 vogt Cillier seithers widerumb empfangen haben sollen,
349 1784 1335 1893 inmaßen erd nach seinem vernuchten von obigen
349 1833 1353 1953 gesamten verlüest annoch ohngefehr biy 50 l
339 1907 1358 2043 Mißenzuhr. Wänn erd schon dem freiß undt wählt
349 1978 1336 2103 derjenigen klenderen, so die untreüten magdr auß
350 2036 1334 2174 dem entwandten gelt machen lasßen und er
348 2139 1338 2252 mohs landtvogt zu srinen handen geomen
348 2161 1350 2320 Vie auch dem verdienter mardenlohn und das
352 2254 1347 2401 genge, so erd beider von Sigriß wyl her und
348 2324 1366 2457 sonstng von demen prrsonen, welchem sie darvon
357 2385 1350 2529 gegeben, zuruck empfangen, abrechnen tuhr.
329 2487 744 2627 Ot it Obstat.
2448 464 2548 548 217.
1609 488 2512 646 Sckantnuß und Gorgicht
1756 598 2372 722 Der Madli Graber
1621 695 2552 827 von Sigrißwyl von etwann 40 a 15 jahren
2046 763 2177 861 Alters
1601 855 2553 986 Wieserd weibd bildt Nadts Graber die Kochin
1602 943 2570 1065 at auch mit vorbemalltem Anoli Lerch mentohl
1589 1025 2572 1152 alt landtvogt Till eb ihrem diensts heren einehe
1586 1097 2577 1224 dabstähl begangen und ist deßetwagen gleichfahls
1586 1170 2566 1299 in verhafft gesezt und darüberhin aus ihr gah
1590 1238 2590 1374 befelch auch beides durch meinem hochgehrten wern
1586 1315 2563 1436 heymlichen von Wirdt als hirzu verrronten
1601 1390 2590 1499 herrn eaminatore und ihro gal dienert mutoh
1585 1450 2535 1579 Graßweybel im hafd und den grichtschreiberen
1583 1520 2583 1622 knecht in bustorsen ehrengedachten herrn kandt,
1592 1603 2580 1693 vogt Tilliers in der guete und ernstwörtig mit
1595 1666 2557 1791 vorbrisung deß scharff richter und der streiki
1589 1735 2583 1847 auch mit betroütung jedoch ohne sonockliche antwen
1573 1801 2550 1915 edung die martes den 9. n a9 24t februarii
1576 1868 2603 1973 Den 27. und 8en martii 172 5 also zu verschieden
1594 1925 2607 2040 wlahlen über angezogenem verbrachten nahmhafftten
2479 1997 2575 2063 und
1589 1989 2362 2081 hauß, diebstahl examiniert worden.
1594 2046 2593 2172 hat darauff nachstehende bekannt nuß und vergiht
1595 2131 1885 2228 von sich gegeben
1577 2205 2583 2366 zur das Erstl, so befinde sie sich britt seit
1592 2314 2571 2425 Vielen jahrer außert ihres vatters Christen
1574 2379 2596 2511 Grabers hanß, seye auch zu Köcte und in vilen
1589 2456 2582 2566 vornhmen hauserin allhier in der statt Bern
1589 2529 2587 2643 in diensten gestandnen und habe sich aller orten
1580 2580 2608 2702 enklagbar, trütlich und fromm auffgeführt und
1588 2649 2606 2774 verhalten, Außgenommen, daß sie wegere einer
1589 2728 2568 2847 deß einhentzend halb in notolen haubtmann
1552 2796 2615 2908 Wurstembergers hauß vor etwaß zeit entstandenen
1571 2853 2587 2969 Fentorsbrunst mit dard andrrmaad zu stragk
1584 2916 2604 3051 in gefangenschafft gesezt und mit dem tragen die
1574 2996 2214 3112 statt zimmeter geführt worden.
1555 3067 2596 3205 2. Hingegen im Mothe als landvogt Tilties
2373 3148 2509 3263 Hauß
