3024 4032
536 254 749 382 tes E
448 299 1356 542 4. Laamen mit tudik Morlott
438 392 1264 619 gehalten den d0e novtbris m24 gehalten den d0e novtbris m24
127 512 1314 778 Ad ord allen diegen wunde ihre krifftig durch
282 625 1333 858 Muhhl excaminatoren zu versahnn gegeben.
289 695 1339 925 daß sie durch ihre vielfaltige varriationen ands
290 803 1345 1017 geführte veränderliche rteden ihre dermalige
291 887 1336 1079 gefangen haltung verläugert und den außgang
309 976 1343 1158 ihre sach biß dahin verzagenet, auch dar uch inm
289 1051 1314 1233 hohr obrigkeit veranlaßßet des wahrheit um
295 1160 1361 1331 genauterom nachzuforschen und zu dem endtalls
308 1248 1341 1425 anzubenderen etc. mit ernstlichem ermahnen
257 1349 1360 1490 Mrghl Eyfer mit eines aufricht igen bekennt,
280 1450 1320 1572 Hanß fütgegen zugehenen und also denem eingen
295 1523 1355 1650 Erenso mittel, so dieselbigen sonsten zu hrauß
289 1608 1361 1742 bringung das wahrheit anbenden mürß teg vor
289 1707 551 1826 zukommen.
297 1815 1363 1978 befragt. Weilen sie schwangeren kibt zu seyn
297 1925 1348 2062 nach ihrer bekanntnuß wol gebusst und die seit
297 2000 1366 2140 ihrer wiederkunfft ihre auch nicht unbekann, von
297 2068 1360 2222 möchte, an welchem dot sie vorhabend gerrfen
287 2180 988 2316 ihre lrbsfrucht abzulegen.
298 2261 1000 2418 antwort. Bey ihre Muter
266 2343 1375 2537 . ob sie glaube, daß ihre vluherd sie in diesemstand
289 2473 942 2594 Wurde auffgenommen haben.
267 2567 804 2715 e Sie glaube ja
282 2626 1355 2831 a. replicirt. Sie sage selbigen sontagt am vlorgen
288 2685 1350 2925 dennach nit in der meinung nach ihres muter hauß
295 2800 1231 3001 gangen umb das kindr bey ihre abzulegen.
273 2852 1351 3113 rlum, sondern sie habe sich dahin begsen wollen
294 2977 1019 3187 umb ihr kindt allda zu hürten.
252 3043 1337 3287 A. umb welche uhr sie damals von hauß gangen
259 3183 979 3369 d ohngefehrd umb 5 uhren
1088 3215 1189 3337 H.
2451 409 2560 523 181
1535 495 2557 649 E. warumb sie doch hintes diespgchrs sich beglegen an
1540 578 2585 720 in sothwaldet, da sie don alles mleischen hulf ernsthent
1539 653 2566 786 da doch sie bereits in daß buctlins hauß schmezeng nmp
1525 724 2572 880 findern, auch solche im statt hinauff gehen sie allheit
1534 813 1717 938 ankemmen.
1523 901 2540 1044 . Es sege wahn sie habe schan daseim einiche wilde
1521 979 2596 1122 wehr empfund en, solche habind sich auch im statt hnauf
1540 1047 2550 1178 gehnn durch die betregung in etwaß vermehrt, allein
1532 1112 2534 1247 Sie habe dennoch nit vermennt, daß die studt
1545 1174 2573 1339 ihres ninderrunffs verhanden, sonsten sie nit von Hauß
1548 1258 2537 1391 gangen, sondern allda verblieben ward, Dann sie
1542 1332 2556 1479 gflaube, deß Ulsrrr Bacbliß, so nichts ungebührlicher
1539 1407 2572 1550 von ihra gesehen wurden ihre mit alles wlüglichen
2286 1493 2557 1584 Aad offt habe
1551 1509 2291 1624 halff an die hand gangen seyn.
1557 1551 2596 1677 seine frauw eine lange zeit wilde wehr sie selbsten
1556 1642 2593 1791 habt in ihres ersteren kindrtlachthr mehr als einem ganzen
1530 1695 2597 1853 tag, eherswas sie genosen, starder wilde wehr gehabt,
1549 1777 2580 1915 so daß sie sich diß mal nicht habe einbilden können also
1540 1853 2548 1991 bald in de stundt so geschind Lindersbattering zu
1550 1960 1713 2062 berden.
1536 1982 2608 2171 D. Siegebr und sie seyte, damald bey des Mlules hanus
1551 2076 2563 2234 gewesen, da die stuhr noch verschloßen, warumb sie
1533 2179 2106 2321 sich nicht daselbst angewoldet
1547 2231 2573 2395 Bo. Weil die herren huberng und sie einganderen sehrd
1551 2329 2611 2481 angefeindet, auch selbe die wluter zuod allezeit wirdes
1543 2392 2605 2556 sie auffgewiesen und ihre verbotten sie bey sich zu halben.
1548 2483 2617 2624 repticirt. Wann schon die zuhr vershloßen gewesen,
1544 2553 2568 2715 so hatte sie dennach waol Zürin konnen komen, dann sie
1557 2615 2579 2796 ja den Hanß Schlüßel gehabt und ihno mluter nicht
1576 2736 2065 2868 wider zugestellt habe.
1556 2759 2568 2951 . Sie habe wond zu zeit, da sie bey ihre muter
1573 2847 2565 3048 sich auffgehalten, einen Hanß Schlüßel gehabt, allein
1560 2926 2588 3097 Demal biß wilen nicht auß machen kommen, zumelen
1554 2988 2614 3176 de herren hubein ihre zu Beß den sigel deren dr
1560 3041 2588 3256 9 ühren gestaßen, diehen schluß el abes habt sie nit
2376 3142 2485 3241 Mehr
