3024 4032
374 497 1412 676 Daß sie uod gott nichts disto laenges eine
352 614 1375 752 Mördren an dem kindtseye obsche sie keine
367 687 1382 824 getoalltählige handt angelegt habe, wil en
383 780 1442 913 Sie sich in ansohen deßßelben, so leichtsining
360 845 1429 984 ehalten und solches hulfflaoß laßen müeßen.
367 935 1405 1077 Dn: ob. sie nicht in der besen intention an diß
392 1020 1260 1157 Abbet gangen dem kinds abzuhelfren.
358 1090 641 1201 B King.
382 1176 1428 1340 Eo. Ob sie das kinds nicht cxpoesso verbahr,
382 1268 1073 1394 loosen und verbhurten laßßen
372 1340 626 1452 R. lin.
380 1418 1435 1568 repliciert. Das kndsseher nach alles sactrel
397 1523 1450 1640 Außaag Lebendig zud welt kommen, also daß selbi
400 1587 1441 1709 dar nicht todt ware, wann sie es nicht vntler,
397 1667 1443 1783 wderd mit grwält umb das leben gebracht, der
397 1740 1449 1855 selbiger vorsezfinh verwahrlroset hätte und vor
399 1798 1470 1919 erbee laßßen, sie solle dot die wahrheit bekrnnen
403 1864 1458 2012 damit manne nicht solche durch die warter aurd
396 1988 825 2093 pre�en müeße.
389 2018 1441 2175 Bo. Sie habe kein leben an dem kindtlin geschren
423 2113 1473 2270 noch gehört und also einiches seichen des aebens nicht
429 2187 1473 2324 an demselbeg vermerckt noch bobachtet, also habe
412 2252 1468 2422 Sie auch keine gewalttahtige handt angelegt nach
427 2352 1236 2493 daßelbe vorsezlich vordarben laßßne
405 2393 1509 2590 D 1b. sie allezeit an diesem abbat ait ig gelesen.
404 2484 1497 2704 Siehrie eintzig gewesen, biß der telthelan
413 2561 1497 2738 daserd komen. Damald ware bereitt alles wurt,
418 2727 694 2848 lich vorlez.
398 2732 1493 2940 a. warumb sir demselben nicht hinzu gruffen
426 2854 1380 3031 und angezeigt, was sih mit ihra zugetragen
415 2922 1350 3102 . auff diß konnte sie nichts antworten.
397 2942 1525 3195 e. Den stwarmen nach habe sie zu zeit ihre festen
432 3027 1503 3272 Kindts eine solche anttliche ncht ausgestanden, so
428 3096 1478 3342 daß sie er nit hatte wagen sollen eintich undr
1278 3212 1498 3370 ich w
414 3158 1538 3451 hulflaoß an diß abdet sichn zu begeben, sie habe
2516 453 2606 581 169
1609 570 2601 689 Auch wider kenbandt, nach fnden dem kindtlin den
1611 656 2626 782 slabel darmit zuzuschmeren, bay sich gehabt, so daß aber
1618 726 2623 856 malen augenscheinlich darauß erscheint, daß sie vorha
1616 787 2651 927 bent gebrtn dem kindt abzukommen und abzuhelffen.
1617 869 2620 1021 . Sie habe sad keinen bosen uersatz gehabt, auch
1637 960 2614 1086 nicht gestimet, was ihre nach pflicht zutuhn und
1637 1029 2653 1147 vorzusehen oblage, sie glaubt derohalben, daß
1616 1095 2633 1195 Sie es also verleichtfinniget und dessmögen den
1628 1165 2645 1293 od verschuldet habe, wann sie nut zeit und gnad
1648 1232 2635 1359 zu Lüts und buß von gott erlangen konnt
1627 1332 2643 1451 A. sie habe vorgeben, daß dar ode Müller derd
1647 1408 2677 1540 so genannte sit ad iosuo dieses kindtlin bey ihre
1654 1475 2652 1603 in unzriht erzeüget, derselbige aber negito
1657 1548 2658 1671 seinals einihe gemeinschafft mit ihra gepflagen
1644 1612 2641 1725 zu haben. Wurde ihra auch seine berantnuß
1662 1680 2474 1809 o er vor chorgricht gebahnen vorgeleßen.
1653 1753 2688 1871 B und 44 Jahreg, da ie briderseits nach under,
1677 1829 2647 1948 ehrlichet, seige des da d Müller schon ammal zu
1667 1893 2698 2020 Ihra kommen und haben dergleichen getahren umb sih
1675 1972 2725 2094 zu betten und er zu zeahten, auch den er sh
1683 2045 2706 2158 Wbegsted, mit deme sie damalen, so vil als ve
1664 2083 2710 2232 sprahen getesene, sehr verkleineret und veschtächt,
1678 2167 2705 2285 mit vordenten, daß er keine wüßßenschafft habe .
1684 2230 2679 2358 seinem studijo er bbülles hingegen wol und
1669 2288 2734 2422 Beinerend seye erd einen naherd anderwandter vlehhen
1686 2359 2721 2480 Wonned Müllers des ihne schon befürderen werde
1679 2425 2737 2541 Ddemald habe vr vlüker ihro alsobald ungebühren
1682 2500 2750 2631 zugemuchtet, sie aber habe sich dan ihme lonßgerißen
1705 2545 2709 2684 und nachtarts von diesen redeng dem herre cheürschst
1692 2601 2749 2766 nachricht geben, so daß er wüllerd auch zum teill
1713 2670 2689 2843 ung ur saches, deß enthalb sie von herren scheürrlstr
1686 2780 1897 2898 supariert.
1702 2816 2730 2971 Eind mals sey er Müller mit ihrem ehemann in ihre
1711 2888 2707 3027 hauß kommen, Nachborts sey er offters bey ihrem
1711 2955 2762 3090 lesament an der gobattentattaaßen vorbey geschlichen
1707 3001 2757 3195 Vorhimawn Martin Ntarbt ihre erichtend in die
1711 3082 2760 3266 kezter wuchen, als sie wegen ihrer wüterd dampfigen
2399 3147 2669 3267 mpaßlichkeit
