<?xml version="1.0" encoding="UTF-8" standalone="yes"?>
<PcGts xmlns="http://schema.primaresearch.org/PAGE/gts/pagecontent/2013-07-15" xmlns:xsi="http://www.w3.org/2001/XMLSchema-instance" xsi:schemaLocation="http://schema.primaresearch.org/PAGE/gts/pagecontent/2013-07-15 http://schema.primaresearch.org/PAGE/gts/pagecontent/2013-07-15/pagecontent.xsd">
    <Metadata>
        <Creator>prov=University of Rostock/Institute of Mathematics/CITlab|PLANET AI GmbH/Gundram Leifert/gundram.leifert@planet-ai.de:name=German_Kurrent_XVI-XVIII_M1(htr_id=19584)::::v=2.6.7
prov=University of Rostock/Institute of Mathematics/CITlab|PLANET AI GmbH/Tobias Gruening/tobias.gruening@planet-ai.de:name=de.uros.citlab.module.baseline2polygon.B2PSeamMultiOriented:v=2.6.7
prov=University of Rostock/Institute of Mathematics/CITlab|PLANET AI GmbH/Tobias Gruening/tobias.gruening@planet-ai.de:name=/net_tf/LA73_249_0mod360.pb:de.uros.citlab.segmentation.CITlab_LA_ML:v=2.6.7
Transkribus</Creator>
        <Created>2021-03-11T14:15:01.283+01:00</Created>
        <LastChange>2023-06-19T21:07:58.236+02:00</LastChange>
        <TranskribusMetadata docId="1334844" pageId="52362085" pageNr="20" tsid="127273881" status="IN_PROGRESS" userId="68497" imgUrl="https://files.transkribus.eu/Get?id=SSKWEYKVHSJBXQYZHPCLNBQD&amp;fileType=view" xmlUrl="https://files.transkribus.eu/Get?id=WIEDYEZDJDYUNTIDPSWTQPNL" imageId="19038942"/>
    </Metadata>
    <Page imageFilename="IMG_9019.jpg" imageWidth="3024" imageHeight="4032">
        <ReadingOrder>
            <OrderedGroup id="ro_1687513661704" caption="Regions reading order">
                <RegionRefIndexed index="0" regionRef="TextRegion_1687201654020_111"/>
                <RegionRefIndexed index="1" regionRef="TextRegion_1687201650723_105"/>
                <RegionRefIndexed index="2" regionRef="TextRegion_1687201669836_117"/>
                <RegionRefIndexed index="3" regionRef="TextRegion_1687201669836_116"/>
            </OrderedGroup>
        </ReadingOrder>
        <TextRegion orientation="0.0" type="heading" id="TextRegion_1687201654020_111" custom="readingOrder {index:0;} structure {type:heading;}">
            <Coords points="327,376 432,376 1491,387 1491,741 390,741 327,538"/>
            <TextLine id="line_1687201650748_109" custom="readingOrder {index:0;} person {offset:20; length:18; continued:true;}">
                <Coords points="429,717 512,696 577,741 426,741"/>
                <TextEquiv>
                    <Unicode>Krstlichen wurde Er Laußelet von Kirt-</Unicode>
                </TextEquiv>
            </TextLine>
            <TextLine id="r2l1" custom="readingOrder {index:1;} person {offset:0; length:15;}">
                <Coords points="496,485 753,522 804,563 1091,592 1138,563 1470,629 1479,543 1315,518 1227,459 1138,445 1061,497 910,418 753,457 685,404 584,448 505,397"/>
                <Baseline points="501,501 549,506 597,510 645,515 693,520 741,523 789,527 838,531 886,534 934,538 982,541 1030,546 1078,551 1126,556 1175,563 1223,569 1271,577 1319,584 1367,593 1415,604 1464,615"/>
                <TextEquiv>
                    <Unicode>Weter Laußelets Verbrechen</Unicode>
                </TextEquiv>
            </TextLine>
            <TextLine id="r2l2" custom="readingOrder {index:2;}">
                <Coords points="488,589 912,624 965,684 1088,692 1185,639 1339,710 1479,709 1486,651 1393,611 1190,617 1132,569 881,598 753,522 626,511 493,550"/>
                <Baseline points="498,570 546,578 595,585 644,592 692,597 741,602 790,606 838,610 887,614 936,618 985,622 1033,626 1082,630 1131,636 1179,643 1228,650 1277,657 1325,667 1374,677 1423,690 1472,704"/>
                <TextEquiv>
                    <Unicode>und iedicia, welche ihne der mord</Unicode>
                </TextEquiv>
            </TextLine>
            <TextLine id="r2l3" custom="readingOrder {index:3;}">
                <Coords points="650,729 786,743 872,705 952,761 1012,768 1053,741 1283,768 1360,801 1369,712 1146,662 1089,692 1035,666 978,683 913,626 661,606"/>
                <Baseline points="663,672 697,676 732,679 767,684 802,687 837,690 871,693 906,696 941,699 976,702 1011,705 1045,707 1080,710 1115,713 1150,716 1185,720 1219,724 1254,727 1289,731 1324,736 1359,741"/>
                <TextEquiv>
                    <Unicode>that halb beschuldigen</Unicode>
                </TextEquiv>
            </TextLine>
            <TextLine id="r1l1" custom="readingOrder {index:4;}">
                <Coords points="312,527 350,541 388,517 414,538 432,541 447,436 431,435 394,412 375,414 371,409 366,413 330,403"/>
                <Baseline points="327,476 353,478 379,484 405,488 432,488"/>
                <TextEquiv>
                    <Unicode>39</Unicode>
                </TextEquiv>
            </TextLine>
            <TextEquiv>
                <Unicode>Krstlichen wurde Er Laußelet von Kirt-&#13;
Weter Laußelets Verbrechen&#13;
und iedicia, welche ihne der mord&#13;
that halb beschuldigen&#13;
39</Unicode>
            </TextEquiv>
        </TextRegion>
        <TextRegion orientation="0.0" type="paragraph" id="TextRegion_1687201650723_105" custom="readingOrder {index:1;} structure {type:paragraph;}">
            <Coords points="390,741 1491,741 1491,3411 390,3411"/>
            <TextLine id="line_1687201650748_108" custom="readingOrder {index:0;} person {offset:20; length:18; continued:true;}">
                <Coords points="426,741 577,741 598,755 866,762 905,794 1314,803 1498,865 1489,954 1321,897 1167,883 1124,914 1056,875 959,923 828,852 621,882 556,833 419,820"/>
                <Baseline points="426,818 481,823 537,829 593,833 648,838 704,842 760,846 816,851 871,855 927,860 983,863 1039,868 1094,874 1150,879 1206,885 1262,893 1317,900 1373,909 1429,918 1485,929"/>
                <TextEquiv>
                    <Unicode>Krstlichen wurde Er Laußelet von Kirt-</Unicode>
                </TextEquiv>
            </TextLine>
            <TextLine id="r2l5" custom="readingOrder {index:1;} person {offset:0; length:11; continued:true;} person {offset:16; length:14;}">
                <Coords points="438,906 584,901 659,944 692,920 759,966 811,929 978,928 1151,956 1272,1030 1497,1021 1503,959 1321,897 1259,931 1210,886 1121,913 1049,875 987,919 847,864 776,894 738,853 624,883 557,837 445,838"/>
                <Baseline points="447,893 499,898 551,903 603,908 655,912 708,917 760,920 812,924 864,927 916,931 969,935 1021,938 1073,944 1125,949 1177,954 1230,960 1282,968 1334,976 1386,986 1438,997 1491,1008"/>
                <TextEquiv>
                    <Unicode>Meyer Propf und sammuel spühri schul</Unicode>
                </TextEquiv>
            </TextLine>
            <TextLine id="r2l6" custom="readingOrder {index:2;} person {offset:21; length:12;}">
                <Coords points="420,998 638,1055 704,1013 742,1046 829,1001 967,1013 1107,1082 1262,1041 1458,1106 1483,1021 1283,1033 1167,975 1032,1000 880,942 765,984 576,904 426,931"/>
                <Baseline points="429,977 481,983 533,987 585,991 637,994 689,998 741,1001 793,1004 845,1007 897,1011 949,1015 1001,1019 1053,1023 1105,1029 1157,1034 1209,1042 1261,1048 1313,1058 1365,1066 1417,1077 1470,1089"/>
                <TextEquiv>
                    <Unicode>Mls zu Jnnß wir auch Jacob Nulaus</Unicode>
                </TextEquiv>
            </TextLine>
            <TextLine id="r2l7" custom="readingOrder {index:3;} place {offset:9; length:13;}">
                <Coords points="421,1070 787,1083 938,1156 1105,1114 1253,1134 1326,1195 1473,1186 1479,1118 1380,1070 1242,1059 1145,1099 1004,1086 917,1020 791,1012 730,1056 697,1019 647,1056 425,1023"/>
                <Baseline points="429,1056 480,1062 532,1067 584,1070 636,1074 688,1079 740,1082 792,1086 844,1090 896,1094 948,1098 999,1101 1051,1107 1103,1111 1155,1116 1207,1123 1259,1129 1311,1136 1363,1144 1415,1153 1467,1163"/>
                <TextEquiv>
                    <Unicode>Aman von Muntschomnier zu Erlach¬</Unicode>
                </TextEquiv>
            </TextLine>
            <TextLine id="r2l8" custom="readingOrder {index:4;}">
                <Coords points="423,1163 500,1160 563,1209 746,1167 894,1226 969,1195 1027,1238 1140,1183 1490,1270 1495,1204 1326,1195 1148,1125 1012,1119 940,1158 599,1066 429,1082"/>
                <Baseline points="432,1145 484,1151 537,1155 589,1158 642,1163 695,1166 747,1168 800,1172 853,1175 905,1176 958,1180 1011,1184 1063,1188 1116,1192 1169,1196 1221,1202 1274,1209 1327,1215 1379,1224 1432,1234 1485,1245"/>
                <TextEquiv>
                    <Unicode>beklagt und überfüehrt, daß er in hie</Unicode>
                </TextEquiv>
            </TextLine>
            <TextLine id="r2l9" custom="readingOrder {index:5;}">
                <Coords points="417,1248 650,1294 718,1253 918,1266 992,1322 1180,1338 1266,1286 1374,1350 1480,1317 1484,1264 1413,1275 1300,1204 1155,1245 952,1206 860,1241 718,1189 602,1223 422,1175"/>
                <Baseline points="426,1233 478,1238 530,1242 583,1245 635,1248 687,1251 740,1253 792,1255 844,1257 897,1260 949,1262 1001,1265 1054,1268 1106,1271 1158,1274 1211,1279 1263,1283 1315,1289 1368,1295 1420,1302 1473,1310"/>
                <TextEquiv>
                    <Unicode>vorigen zeiten vor ohngefehrdr drey</Unicode>
                </TextEquiv>
            </TextLine>
            <TextLine id="r2l10" custom="readingOrder {index:6;}">
                <Coords points="403,1380 498,1327 549,1368 722,1339 911,1404 1073,1361 1163,1409 1303,1370 1387,1430 1439,1409 1442,1363 1278,1297 1183,1342 879,1320 720,1253 620,1316 561,1280 409,1280"/>
                <Baseline points="414,1323 465,1327 516,1330 567,1333 618,1335 669,1338 720,1340 771,1343 822,1344 873,1347 924,1349 975,1351 1026,1354 1077,1356 1128,1359 1179,1363 1230,1365 1281,1369 1332,1374 1383,1378 1434,1385"/>
                <TextEquiv>
                    <Unicode>Jahren bey vorgegangenen Discurzen</Unicode>
                </TextEquiv>
            </TextLine>
            <TextLine id="r2l11" custom="readingOrder {index:7;} person {offset:4; length:4;}">
                <Coords points="412,1433 665,1447 734,1487 904,1437 1045,1501 1174,1492 1237,1448 1410,1468 1468,1448 1470,1397 1385,1431 1269,1376 987,1417 644,1349 544,1384 486,1338 414,1368"/>
                <Baseline points="420,1418 472,1421 524,1423 576,1425 628,1427 680,1428 732,1430 784,1431 836,1432 888,1433 940,1434 992,1436 1044,1437 1096,1439 1148,1440 1200,1442 1252,1443 1304,1446 1356,1451 1408,1454 1461,1458"/>
                <TextEquiv>
                    <Unicode>von gott seinem heil wort und</Unicode>
                </TextEquiv>
            </TextLine>
            <TextLine id="r2l12" custom="readingOrder {index:8;}">
                <Coords points="395,1558 490,1519 565,1571 637,1536 1015,1568 1175,1532 1488,1587 1491,1513 1388,1477 1316,1519 1242,1462 1160,1510 933,1455 877,1499 818,1456 741,1488 668,1453 399,1460"/>
                <Baseline points="405,1508 458,1512 512,1514 566,1517 620,1519 674,1520 728,1523 781,1524 835,1526 889,1527 943,1529 997,1530 1051,1532 1105,1535 1158,1537 1212,1540 1266,1542 1320,1546 1374,1551 1428,1556 1482,1562"/>
                <TextEquiv>
                    <Unicode>cheschöpfen Scandalose profaniert, Ver¬</Unicode>
                </TextEquiv>
            </TextLine>
            <TextLine id="r2l13" custom="readingOrder {index:9;}">
                <Coords points="413,1620 699,1614 893,1671 1138,1634 1173,1670 1234,1621 1473,1656 1488,1604 1373,1563 1304,1590 1173,1532 1118,1569 1070,1537 814,1596 728,1549 552,1579 491,1518 414,1563"/>
                <Baseline points="420,1596 475,1600 531,1603 587,1605 642,1607 698,1608 754,1610 810,1611 865,1611 921,1613 977,1613 1033,1614 1088,1616 1144,1617 1200,1619 1256,1622 1311,1625 1367,1628 1423,1633 1479,1638"/>
                <TextEquiv>
                    <Unicode>kleinerliche und atheistische reden</Unicode>
                </TextEquiv>
            </TextLine>
            <TextLine id="r2l14" custom="readingOrder {index:10;}">
                <Coords points="411,1732 566,1688 716,1689 871,1757 1074,1702 1347,1735 1463,1704 1318,1630 928,1675 678,1612 413,1643"/>
                <Baseline points="420,1680 471,1682 523,1685 575,1686 627,1688 678,1691 730,1692 782,1694 834,1695 885,1697 937,1698 989,1699 1041,1700 1092,1701 1144,1703 1196,1703 1248,1704 1299,1704 1351,1705 1403,1706 1455,1706"/>
                <TextEquiv>
                    <Unicode>geführt habe, sprechende kauth der</Unicode>
                </TextEquiv>
            </TextLine>
            <TextLine id="r2l15" custom="readingOrder {index:11;}">
                <Coords points="409,1788 475,1773 602,1821 665,1777 817,1776 1040,1838 1162,1779 1442,1809 1469,1735 1255,1704 1145,1755 1014,1720 853,1760 567,1688 409,1751"/>
                <Baseline points="417,1772 469,1772 521,1772 573,1772 625,1773 678,1773 730,1773 782,1775 834,1775 886,1775 939,1776 991,1776 1043,1778 1095,1778 1147,1779 1200,1781 1252,1781 1304,1782 1356,1783 1408,1784 1461,1785"/>
                <TextEquiv>
                    <Unicode>beyd ersteren außaag. Wals ist die</Unicode>
                </TextEquiv>
            </TextLine>
            <TextLine id="r2l16" custom="readingOrder {index:12;}">
                <Coords points="410,1903 655,1916 706,1873 876,1861 1018,1902 1087,1858 1149,1892 1255,1863 1496,1895 1496,1826 1423,1800 1088,1796 1040,1839 904,1792 811,1820 739,1776 592,1822 411,1788"/>
                <Baseline points="417,1860 470,1862 524,1863 577,1863 631,1863 684,1863 738,1863 791,1862 845,1862 898,1862 952,1862 1006,1860 1059,1860 1113,1860 1166,1862 1220,1862 1273,1863 1327,1864 1380,1866 1434,1868 1488,1871"/>
                <TextEquiv>
                    <Unicode>theil. schrifft? es ist alles ein nichts</Unicode>
                </TextEquiv>
            </TextLine>
            <TextLine id="r2l17" custom="readingOrder {index:13;}">
                <Coords points="403,1955 547,1942 638,1999 684,1954 865,1941 1112,1996 1203,1942 1312,1985 1387,1946 1489,1993 1489,1919 1392,1885 1119,1878 962,1924 878,1872 759,1919 707,1880 628,1919 491,1882 404,1908"/>
                <Baseline points="411,1940 464,1941 518,1943 571,1943 625,1943 678,1944 732,1944 785,1944 839,1944 892,1944 946,1944 1000,1943 1053,1943 1107,1943 1160,1943 1214,1944 1267,1944 1321,1944 1374,1946 1428,1946 1482,1947"/>
                <TextEquiv>
                    <Unicode>wie auch auff sein Sfropsts Replicieren</Unicode>
                </TextEquiv>
            </TextLine>
            <TextLine id="r2l18" custom="readingOrder {index:14;} person {offset:17; length:8;} person {offset:27; length:8;}">
                <Coords points="406,2038 726,2034 790,2071 986,2028 1199,2050 1244,2090 1308,2040 1444,2057 1470,1984 1365,1974 1282,2021 1071,1967 889,2005 743,1949 636,1998 506,1952 407,1989"/>
                <Baseline points="414,2030 466,2028 518,2028 571,2030 623,2030 675,2031 728,2033 780,2034 832,2036 885,2037 937,2039 989,2040 1042,2042 1094,2042 1146,2043 1199,2043 1251,2043 1303,2042 1356,2040 1408,2039 1461,2036"/>
                <TextEquiv>
                    <Unicode>daß ia ein desus Christus, Zeilland</Unicode>
                </TextEquiv>
            </TextLine>
            <TextLine id="r2l19" custom="readingOrder {index:15;}">
                <Coords points="405,2124 610,2138 655,2175 919,2166 1006,2120 1148,2172 1189,2139 1266,2173 1341,2115 1458,2134 1458,2084 1333,2039 1249,2091 1089,2091 985,2030 670,2095 617,2060 540,2098 405,2092"/>
                <Baseline points="413,2114 464,2115 516,2115 568,2115 620,2115 672,2117 724,2117 776,2117 828,2117 880,2118 932,2118 983,2118 1035,2118 1087,2118 1139,2118 1191,2118 1243,2117 1295,2117 1347,2115 1399,2115 1451,2114"/>
                <TextEquiv>
                    <Unicode>und Selig Macher seye etc. so seye der</Unicode>
                </TextEquiv>
            </TextLine>
            <TextLine id="r2l20" custom="readingOrder {index:16;}">
                <Coords points="407,2241 678,2200 811,2216 852,2255 923,2209 1029,2253 1180,2205 1406,2228 1414,2155 1344,2134 1284,2180 1226,2145 1150,2174 1006,2120 933,2175 896,2150 809,2185 747,2147 674,2189 526,2144 406,2180"/>
                <Baseline points="413,2208 462,2208 512,2207 562,2205 611,2205 661,2205 711,2205 760,2205 810,2205 860,2205 910,2204 959,2204 1009,2204 1059,2204 1108,2202 1158,2202 1208,2201 1257,2200 1307,2198 1357,2196 1407,2193"/>
                <TextEquiv>
                    <Unicode>selbe in die wort außgebrochen,</Unicode>
                </TextEquiv>
            </TextLine>
            <TextLine id="r2l21" custom="readingOrder {index:17;}">
                <Coords points="394,2332 543,2291 600,2326 669,2283 1332,2313 1370,2279 1438,2293 1437,2211 1242,2254 1009,2253 949,2220 883,2252 666,2219 618,2252 392,2240"/>
                <Baseline points="401,2292 452,2289 503,2286 555,2285 606,2284 658,2283 709,2283 761,2283 812,2283 864,2283 915,2283 966,2283 1018,2283 1069,2283 1121,2283 1172,2282 1224,2280 1275,2279 1327,2276 1378,2271 1430,2268"/>
                <TextEquiv>
                    <Unicode>Aesus ist jn auch mir ein Mensch.</Unicode>
                </TextEquiv>
            </TextLine>
            <TextLine id="r2l22" custom="readingOrder {index:18;}">
                <Coords points="390,2435 481,2374 784,2419 869,2367 1086,2405 1130,2366 1447,2367 1448,2303 1097,2322 1008,2293 954,2324 795,2288 681,2344 548,2300 388,2349"/>
                <Baseline points="396,2379 448,2377 500,2375 552,2373 605,2372 657,2371 709,2370 762,2370 814,2369 866,2369 919,2367 971,2367 1023,2367 1075,2366 1128,2364 1180,2363 1232,2361 1285,2358 1337,2357 1389,2353 1442,2349"/>
                <TextEquiv>
                    <Unicode>gewesen, diß alles sint Lantere</Unicode>
                </TextEquiv>
            </TextLine>
            <TextLine id="r2l23" custom="readingOrder {index:19;}">
                <Coords points="950,2456 971,2453 1021,2496 1092,2493 1204,2452 1283,2447 1312,2462 1416,2421 1450,2434 1447,2379 1398,2360 1356,2383 1313,2363 1200,2408 1115,2381 1087,2404 1021,2371 991,2390 946,2386"/>
                <Baseline points="956,2439 981,2439 1007,2439 1032,2439 1058,2438 1083,2436 1109,2435 1135,2434 1160,2432 1186,2430 1211,2430 1237,2427 1262,2427 1288,2425 1314,2423 1339,2423 1365,2421 1390,2421 1416,2421 1442,2421"/>
                <TextEquiv>
                    <Unicode>Nach Außweisung</Unicode>
                </TextEquiv>
            </TextLine>
            <TextLine id="r2l24" custom="readingOrder {index:20;}">
                <Coords points="401,2476 487,2462 549,2477 583,2456 605,2460 617,2449 630,2459 659,2437 691,2440 689,2396 644,2384 613,2409 581,2385 553,2401 529,2383 516,2397 501,2389 449,2412 434,2405 399,2431"/>
                <Baseline points="407,2459 432,2456 457,2454 482,2453 507,2451 532,2450 558,2449 583,2448 608,2447 633,2447 658,2446 684,2445"/>
                <TextEquiv>
                    <Unicode>M�lrli.</Unicode>
                </TextEquiv>
            </TextLine>
            <TextLine id="r2l25" custom="readingOrder {index:21;} person {offset:20; length:7;}">
                <Coords points="404,2553 465,2578 527,2536 620,2567 692,2523 1461,2530 1459,2440 1200,2452 1115,2498 913,2461 764,2497 618,2448 402,2476"/>
                <Baseline points="411,2538 463,2535 515,2531 567,2529 619,2526 671,2523 723,2522 776,2520 828,2519 880,2518 932,2517 984,2516 1036,2516 1088,2514 1141,2514 1193,2514 1245,2513 1297,2513 1349,2512 1401,2511 1454,2511"/>
                <TextEquiv>
                    <Unicode>deß letsteren Amman Niclaus de¬</Unicode>
                </TextEquiv>
            </TextLine>
            <TextLine id="r2l26" custom="readingOrder {index:22;}">
                <Coords points="398,2643 513,2605 875,2593 944,2626 1127,2575 1228,2607 1454,2587 1452,2529 1336,2521 1071,2564 926,2533 868,2572 784,2538 627,2575 568,2533 396,2572"/>
                <Baseline points="404,2610 456,2609 508,2607 560,2604 612,2603 664,2600 716,2598 768,2597 820,2594 872,2593 925,2591 977,2589 1029,2588 1081,2586 1133,2585 1185,2583 1237,2583 1289,2582 1341,2580 1393,2579 1446,2579"/>
                <TextEquiv>
                    <Unicode>position aber, daß auch vor etwann</Unicode>
                </TextEquiv>
            </TextLine>
            <TextLine id="r2l27" custom="readingOrder {index:23;}">
                <Coords points="396,2744 511,2755 619,2694 776,2717 819,2682 1290,2677 1388,2723 1490,2684 1487,2604 1243,2624 1102,2577 972,2660 805,2624 696,2665 586,2625 392,2656"/>
                <Baseline points="401,2702 455,2699 509,2697 563,2694 617,2693 671,2690 725,2688 779,2686 833,2684 887,2682 941,2681 995,2679 1049,2676 1103,2675 1157,2673 1211,2670 1265,2668 1319,2666 1373,2664 1427,2662 1482,2660"/>
                <TextEquiv>
                    <Unicode>3 jahren, als er und Laußelet nachts</Unicode>
                </TextEquiv>
            </TextLine>
            <TextLine id="r2l28" custom="readingOrder {index:24;} place {offset:4; length:6;}">
                <Coords points="395,2796 529,2819 878,2752 1101,2810 1157,2760 1218,2787 1443,2757 1467,2682 1315,2728 1036,2700 978,2739 904,2690 831,2731 564,2703 514,2755 393,2735"/>
                <Baseline points="401,2777 454,2774 507,2772 560,2771 613,2768 666,2766 719,2764 772,2762 825,2760 878,2759 931,2757 984,2756 1037,2754 1090,2751 1143,2750 1196,2748 1249,2745 1302,2744 1355,2742 1408,2739 1461,2738"/>
                <TextEquiv>
                    <Unicode>von erlach nach tunß gegangen, und</Unicode>
                </TextEquiv>
            </TextLine>
            <TextLine id="r2l29" custom="readingOrder {index:25;}">
                <Coords points="392,2873 834,2845 921,2893 1052,2839 1358,2858 1449,2818 1332,2754 1239,2794 1158,2760 1102,2810 932,2811 862,2770 781,2830 643,2782 391,2828"/>
                <Baseline points="399,2859 451,2856 503,2853 555,2852 607,2850 659,2847 711,2846 764,2843 816,2841 868,2840 920,2837 972,2835 1024,2833 1076,2831 1129,2829 1181,2827 1233,2825 1285,2823 1337,2820 1389,2818 1442,2816"/>
                <TextEquiv>
                    <Unicode>der Mond in der gegend deß so ge¬</Unicode>
                </TextEquiv>
            </TextLine>
            <TextLine id="r2l30" custom="readingOrder {index:26;}">
                <Coords points="397,2939 672,2970 704,2935 843,2924 901,2960 1099,2915 1154,2951 1192,2916 1322,2945 1446,2886 1444,2836 1167,2873 1061,2844 975,2895 863,2855 395,2893"/>
                <Baseline points="404,2928 455,2928 507,2927 559,2927 611,2925 662,2924 714,2923 766,2921 818,2919 869,2918 921,2916 973,2914 1025,2912 1076,2909 1128,2907 1180,2904 1232,2903 1283,2900 1335,2897 1387,2894 1439,2891"/>
                <TextEquiv>
                    <Unicode>nannten st Jodels gar häll geleuchtet</Unicode>
                </TextEquiv>
            </TextLine>
            <TextLine id="r2l31" custom="readingOrder {index:27;} person {offset:17; length:7;}">
                <Coords points="397,3015 607,3008 748,3049 808,3014 890,3043 1090,2995 1290,3025 1474,2997 1472,2946 1384,2917 1323,2949 1242,2925 1175,2969 1129,2929 976,2974 932,2937 859,2977 743,2936 632,2973 515,2936 396,2982"/>
                <Baseline points="404,3003 457,3003 510,3003 563,3002 616,3002 669,3002 722,3000 775,3000 828,2999 881,2999 935,2997 988,2996 1041,2994 1094,2993 1147,2991 1200,2988 1253,2986 1306,2983 1359,2981 1412,2977 1466,2973"/>
                <TextEquiv>
                    <Unicode>und deßtwegen Er Niclaus zu folgen,</Unicode>
                </TextEquiv>
            </TextLine>
            <TextLine id="r2l32" custom="readingOrder {index:28;}">
                <Coords points="389,3113 732,3079 871,3129 986,3080 1173,3105 1477,3069 1475,2999 1417,2992 1199,3045 1066,3013 1015,3056 800,3013 729,3065 607,3008 521,3052 388,3051"/>
                <Baseline points="396,3087 449,3086 503,3084 556,3083 610,3081 664,3081 717,3080 771,3080 825,3078 878,3078 932,3077 986,3077 1039,3075 1093,3074 1147,3072 1200,3071 1254,3069 1308,3066 1361,3063 1415,3060 1469,3056"/>
                <TextEquiv>
                    <Unicode>den reden bewogen worden, wil hat</Unicode>
                </TextEquiv>
            </TextLine>
            <TextLine id="r2l33" custom="readingOrder {index:29;} person {offset:5; length:4;}">
                <Coords points="385,3182 464,3213 518,3165 1025,3184 1087,3151 1227,3193 1287,3145 1458,3120 1384,3068 1067,3113 925,3091 871,3129 831,3092 728,3127 658,3091 383,3119"/>
                <Baseline points="392,3170 447,3165 503,3160 559,3158 614,3156 670,3155 726,3153 782,3153 837,3153 893,3153 949,3153 1005,3152 1060,3152 1116,3150 1172,3149 1228,3145 1283,3142 1339,3137 1395,3131 1451,3122"/>
                <TextEquiv>
                    <Unicode>doch Gott alles so weißlich erschaffen</Unicode>
                </TextEquiv>
            </TextLine>
            <TextLine id="r2l34" custom="readingOrder {index:30;}">
                <Coords points="389,3259 644,3237 809,3282 856,3239 987,3293 1041,3254 1369,3224 1426,3208 1425,3174 1259,3164 1212,3197 1122,3153 1041,3196 788,3200 694,3164 656,3202 588,3171 387,3201"/>
                <Baseline points="396,3249 447,3242 498,3237 549,3233 600,3231 651,3229 702,3228 753,3228 804,3228 855,3228 907,3228 958,3228 1009,3229 1060,3228 1111,3228 1162,3225 1213,3223 1264,3220 1315,3214 1366,3209 1418,3200"/>
                <TextEquiv>
                    <Unicode>daß wir dißmahl gleichsamm wie am</Unicode>
                </TextEquiv>
            </TextLine>
            <TextLine id="r2l35" custom="readingOrder {index:31;} person {offset:31; length:8;}">
                <Coords points="383,3357 568,3330 728,3372 797,3326 910,3350 1116,3315 1325,3338 1458,3278 1456,3198 1001,3287 863,3243 793,3288 682,3250 380,3260"/>
                <Baseline points="390,3327 443,3321 496,3315 549,3311 602,3308 655,3306 708,3305 761,3305 814,3306 867,3306 920,3306 973,3306 1026,3306 1079,3306 1132,3305 1185,3303 1238,3300 1291,3294 1344,3289 1397,3280 1451,3270"/>
                <TextEquiv>
                    <Unicode>tag wandlen können, worauff er laußelet</Unicode>
                </TextEquiv>
            </TextLine>
            <TextLine id="r2l36" custom="readingOrder {index:32;}">
                <Coords points="1228,3440 1263,3406 1290,3410 1305,3395 1344,3398 1391,3381 1455,3380 1442,3294 1418,3291 1409,3303 1385,3302 1346,3347 1260,3348 1217,3368"/>
                <Baseline points="1229,3393 1256,3388 1283,3382 1310,3376 1337,3372 1364,3367 1391,3364 1418,3363 1445,3362"/>
                <TextEquiv>
                    <Unicode>geredt</Unicode>
                </TextEquiv>
            </TextLine>
            <TextEquiv>
                <Unicode>Krstlichen wurde Er Laußelet von Kirt-&#13;
Meyer Propf und sammuel spühri schul&#13;
Mls zu Jnnß wir auch Jacob Nulaus&#13;
Aman von Muntschomnier zu Erlach¬&#13;
beklagt und überfüehrt, daß er in hie&#13;
vorigen zeiten vor ohngefehrdr drey&#13;
Jahren bey vorgegangenen Discurzen&#13;
von gott seinem heil wort und&#13;
cheschöpfen Scandalose profaniert, Ver¬&#13;
kleinerliche und atheistische reden&#13;
geführt habe, sprechende kauth der&#13;
beyd ersteren außaag. Wals ist die&#13;
theil. schrifft? es ist alles ein nichts&#13;
wie auch auff sein Sfropsts Replicieren&#13;
daß ia ein desus Christus, Zeilland&#13;
und Selig Macher seye etc. so seye der&#13;
selbe in die wort außgebrochen,&#13;
Aesus ist jn auch mir ein Mensch.&#13;
gewesen, diß alles sint Lantere&#13;
Nach Außweisung&#13;
M�lrli.&#13;
deß letsteren Amman Niclaus de¬&#13;
position aber, daß auch vor etwann&#13;
3 jahren, als er und Laußelet nachts&#13;
von erlach nach tunß gegangen, und&#13;
der Mond in der gegend deß so ge¬&#13;
nannten st Jodels gar häll geleuchtet&#13;
und deßtwegen Er Niclaus zu folgen,&#13;
den reden bewogen worden, wil hat&#13;
doch Gott alles so weißlich erschaffen&#13;
daß wir dißmahl gleichsamm wie am&#13;
tag wandlen können, worauff er laußelet&#13;
geredt</Unicode>
            </TextEquiv>
        </TextRegion>
        <TextRegion orientation="0.0" type="heading" id="TextRegion_1687201669836_117" custom="readingOrder {index:2;} structure {type:heading;}">
            <Coords points="1567,426 2727,426 2727,673 1567,673"/>
            <TextLine id="r3l1" custom="readingOrder {index:0;}">
                <Coords points="1564,669 1880,611 2039,537 2244,584 2399,552 2650,590 2737,561 2734,485 2389,427 1911,429 1621,528 1557,512"/>
                <Baseline points="1569,615 1627,596 1685,580 1743,565 1801,555 1859,546 1917,539 1975,534 2033,531 2091,528 2149,527 2207,527 2265,528 2323,530 2381,531 2439,534 2497,536 2555,539 2613,540 2671,542 2729,542"/>
                <TextEquiv>
                    <Unicode>1 sofeter Lausselets Entschuldigungen</Unicode>
                </TextEquiv>
            </TextLine>
            <TextEquiv>
                <Unicode>1 sofeter Lausselets Entschuldigungen</Unicode>
            </TextEquiv>
        </TextRegion>
        <TextRegion orientation="0.0" type="paragraph" id="TextRegion_1687201669836_116" custom="readingOrder {index:3;} structure {type:paragraph;}">
            <Coords points="1567,673 2727,673 2729,1578 1569,1578"/>
            <TextLine id="r3l2" custom="readingOrder {index:0;}">
                <Coords points="1663,875 1792,811 2053,784 2165,833 2281,802 2355,854 2463,797 2592,852 2648,808 2724,820 2724,724 2512,748 2429,694 2306,734 2021,684 1975,725 1888,690 1663,720"/>
                <Baseline points="1670,827 1722,817 1774,808 1827,802 1879,796 1931,793 1984,790 2036,788 2088,788 2141,788 2193,788 2245,790 2298,792 2350,794 2402,796 2455,798 2507,801 2559,803 2612,804 2664,806 2717,806"/>
                <TextEquiv>
                    <Unicode>krstlichem bekennte er, da� er �net beschrien</Unicode>
                </TextEquiv>
            </TextLine>
            <TextLine id="r3l3" custom="readingOrder {index:1;}">
                <Coords points="1666,925 1803,878 1876,925 1931,874 2056,868 2371,872 2410,905 2487,875 2561,913 2683,858 2466,799 2341,853 2267,801 2166,834 2006,810 1931,838 1883,809 1665,877"/>
                <Baseline points="1673,899 1723,890 1773,884 1823,879 1873,874 1923,872 1973,869 2023,868 2073,867 2123,867 2174,869 2224,870 2274,871 2324,872 2374,875 2424,875 2474,876 2524,878 2574,878 2624,878 2675,878"/>
                <TextEquiv>
                    <Unicode>bine ärgerliche Reden und Discursen</Unicode>
                </TextEquiv>
            </TextLine>
            <TextLine id="r3l4" custom="readingOrder {index:2;}">
                <Coords points="1636,1037 2032,951 2176,982 2257,956 2314,993 2370,962 2736,976 2735,883 2650,926 2517,888 2364,927 2281,879 2133,911 2025,871 1870,927 1813,888 1635,938"/>
                <Baseline points="1643,986 1697,976 1751,969 1805,961 1860,956 1914,953 1968,950 2023,948 2077,947 2131,947 2186,948 2240,948 2294,950 2348,952 2403,954 2457,954 2511,956 2566,957 2620,959 2674,957 2729,957"/>
                <TextEquiv>
                    <Unicode>geführt, hierbey aber selbiger zeit alsobald</Unicode>
                </TextEquiv>
            </TextLine>
            <TextLine id="r3l5" custom="readingOrder {index:3;}">
                <Coords points="1634,1105 1686,1066 1840,1083 1965,1033 2459,1040 2529,1072 2691,1045 2690,974 2368,968 2321,1011 2033,950 1862,1015 1780,983 1633,1038"/>
                <Baseline points="1641,1068 1693,1060 1745,1053 1797,1046 1849,1041 1901,1038 1953,1035 2006,1032 2058,1031 2110,1031 2162,1029 2214,1031 2266,1031 2318,1031 2371,1032 2423,1032 2475,1034 2527,1034 2579,1034 2631,1034 2684,1032"/>
                <TextEquiv>
                    <Unicode>unzugestezt und verdentet habe, daß</Unicode>
                </TextEquiv>
            </TextLine>
            <TextLine id="r3l6" custom="readingOrder {index:4;} person {offset:4; length:8;}">
                <Coords points="1639,1164 1976,1112 2089,1172 2142,1122 2207,1156 2312,1116 2517,1162 2569,1118 2720,1130 2733,1063 2567,1088 2434,1045 2090,1035 1999,1081 1638,1102"/>
                <Baseline points="1646,1145 1700,1135 1754,1128 1808,1122 1862,1116 1916,1113 1970,1110 2024,1108 2078,1107 2132,1106 2186,1107 2240,1107 2294,1109 2348,1110 2402,1112 2456,1113 2510,1116 2564,1118 2618,1119 2672,1121 2727,1122"/>
                <TextEquiv>
                    <Unicode>die arrianer dergleichen statuieren, er aber</Unicode>
                </TextEquiv>
            </TextLine>
            <TextLine id="r3l7" custom="readingOrder {index:5;}">
                <Coords points="1654,1242 1780,1216 1936,1257 2060,1194 2172,1196 2244,1247 2344,1199 2703,1202 2634,1136 2507,1175 2323,1117 2207,1157 2141,1121 2090,1170 1982,1113 1924,1154 1653,1168"/>
                <Baseline points="1662,1227 1713,1219 1765,1212 1817,1206 1868,1200 1920,1197 1972,1194 2023,1193 2075,1191 2127,1191 2179,1191 2230,1191 2282,1193 2334,1193 2385,1194 2437,1195 2489,1196 2540,1196 2592,1196 2644,1196 2696,1194"/>
                <TextEquiv>
                    <Unicode>solches nicht glauben tühe. Allein</Unicode>
                </TextEquiv>
            </TextLine>
            <TextLine id="r3l8" custom="readingOrder {index:6;}">
                <Coords points="1642,1318 2324,1274 2610,1315 2709,1283 2633,1201 2325,1211 2253,1253 2145,1193 1930,1255 1725,1229 1641,1275"/>
                <Baseline points="1649,1307 1701,1302 1754,1297 1806,1293 1859,1289 1912,1286 1964,1283 2017,1281 2070,1278 2122,1277 2175,1275 2228,1274 2280,1274 2333,1272 2386,1272 2438,1272 2491,1272 2544,1272 2596,1273 2649,1274 2702,1275"/>
                <TextEquiv>
                    <Unicode>von dieser exception wollen die zeügen</Unicode>
                </TextEquiv>
            </TextLine>
            <TextLine id="r3l9" custom="readingOrder {index:7;}">
                <Coords points="1648,1400 1734,1371 1801,1414 1900,1374 2004,1408 2059,1363 2124,1403 2211,1353 2709,1350 2708,1312 2375,1308 2323,1275 1898,1299 1831,1333 1756,1301 1646,1351"/>
                <Baseline points="1655,1383 1707,1380 1759,1375 1812,1372 1864,1368 1916,1364 1969,1362 2021,1358 2073,1356 2126,1353 2178,1352 2230,1350 2283,1349 2335,1347 2387,1346 2440,1346 2492,1346 2544,1346 2597,1346 2649,1347 2702,1347"/>
                <TextEquiv>
                    <Unicode>sich nichts versimmmen. Vide examen von</Unicode>
                </TextEquiv>
            </TextLine>
            <TextLine id="r3l10" custom="readingOrder {index:8;} place {offset:0; length:6;}">
                <Coords points="1640,1504 1758,1511 1874,1453 2028,1486 2242,1433 2478,1431 2615,1478 2680,1437 2678,1390 2591,1367 2531,1398 2492,1363 2438,1391 2358,1357 2274,1407 2193,1373 2120,1402 2069,1368 1971,1405 1855,1378 1779,1418 1699,1386 1636,1431"/>
                <Baseline points="1646,1472 1697,1467 1748,1463 1799,1459 1851,1455 1902,1451 1953,1447 2005,1443 2056,1441 2107,1437 2159,1435 2210,1433 2261,1430 2312,1429 2364,1427 2415,1426 2466,1425 2518,1424 2569,1422 2620,1422 2672,1422"/>
                <TextEquiv>
                    <Unicode>Erlach N 2 schreibenv 3 anßaag</Unicode>
                </TextEquiv>
            </TextLine>
            <TextLine id="r3l11" custom="readingOrder {index:9;}">
                <Coords points="1638,1576 1739,1580 1765,1565 1795,1578 1819,1563 1854,1584 1876,1561 1978,1581 2030,1567 2018,1466 1935,1482 1874,1453 1835,1499 1764,1472 1713,1506 1629,1503"/>
                <Baseline points="1644,1560 1670,1557 1697,1553 1723,1549 1750,1545 1776,1541 1803,1538 1830,1536 1856,1533 1883,1529 1909,1526 1936,1524 1962,1521 1989,1518 2016,1515"/>
                <TextEquiv>
                    <Unicode>No 34. D. F.</Unicode>
                </TextEquiv>
            </TextLine>
            <TextEquiv>
                <Unicode>krstlichem bekennte er, da� er �net beschrien&#13;
bine ärgerliche Reden und Discursen&#13;
geführt, hierbey aber selbiger zeit alsobald&#13;
unzugestezt und verdentet habe, daß&#13;
die arrianer dergleichen statuieren, er aber&#13;
solches nicht glauben tühe. Allein&#13;
von dieser exception wollen die zeügen&#13;
sich nichts versimmmen. Vide examen von&#13;
Erlach N 2 schreibenv 3 anßaag&#13;
No 34. D. F.</Unicode>
            </TextEquiv>
        </TextRegion>
    </Page>
</PcGts>
