3024 4032
373 519 1401 697 handecstlichen zeuig beschende vnd mrach unh er
355 636 1401 793 welt hinder der Muter, schwister liegend Linde
364 718 1426 872 laßn. Inmaß en sie seit gedacht ihrer elleren s
373 818 1388 953 Hinscheid ihn keben bey dem bantrei zu und her
371 919 997 1047 dienend durch bringen müßen
375 1006 1405 1193 2. Hebesahad und jahrre der Hannß Burkhalber
369 1116 1404 1263 von ob erburg ein unehrlicher kinderziiget, welches
366 1195 1383 1335 denach bey leben und bey Michel Burchalter
361 1271 1405 1438 am seng zu Oberburg vendingetseye. Mit dißem
359 1372 1389 1526 Eel habe sie zuad eheliche verschrechung gehabt
364 1483 1416 1620 allein seine mlutes habe diesem heüraht nicht zu laßen
364 1580 528 1677 wallen.
358 1673 1409 1831 3. Sahe sie den Meger biß auf Martini tag
350 1766 1397 1903 1624 bey dem Lehrnmann im Wittikafng in
370 1842 1406 1968 dinstag gestanden, alda habe sie mit bunde schwer
359 1924 1402 2074 daselbstigen knracht einem verbitt ibter manng sich
377 2023 1408 2167 in unzucht vertrabet und also sich schwängeren laßen
357 2153 1378 2315 H. gestuhnde, sie auch, daß sie anzeten und
355 2244 1381 2384 zrad bereits etwann nach dem Easten vlant
360 2318 1403 2483 geloohnt schlangeren leibt zu seyzen und seit mar
347 2388 1391 2579 ttini tag litsthun niemals darann gezlaiffelt
360 2491 1386 2650 auch das kindt vor zit zuzeit, jn selbst noch
350 2585 1399 2746 zwy tag vor ihrer underkunfft lebend und sich
375 2666 1374 2831 sehnd in ihrem leib empfandnn, auch solhe ihar
348 2748 1396 2901 Schangeschaff dd achtemn auch Schured zu zut de
353 2860 1393 2999 Sie nach beide zu Wittikafer in diensten anhe
357 2924 1385 3084 zigt habt, welches aber geantwortt, das kindt
798 3000 1397 3145 Sonstag habe sie gedeut ihren
368 3018 783 3154 seye nicht sein 1
381 3075 1402 3240 Schwangeren zustandh gad niemanden eit deht
1153 3169 1265 3269 und
2512 397 2649 492 229.
1611 493 2671 645 und groffenbahret, nach seye sich deßßentwegen
1608 593 2703 738 solder von der ehrbarkeit nach sonstag irgend einichen
1594 678 2539 834 Menscher Niewals zu Led gestaßen worden
1603 809 2692 958 6. So beknnte sie auch nach ewelchen dariationen
1607 907 2675 1034 und vetratt ionen, daß selbigen tags, als sie deß
1593 987 2644 1116 kinder wind erkanme, sie mit Anrli Frey ihner
1603 1077 2659 1212 slebend magd bey Hanns Ruder zu Urhingeg i
1595 1162 2703 1313 Diensten auf die brundr in sich begeben umb darinn
1612 1257 2686 1411 dat gehatt und unbraut aus zugraben, aller ine
1883 1355 1972 1417 1
1603 1358 2668 1486 keimen und sauch grimmen sie Verena Sterchi ange
1590 1436 2656 1564 stoßen, dahero sie in ihrer arbeit nicht fort fahren
1601 1518 2691 1646 kannten. Dieser bauch Schwerzen, habe sie ge
1569 1602 2691 1731 dmllt ihreo nebend wagd eröffnet, die da die
1587 1672 2697 1815 geheißen heye geher und zu vertreibung derselben
1597 1766 2694 1898 etwaß waßers einzunommen. Anstatt daßen
1594 1855 2712 1996 aber seye sie Verna Sprrchi von der glebend mayd
1586 1939 2697 2072 bey Pprry schrinburg weil zutegg und auff die
1582 2022 2707 2159 Ober des Frantz dolsfolgers Glatten Abeit ge-
1565 2111 2705 2254 gnant gegangen, daselbsten habind sich die geburte,
1564 2185 2682 2312 merzen dergestalten vermehret, also daß sie ic
1579 2276 2686 2395 matzed zeit ihrs kndts underkommen und obschan
1576 2362 2646 2507 sie obgedacht ihreo seebend, wlagd gar lechtlich hatte
1572 2444 2692 2587 zuansten und son ihra wol erhört werden boman, so
2562 2545 2685 2638 Als
1570 2549 2366 2670 habe sie dennoch solches underlaßen.
1576 2611 2706 2758 die kindt-whr so hefftig worden, habe sie sich daselbsten
1578 2704 2690 2845 an den haag gestellt und als das kindt zum till
1570 2784 2685 2932 und wie lie glaube mit dem ganzen Köpflin bereitd
1570 2863 2682 3019 auß wuter leb hinauß zur lacht getahren ware, habe
1570 2959 2681 3079 Sie sich kinder und auff der bodrne gestzet, die beng
1575 3048 2663 3174 und scheikel so fast muglich zusamern und über
1562 3122 2671 3266 einnander geschlagen und also die völlige gebärung
2314 3229 2611 3324 nach vermögen
