3024 4032
345 358 1421 696 Bl
375 492 1431 771 habe sie es alsobald auff die schooß genommen und be
348 581 1423 826 trachtet, auch befunden, daß die slalhschuud ver
346 677 1421 900 eisßen geweßen, also habe sie es nicht abgebunden
378 746 1439 973 dann sie wonder wleßßer nach schär jaricht inmel
369 824 1436 1043 einstack bey sich gehabt, habe auch kene leben an ihm
376 908 1433 1125 versfehrt und des sagen selbiges neben sich uf
376 983 986 1134 der spycher tritt gelegen.
350 1094 1436 1297 Aen ob sie das kindert auff genommen und warnent
381 1210 1458 1401 eherb word die nachgeburt vor ihra außgegangen s
375 1275 1456 1509 H. Rocher das kindt zu halt gebricht, hlse
384 1395 1441 1604 es als bald auffgenommen, die rethgebnrt abe sihe
361 1475 1457 1670 Erst etwanng eine viertelstund hernach von ihrae auß
368 1595 621 1684 gegangen.
364 1662 1441 1808 . ob sie nicht beobachtet habe, daß das adt zum
392 1758 1404 1883 Otenen Näbelin hhnauß sich verbleutet habe.
382 1823 1324 1949 Bo. Wein sie habe nichts dergleichen gesohnen
372 1924 1446 2077 Replicinrt ang dem Ort under dem Pschu reit
388 2015 1423 2168 allda sie geneseen, habe sich eine große blut,
387 2091 1413 2248 vergießung auff dem boder befunden, so ohne
397 2167 1441 2331 Sarikeel dog verbluetung deß kindts bekennen.
389 2241 1459 2396 Diesers oat habe sie mit einem steinn bedeckt gehabt.
379 2319 1470 2507 e Sie habe krim verbluitung an dem lndt shen
397 2399 1457 2605 iersehbst habe bey der gehauet diesen blutvorleß
402 2470 1451 2680 getahr und selbigen mit einem steig auff dem
398 2546 1442 2705 boreig bedecht, damit nicht etwang die hand darzu
396 2670 780 2802 kommen könnten.
386 2683 1471 2906 . umb welche stund sil hinter die sfyehr kommen,
397 2762 1481 2975 Wie lang es sich mit ihrer grinßt verzegne, zu lal,
392 2835 1467 3067 icher zeit sie hernach in ihres mluter hauß ankenmen
404 3030 512 3136 sege
407 2968 1507 3239 etc. Ein füenig vos 5 uhren am morger vr sie hin
411 3040 1500 3278 das den pfychwere ankommen. Ire während der frühe,
404 3112 1500 3381 predig habe sie ihre genicst absotdiert gelabt, zu
405 3183 1524 3463 der zeit sey en fraut aß dahin kommen, der zü gefhenn,
1252 3317 1404 3417 gedent
399 3244 1485 3526 deßs wegen sie das kindt verborgen und mit redt
2523 348 2625 439 161.
1553 436 2659 652 east nachtarts sey sie nach ihreo sluts haußgangen
1554 546 2651 744 Jihin konmen eherhedar da priche n peldig auß gebofen,
1561 636 2612 799 Aia habe sice einer ihres kundtr henrlich genommen
1560 715 2600 880 ud habe das kindtlich darinne haben wollen seil auch
1560 798 2657 945 biß slahr zu dem oot hint erd den feschweg hingangengn,
1567 874 2607 1024 habe aber befunden, daß die sach alleren runber
1571 938 2607 1095 vil volcks daselbst herumb ware, In diesem
1570 1005 2635 1159 kinschag seye ihre vlubers auf der ehruhe, pfeldigte
1554 1085 2478 1234 kemmend under der haußzuhr ihrae begegnet.
1548 1184 2632 1352 De. ob. di sluti sie nicht alsobald über ihr taht
1561 1262 2620 1446 du trd gestoßen und ihre zu gemuchtet habe, daß
1577 1371 2093 1499 sie einen inders abgelegt.
1573 1451 2671 1590 N. frst etlang umb m uhren habe die muter ihre
1591 1526 2682 1686 derlrichen zumächtungen getahren, der sie auch alsobald
1586 1633 1885 1754 die sich bermit
1575 1670 2665 1851 Riplicint. Er könne nicht und erst seige, dann daß
1593 1766 2651 1912 Sie dat kndllug entweders mit gebalt dad durch
1591 1840 2664 1987 urbahrkogstung umb das keling gebracht, sie solle
1592 1912 2638 2073 die bunde wahrheit bekrunen und gott mit einer
1610 1994 2707 2139 auffrichtigen bekanntnuß und reüb entgegen gehen
1611 2081 2689 2209 und also nit durch hartnactiges Laugner sund auff
1600 2171 2661 2298 sund hauffen und eine hohe oberkeit zu Antridung
1611 2225 2703 2371 senges plittelig zu erhaltung des wahrheit anterben?
1619 2316 2699 2452 Hr sin keine andest nit sagen, als daß das aidt
1621 2405 2682 2532 d zul wolt kommen, sir habe einiche gealttacht
1627 2491 2710 2613 nach wüßßentliche verwahrlaofung an demselben nicht
1614 2554 2682 2693 vernbt, auch niemals kenen zeichen deß lebens an
1626 2630 2194 2765 ihme gesfehrt nach gescheen.
1623 2711 2701 2870 e. auglicirt. Gset nun ihr vorgebeg sehe lahr.
1630 2809 2694 2945 daß nat kindt tods zud Wels kommene seyt, ob sie
1642 2853 2725 3012 nücht gedacht, dasselbe werde lebendig gebohren werden
1627 2939 2677 3079 Wie sie die sach dant um aber für nemmen und las sie
1636 3001 2034 3128 darmit hig wolle.
1641 3072 2710 3240 H auff diß kannt sie anderd nichts achworten.
1658 3156 2734 3300 als daß sie nicht so weit nachdenkens gehabt und wann
1658 3212 2738 3364 das selte gebeld wue geberien worden, wollte ischen
1657 3291 2586 3434 Waring gerachtes haben solches heyen zu rahee
2529 3362 2616 3458 b:
