3024 4032
244 2846 310 2897 Vn
251 2882 374 2944 o 100
303 2926 382 2996 20
223 3016 373 3080 Nrvad
212 3069 358 3150 worden.
341 1833 412 1932 3.
395 529 491 635 1
488 565 1463 738 Das prgenen datzun angeschiket und da siegel
503 671 1427 810 in einen shant gehten sieg eltrükli selbsten
488 746 1441 878 ab gedachten alter spruchbrueff auff die voro
476 834 1443 972 derzehlte manner genommen und an diesem faltschen
477 894 1433 1037 hult briff gehandkt, volgendd selbigen alß gut und
462 983 1442 1121 gltig den 2e mag ersthen am sleten als om
465 1058 1423 1192 menopent Bürles verhandelt und auff decomen,
445 1133 1428 1259 dation deß auch entloichenen Hanns Müllers seines
442 1202 1431 1367 nevenoe und vorgeben, daß er inem guten teill
464 1272 1416 1419 des underpfänderen besitze und an gemellte summa
454 1343 1417 1526 schuldig seye etc in paar Malere 5000 lb pfl i
451 1417 1398 1615 Barenarht darauff empfangene. Das übrige
448 1487 1314 1655 auch etwang nach und nach einzeichen wollen.
442 1558 1414 1767 Dieser samma gelts habe eo mehrenweills auch zu
429 1642 1423 1834 gestillung seiner credisoren und abrichtung schuldig
428 1732 1129 1850 siges gelt zinsen verwanden müeßen
442 1831 1409 2004 So habre von nechst vorstehenden 5000 lb
419 1951 1373 2111 den Hanns Jungen und lß been otz eheweshen von
424 2066 1435 2200 breitlohng der herrschafft Toßen 600 lb vorgestreckt
413 2119 1420 2240 welche da ihme einem pfergammees mein, mit einem
410 2185 1403 2328 grichtlichen schei und underpfänderen versehenen
418 2264 1392 2404 dirch wbetehe Joheni Grorg von Werds weüte
422 2336 1372 2482 erwehlten landtvogt nachwangen heeren zu
413 2397 1378 2554 Tokfen besiegelten von davnd streyds note
408 2477 1370 2629 Herrschafft schreiber zu Loßen und erschriebenen
405 2567 1389 2687 und den 120ten mari 1822 dat erten kult briese
402 2620 1166 2775 auf richten laßßen und eingehändiget.
400 2705 1374 2864 Dieses gult herese nun seye abermalen auß sein
409 2771 1347 2930 dochts befelchen durch den schläffli von wort 3 wort
408 2854 1403 2993 abgeslerben und der schein auch abgeänderet, allin
412 2906 1342 3061 instatt 600 auff 6000 lb gesezt, auch der
408 2992 1390 3137 halt der anderpfänderen nahmhaffs vergrößnet
399 3059 1343 3208 worden. Darzu er stads auch selbsten dar
1025 3185 1253 3319 Pergamens
1675 605 2738 775 das ofergament erkaufft und außer obige weise
1684 718 2759 862 das Siegel und SiegelBüheli von dem gültigen
1683 789 2762 944 Zinßorrff ab und an diesen faltschen gult brich
1685 881 2750 1037 gemacht. volglich denselben auch alß gut und
1681 958 2753 1122 Wehrshafft den 13. julii jungsthin an elehesen
1678 1038 2727 1222 uenner Chrischung vordebitiert und das farr gelt
1685 1124 2735 1301 der 6000  lb albereit darfür empfangen und in
1669 1216 2715 1383 seine hauß allhind an des mattin getragen gehabt.
1660 1286 2749 1449 darauff abergleichen tagt, daß solches im betrug
1669 1375 2706 1529 und gefehrds in erfahrung gebracht, alles gelt
1674 1459 2715 1635 Der 6000 ar 10 varmelt Mohghli handen
1660 1521 2736 1693 wid erumb bekommen, er roht erheshet und in obr
1661 1605 2341 1745 seitlichen verhaft gestech worden.
2553 1657 2693 1771 Soht
1662 1705 2718 1827 Anbey daß er vorhabend gewesen diesere 6000 lb.
1644 1770 2719 1913 zu bezalung eines ohnlang zuor erhandelten guet
1650 1848 2685 2010 lins zu Rangnauto zu verwenden, hernach bey
1654 1923 2691 2081 etwann verhoffentlich er folgendem mehrwährts dero
1628 2005 2719 2162 landtshw eren seine zweye gutt lin in dem buchsolter.
1630 2099 2709 2242 berg, so yr nahmhafft erbeßßeret, zu verhandeln und
1646 2155 2715 2325 derauß alle seine creditoren folglich auch die, denen
1637 2225 2621 2419 Er dieser faltehe briefen angelunkt, zusehahlen
1630 2302 2657 2489 Rüße im übrigen ein herzliches steüben und
1617 2410 2683 2601 Aeo über alle seine bgangent stünden, sonderlich
1630 2482 2675 2635 aber überd obige beteingerenen versführen, mit
1620 2523 2608 2707 bedenten, daß er gott und eine hohe oberkeit
1635 2598 2636 2824 derentwgen ni gnad und verzeihung anflehe.
1605 2694 2090 2853 AActum Obstahl
1595 496 1657 635 3
