3024 4032
359 553 1323 727 damb gehalten, habe auch selbiges in sein zürluch
372 654 1342 777 getahrn und zimnterd in das stübli getragen
369 728 869 852 Altoo sie solches geteillt.
363 814 1346 946 3. Das gritte mahl ohngefeld einen wring vor
368 886 1284 1037 dem rlantz jahr, da herr landvogt nach
362 973 1291 1097 mittag außgegangen ward, habe es Annli
368 1036 1366 1181 Wondermalen gantz allein nur den schreib tisch auf
371 1112 1371 1232 obbeschriebene lariste auffgemacht und auß dem
370 1192 1348 1310 selben in pieretlin 4 f und 2 diecebli ge
370 1281 517 1364 nammen.
355 1334 1357 1473 4 Zum Viertere ubahl wanen 3 oder 4 wachen
376 1428 1347 1555 vor ihres gefangensezung, als herr landvogt
369 1508 1333 1626 Tillirs nach mittag außgegangen ware, habe
374 1572 1383 1708 ad Aneli Lih bysorend der kahig den scheiblich
372 1652 1371 1748 und eisenem trag wiedermalen auff gleiche Marler
371 1711 1354 1835 groffnet und auß dem eiseren zrag und dem
367 1776 1365 1924 darunn sich befindenden eisung eistlinch r doppl
358 1833 1368 1996 r duploren e vierfachr dupkonen 5 oucaten
361 1936 1378 2055 auch darg denen trentesolo, Cunffbzlerd und zhm,
349 1996 1382 2127 leütfer nit wußend wie viel genommen. Woel
349 2055 1390 2206 schrd gelt es Anneli Alles damal selbst auß dem
338 2136 1369 2248 tragen und burcar genommen und hernach des Rochin
349 2201 1384 2339 außert un dupl zugestellt, so sin die köchin in
368 2284 1358 2413 ihren trag gefahren und tags Hernach dem Annen
346 2344 1354 2484 Grabard ihrer schwäster in einem verbundenen
355 2407 1385 2562 sächlig nach Sigriß wyl zufragen übergeben habe
339 2531 1396 2668 5. Als herr landvvogt Tillir in vergangenem
359 2566 1391 2751 jahr nach wangen gereisst, habe es Aneli Kirch
358 2641 1376 2839 Imntöschen deße leider aus gebüestet und un
351 2741 1411 2923 einer seiner vestes d specis, duplonen angetroffen
354 2786 1384 2967 die er auff den ofnn glegt und nach etwaß zits
330 2872 1374 3044 weil sie von liemand recamiert worden, solche zu
353 2967 1183 3122 keinen handen genommen und behalten a
349 3000 1393 3219 Von dieten sentlichen gelt habe an bey 1 k i
340 3096 1424 3292 allen behalten und darauß einiche bleider angsehet
293 3186 1420 3379 Ed diß sehe des allerfeste dieb stacht gelasen und dem
349 3301 1203 3450 von welchem es der röchig gad nichts großfendart.
2426 490 2546 585 215.
1589 557 2563 712 dem ischmahr schro auh der lochign bruder jeden
1588 670 2572 786 mine laul gekaufft, auch deß herrrn landvogt
1597 726 2554 851 Amports mlagd bey m l gelichen. Allerd
1589 812 2549 945 übrige gelt aber seye nach sigris wyl geschickt
1598 888 1723 978 orng
1593 974 2585 1116 6. Se habe es und die löhig zu gleihe zut, da sie
1597 1077 2606 1192 über den scheib, tisch und den eistmng trag gerahten,
1588 1150 2600 1270 auß gedachten schreib, tisch die Schlüßel zu diß hrren
1595 1222 2590 1350 landtvogt Tilliert Magezin dder Armmpel, genen
1597 1300 2594 1412 genommen und under sparyer Malng darauß verun
1582 1362 2577 1456 trubort bey 65 lb Gari, schlacht und rysten bi
1596 1436 2556 1570 43 ell sin staub sigs ag tuch zu Tischung, by
1582 1507 2592 1646 4. Strangen blaub Garn by 10 elb shrob unsfun,
1592 1589 2565 1714 ing tuch bey 40 s neinen spiegel, Koltsch ab
1597 1658 2563 1785 aallen stucken bey de 3 l Groben koltsch zu
1595 1727 1973 1833 Ander bott zehen.
1578 1792 2592 1936 7. Auß dem Kleiderschafft in der Oordinari wohnstuben
1597 1892 2558 2013 der da einmal offrn gelaßßen worden, haben sie
1591 1957 2607 2073 beide genommen 2. Remlachen l. ocation von pretutie
1588 2038 2566 2145 zu einem santmit by d el blaut gestrichelt
1605 2093 2605 2221 zuch bey 23 ellen blinkt zung Heinli Tuchs von
1587 2169 2602 2275 welchem es Aneli bey 3  du h paar Hemli Ernel
1597 2225 2611 2351 verbraucht) zu diesem dabstahl habe es Anali des
1588 2292 2587 2423 Kalzing auß dis Künhig hinz rauffen und ihre ver
1580 2362 2429 2485 oentet, das schafft habe sich affng befunden.
1591 2447 2576 2579 8. Auß der schwartz zeug, kammer ( in welche esd
1582 2526 2559 2641 zum fenster zieng gegangen habe es und die
1598 2593 2577 2723 Rähin 2 oder 3 Weiber beinder, 2 keine wiße
1573 2668 2590 2787 Rumpe vor Grober Mouspeline ein weiß für
1582 2739 2623 2863 such und wy m stucker allerland eiseweg werrbhlung
1589 2805 2623 2893 am borer und hobel, fisee antharndt. welchen werdk
1576 2869 2566 3008 zuug die löhin dem tishmahr schar zuzustallen
1589 2970 1855 3060 Willend wart
1581 3044 2623 3214 9. Endtlichen habe vs Ameli bey gehaltenes wosch auff
2359 3131 2539 3232 beluhen
