3024 4032
303 2730 395 2826 A.
420 404 1538 654 zu verkleinem shiiterantwortlich zu denigenen,
422 534 1476 718 zu verleünden und zu verschwächen, maßen
441 599 1509 794 an hochgedacht ir anen würcklich derglichen
442 665 1498 875 auß gestrekte Insam Libell von anderen
434 733 1536 925 Erd gnösßissen Ständen per Communuationem
445 827 1484 987 überericht worden. Und hieranff auß
454 913 1515 1086 oberheitlicher veranstaltung gedeüter Hanns
437 995 1479 1175 Glatz zu Piterlen in dem Bischaff Basel,
446 1071 1513 1256 gebiet trafft denen verwrägen angehalten, gen
441 1170 1453 1304 fangen in das schloß beuren geführt unde
438 1258 1529 1407 von daselbsten ans hochgedacht geleghe und
449 1342 1505 1489 beren r und g befelch zu Mehres sticher,
427 1410 1535 1569 heit gewahrsamlich allherb in die obere gefangen
430 1493 1531 1643 gschafft gebracht und eingesezt, Volgendt darube
418 1583 1510 1724 ihme beiders durch meinen lachaetheten herren
427 1657 1527 1799 zilicher von Dils Barz als Vorbeit
453 1741 1500 1864 hierh un verordnetem herren cocamiacitors und
446 1803 1501 1917 Il o gab Diener sntoh Großweibel im
434 1873 1486 2012 haff und dem grichtschreiberen knecht dhe
433 1953 1450 2104 oembris 2e 10 und 26 dembris 1622.
432 2047 1504 2195 iemit zu underschiedlichen mahlen so wol in der
440 2103 1468 2250 Güerte als auch ernstwörtig mit vortrisung
425 2179 1499 2335 sund betreubung dero wlerters hennach ohne taht
424 2242 1514 2430 liche anbendung derselben zu red gestoßen und
458 2321 1522 2477 ecaminiert worden. Hat derselbe Nachtol-
434 2392 1527 2586 gende bekant nuß dahin ertelllt und dan sich ge
431 2536 607 2666 gebey.
439 2649 1523 2825 Eestli ehart, daß er zwar in seinem minderährigen
457 2707 1495 2936 jugend von seinem elteren Namand Ulli Glatz
437 2793 1527 2990 und Anna Jangg Niemald zud Schul geschikt worden,
419 2880 1531 3079 dennach ab er vog selbsten losen und schriben w
429 2972 1514 3177 darzu gehabter wegiere erlehrnet: bey erlangten
417 3031 1517 3266 Mehreren alter aber die offentlichen underbei
420 3086 1512 3337 1sungen und kinderlehren der heren Predikanten
414 3204 1520 3440 z stöhfenbach fleißig besucht und darimen in
1223 3268 1376 3371 seinet
1639 680 1683 807 2
1644 1724 1708 1841 3
1745 563 2456 728 Religion underichtet worden.
1768 716 2758 862 abe urod vom seinen elteren hero keine zeitliche
1765 807 2786 944 littel erlangt, dennach aber Verrna Pfüseli
1765 868 2723 1010 deß lheisten pfüffl  tochter zum Weib
1738 957 2787 1080 bekomen, von deren erd imliche wittel nach der
1742 1027 2770 1168 eltwen hinsteind zugewarten hatten, welches
1741 1088 2757 1246 sein weib aber gestorben und ihme zwey noch
1729 1161 2444 1294 bende kindes hinderlaßßen.
2548 1210 2739 1332 hut auch
1740 1234 2702 1366 gestelen müeßen, daß er mit ermellt neinen
1758 1321 2764 1442 wäher in einem langsteiligen wolhandel ge-
1756 1392 2779 1531 sanden, brinbend, daß er sls glaser chueter
1731 1459 2743 1616 e pittib bey 200 th und dem wihrt zu
1752 1544 2748 1684 Vaterley im nahmhaffter zehrgelt schuldig seye
1742 1614 2617 1764 so er dermalen zu bezehlen mnt ermüglich.
1777 1724 2747 1891 abe er zu gebunung seiner und des seinigen
1717 1834 2765 1954 Und erhalts neben dem artnen auch die beißan
1727 1901 2759 2026 dereyen underfangen, auch und er anderem mih
1738 1978 2776 2093 o denn sonscheg denon sern Predikanth im tag deil
2578 2059 2683 2126 v
1751 2044 2748 2178 ind denen besitzeren der zwolff Tooffgneteren
1736 2109 2766 2248 daselbsten zwar schon lang uod sein glatzen ein
1739 2191 2777 2332 mlissung entständenen rëchtshandel eine schud
1709 2258 2744 2398 struttigkeit betrekend zu gunsten der sauberen
1726 2333 2775 2481 gebrauchen laßen und von ihnen procas biß vor
1726 2418 2787 2543 den zochsten gewalt angenommen. Über welchen
1712 2492 2793 2646 frocß nach langer zeit fedtlich vor Nughe zund
1711 2561 2765 2700 siberen sr und  abgesprochen und die bentoren
1725 2634 2765 2770 am ungrundt zu seyn erkennt worden. Allein
1732 2706 2757 2832 in dieser erkanw nuß seye denen bauberen zu lurtz
1717 2788 2780 2903 beschehen, in deme mann dardurch sie von ihrem brits
1723 2864 2782 3007 von seit en dero ehermaligen ober und Töigherren
1727 2932 2790 3071 Namend dem Eelgen Lühring von Schweißtberg erhal,
1716 3013 2780 3125 kenen im schloß, wrbard zu Signautz und allhier
1737 3072 2758 3206 in der registratus sich aefindenden rechten und
1723 3149 2755 3279 befreyungen verschalten und ursachen, weilen
2339 3243 2608 3375 herren aest
