3024 4032
467 554 1518 692 nnß nit erschinnen, er oberkeitlich erken
473 639 1494 786 er maßen wegen so thaner entfüehrung
454 701 1519 854 contumaciert und verrufft worden, darzu
461 788 1490 925 auch ein offentlicher Geldts-Tag über¬
457 864 1103 1000 seine mittel erfolget:
1241 893 1507 1000 Iumaßen
461 943 1511 1116 also er kaußtlet und wäberin ihr gn
437 1015 1491 1161 Land und gebieth ohne gefahr angehalten
442 1097 1489 1226 zu werden (:worzu dan alles veran-
445 1176 1507 1307 staltet waren) nicht betretten dörffen.
457 1261 1481 1375 sonder in benachbarten jurisdictione
445 1325 1476 1476 und zwar Meistens im Neubenburg,
430 1405 1487 1543 gebirth beÿ der Zihl, Brugg und der En¬
448 1483 1499 1632 den herumb und zugezogen, inzwuschen
437 1561 1505 1691 aber getrachtet mit List sich an außeren
428 1637 1501 1785 dethen Copulieren zu laßen, auch so wohl
446 1716 1429 1858 durch brieffen als Interiession und
437 1801 1484 1939 vermittlung vieler guten freünden und
424 1885 1486 2001 Verbandten den frieden bey dem Meyer
437 1973 1472 2108 wäber zu erwerben, zu welcher pa-
425 2037 1459 2178 cification dieser Vatter sich Vermögen
431 2123 1478 2246 zu laßen bißweilen schiennen und aller,
422 2214 1457 2322 hand friedliche gedancken und vor¬
418 2264 1453 2382 schläg verpuhren ließen, dennoch aber
434 2334 1449 2464 so wurde die bewerckstelligung deßen
425 2412 1470 2531 unter allerland Vorwand etlich Monath
425 2493 1467 2630 lang verzögeret, also daß beydes er
400 2581 1454 2688 Kaußelet und seine Liebsten offters in
412 2657 1479 2779 shnmuht und ungedultige wort, ja dem
426 2728 1458 2855 verlaut nach in dröhungen wieder den
416 2813 1433 2923 vatter selbsten außgefahren und sich
416 2872 1424 3001 auff einiche weisen verlauten ließen,
403 2943 1426 3081 ihme nach dem leben zu streben, wan
411 3031 1446 3141 Er sich nicht zum frieden neigen und
428 3096 1348 3235 in ihren Heürath Consentieren thäte.
395 3181 1416 3354 I der Letsten wuchen im Meÿ Monath
1226 3309 1394 3412 hatte
360 492 457 617 1
1729 593 2770 722 hatte es auff seithen deß Meyer wäbers die
1708 678 2761 806 beste asparene zu einer versöhnung, dann
1713 759 2700 885 derselbige durch verschiedene pfersohnen
1708 819 2746 952 ihme haußelet und seiner verlobten da-
1712 894 2764 1021 mahls bey der zihl brugg sich auffhaltend
1708 963 2759 1083 entbotten, daß sie persöhnlich bey einer
1699 1026 2751 1167 hohen oberkeit in Bern suplicando sich
1711 1110 2760 1241 einstellen und dieselbe umb gnad und
1711 1180 2760 1314 eine gnädige straaff bätten sollind fr
1701 1267 2752 1403 Meyer wolle seiner seiths bey gelegenheit
1716 1334 2765 1436 der auff montag den 35tang mey zu sort-
1704 1411 2777 1547 schwaken angestellten ohngeldtner rech
1709 1497 2769 1627 nung (dahin er als anbeyler sich bege¬
1699 1574 2761 1707 ben müeße auch bey seinen heren da-
1700 1662 2738 1780 tronen das seinige zu gutem beytragen
1708 1769 2731 1906 Sontags den 30 tan may bey auffgang
1703 1867 2769 1993 der konnenreysete kaußelet scheinbar
1703 1945 2707 2072 gantz getroff von der zihl Brugg
1697 2025 2761 2157 hinweg und zwar ohne einich bey Ihme
1703 2098 2739 2228 von denen, so ihne unterwegs gesehen
1693 2161 2772 2300 vermercktes gewehr,obschon wie er selbst
1703 2252 2762 2375 bekennt, er wenig tag zuvor ein faril
1694 2305 2738 2455 und kugeli zu Neützenstatt hatte
1682 2403 2775 2536 zurüsten laßen habe vor auff Bere
1697 2488 2772 2608 zuachen unterwägs, aber sich mit meyer
1675 2547 2772 2661 Wäber wie die sach anzugreiffen zube
1692 2635 2748 2759 sprechen, Langte nach seiner Saag zu
1694 2704 2740 2833 beitelen an da der Meyer würcklich
1686 2780 2750 2905 zu Offerdt auff dem kirchgang nach
1682 2847 2752 2977 nnß begriffen und schon entfehrnet wa
1682 2936 2749 3059 re und also nit mehr mit Ihme Reden
1690 2999 2750 3119 könte. Er haußelet aber verbliebe
1691 3073 2761 3197 deßelben ganzen ttags daßiger Enden auff
1685 3144 2695 3256 dem Inster-feld in büschen in denen
1675 3214 2690 3343 so genannten geschistauden und umb das
2523 3293 2718 3394 dorff
1619 573 1695 680 13
