3024 4032
357 382 1338 618 D an welchem Ot solches gedruckt worden
365 487 1434 747 hr zu Brambfut bey den frchteuber hins
384 571 1400 789 der da ihm bey 1000 eetemptarin vohle
353 646 1013 823 tiget a 2 t gsh begen.
350 774 1406 980 2. An wolchen deten erd solche haunsschnkt undt au
366 842 734 972 gestaruket haben.
345 937 1405 1112 Denn schuchmacheren und Barbieeren mun
352 1041 1412 1195 Reich zu Gugschwog, Ulen Frambfurt, Nur
349 1117 1383 1268 berg und etwelchen anderen großen statten etc.
346 1177 1407 1345 Des allhiestigen ceistlichkeit, wie auch an her chad
346 1263 1403 1424 snerd wabes und herr Johannes Uheley den Pfister
352 1351 522 1456 allhier.
316 1413 1421 1602 B erd werde wol wußen, daß er in diesem seinem
314 1508 1379 1692 hatto über allsiestige hehen oberkeit, di da ihne
340 1592 1384 1744 vormald mit einer gar geringen straaff angesehen
320 1666 1383 1823 Lästerlich aeschmähet habe, Ob ihme nit sehu leid
315 1750 986 1880 sege, daß er solches gebahren
313 1826 1396 1981 et Es seye ihme Leyd, wann solches beschehen und
310 1916 1406 2045 wann er jemand unschuldig und unrechterd weise
326 1996 1381 2131 angegeißen, Allein die heren oberkeit allir und
309 2070 1405 2208 Er spankaut seyen zu seinem schaden und vum ubes
303 2151 1389 2268 eibet, in deme sie übel berichtet worden, da doch er
296 2218 1392 2337 Pambaut Niemanden kein schaden noch unbill zuge
306 2274 1388 2411 fürget, noch eineher bosen stahl überbiesen worden.
292 2365 1370 2530 repliciert. Er habe freylich allerhand Lastrungen.
314 2455 1361 2581 wiederd eine hohr oberkeit andgestoßen und si
311 2525 1380 2671 auff das allerschandtlichste verschwärtet in dem
300 2596 1375 2742 Er Sie als wäre sie die ungereltisten richter
313 2644 1395 2806 anßruffet, als wäre sie seinethalb deß zudetschul
277 2747 1363 2883 sdig mit betreüten ihr namen an den gatgen zu
293 2806 1358 2969 hafften  und vol andere schandtliche und unsernt,
291 2927 951 3041 wortliche expressionen mehrd.
283 2959 1381 3140 e Diejennigere, so diß orts an seiner condennatin
298 3017 1397 3207 enschuldig, habe er dardurch nit gemeint, sonder hu
291 3117 1386 3284 außbedingt. Erd seye in das grose elend gestzet
1091 3202 1262 3332 3. 1h.
2552 420 2657 536 199.
1583 517 2645 658 Da doch keine mitalt über ihne niemald erwiesen
1604 632 2666 761 orden. Er habe an ihr galen herren Schulthzayß
1578 703 2681 831 Chischingset an ihro gn Herren schultheyß von Erlad
1591 770 2672 896 deß vorgen klagend geschrieben, aber keine antwart
1597 846 2631 977 weiiger hulff erhalten können. Im übrigen
1597 912 2671 1053 verbleibe, er bey seiner bereits zu stuttgart ein
1582 989 2672 1113 argebenen oustification, daß en aussat erd mit
1581 1062 2415 1192 diß bley geschricben nun vorgelegt hat.
1571 1147 2662 1295 Repliciert, Ero habe ja in seinem facto auch die
1594 1224 2647 1352 anschuldigen  dem standt angegrihen in deme
1580 1299 2611 1414 fr under anderen sagt: daß die ehrlichen daß
1587 1368 2668 1503 goßen und kleinen rachts sich solcher ungerechtig,
1581 1436 2646 1581 eiten villlafftig gemacht. Der haler seyn so
2217 1526 2651 1621 Ob er dann meine
1581 1526 2071 1656 gut als der stuler.
1584 1589 2689 1722 daß ishme erhaubt eine hohe oberkeit ( die auch fehl,
1581 1669 2674 1809 bare mlenschen. Wann sie nicht nach seinem sinen
1586 1746 2530 1871 geurteillet, also offentlich zu verschmähen.
1580 1810 2655 1951 B. Auff diß konnte oderd wollte er nichts
1571 1904 2672 2043 antworten, endtlich sagte erd, er habe es nit also
1589 1997 1819 2114 verstanden.
1554 2067 2692 2207 Den ob solches alles ihme nicht hertzlich keyd seye und
1574 2161 2667 2272 ob er deßentwegen gott und einem hobe oberkeit
2268 2244 2391 2298 adda
1571 2221 2511 2358 nicht bgehre umb verzeihung zu batten.
1563 2287 2705 2444 Hr. Edsege ihme feulich Led, dann es freüt thne
1568 2383 2692 2533 nicht mehr also zu lebrn, er sege seiner ehr und seines
1577 2463 2638 2618 gutts foustiiert, er habe nichts als wie er geha
1582 2540 1782 2630 und stehe.
1537 2609 2701 2757 Oite da das caamin gehalten den d 3.n novembris m2tt.
1562 2683 2692 2832 Als aber zu allteitiger patio faction diese bekanntnuß
1575 2751 2676 2912 in beiseyen ulrhen un, weren als landtvogt Kurctzist
1561 2822 2689 2989 von Oror und herrrn sanuel hallers ihme pfanr
1558 2901 2663 3067 gebaut vorgeleßen und von ihme bestättiget worden.
1574 2945 1936 3066 Den 20teg 18.
2149 3126 2560 3258 2 Caameni
