3024 4032
330 344 442 470 89
424 621 456 644 Tag hernach habe Er gestagt: Mann werde
524 316 1406 582 Jndicia und Wabr zielenn
507 444 1441 644 wieder Speter Lauselet hafftend.
329 1383 388 1473 A
1079 656 1496 835 andens
416 644 1496 898 Tag hernach habe Er gestagt: Mann werde
1210 644 1430 649 wieder Speter Lauselet hafftend.
418 741 1458 969 in kurzem etwas neüwes erfahren
411 823 1263 992 Vide außang N 83 34.
1044 969 1464 1129 de so hatze der
401 1009 1473 1233 Meyer Wäberstel sein kanßelets
406 1108 1476 1326 drohungen auch vernommen und sich deren
393 1209 1480 1397 heffig beklagt widen schreiben 2
417 1275 1450 1453 25 26 27 Anßaag No 346. N 16.
410 1381 1487 1575 auch deßwegen alle mügliche vorsorg
399 1453 1348 1625 zu seiner sicherheit vorgefehrt etc.
396 1639 1426 1798 2 seye gnugsamm beschinnen und durch
380 1720 1461 1897 kaußelet selbsten gestanden, daß er
389 1831 1451 1961 wenig zeit vor de� Meyer wäbers seh
406 1906 1446 2029 gewaltthätigen todt zu Neüwenstatt
388 1974 1453 2102 ein faril habe abnemen, und selbiges
380 2048 1475 2207 sammt etwelchen kugelin darzu zur��ten
397 2149 1453 2276 laßen vide anßaag no 356 klein
385 2229 1447 2364 2 hurn buch fol 173, welches auch dar
396 2297 1468 2450 rauß in Mehrerem erhälle zumahlen
367 2389 1407 2520 lanth unßaag de� sohns bey dem
371 2459 1432 2606 Muggen-Hauß ohngefehrs 8 oder art
370 2537 1420 2707 tag vor deß Meyers ttodt er hauße,
373 2616 1412 2773 let sein kazit durch seine schloester
360 2706 1431 2859 Millierin hat heischen und abhohlen
374 2775 1398 2927 laßen, daßelbe aber erst etliche
365 2880 1422 3044 tag vor seiner Behändigung wiede¬
369 2945 1402 3112 rumb dahin gebracht Vide außaag
358 3056 731 3190 N 37. d c.
1176 3158 1425 3277 da� ihme
357 3185 1181 3319 3 bekennte er haußelet a
362 3242 1405 3401 die vor gricht zu jnnß wieder ihne
1147 3329 1438 3428 ergangene
1574 451 2688 645 29 fetzr Laußelsts entschuldigungen
1626 658 2697 795 ihme zu überschicken, Worauff sie dann
1648 726 2707 855 selbiges alldort abhohlen laßen und ihme
1642 809 2697 938 zugesant habe, auch das gleiche faril
1651 878 2692 1028 Ibory tag vor seiner behändigung in ge-
1654 959 2706 1086 dachtes müggen-hauß gebracht habe, all
1647 1029 2696 1185 wo es sich noch wurcklich befinden vide
1624 1111 2691 1268 Klein Thurn, buch fol 473 503 496
1644 1211 2063 1326 Außaag N. 37.
1628 1285 2679 1411 N: Olngeacht auß deß Zean Quilliaume
1632 1367 2647 1483 Milliets deß Sohns bey dem Muggen¬
1638 1443 2660 1581 hauß ertheilten bericht deütlich erhället
1636 1505 2691 1634 daß die Mitlictin das Enzil etliche Tag
1648 1596 2680 1742 vor deß Meyers todt habe abforderen
1646 1682 2673 1813 laßen und dasjenige furil, so Er ein
1648 1766 2687 1905 paar Tag vor seinem verhafft dahin ge¬
1643 1845 2724 1993 bracht, nit dasjenige seye, welches er zu
1654 1944 2199 2065 vor daselbst gehabt.
1564 2317 2670 2447 Obeynebens ware Er auch nicht in Abred,
1665 2395 2698 2530 da� a ohngsacht der zu junß wieder
1641 2476 2667 2616 Ihne ergangenen Contumace Er dennoch
1638 2542 2667 2696 sonntag den 30 tag may nach brittelen
1646 2634 2646 2760 gegangen, und den gantzen Tag über
1647 2690 2686 2834 der Enden auff der weiten sich auffge¬
1646 2768 2721 2931 halten habe; Allein ohnermich beye
1651 2848 2703 3019 sich gehabtes gewehr weder slinten noch
1652 2927 2671 3105 degen, solches seye beschehen, weil Er da¬
1659 3023 2678 3194 mahls vorhabens gewesen auff Bern
1645 3080 2686 3255 zugehen und bey einer hohen oberkeit
1652 3177 2717 3323 umb dero qnar Suplicando einzukommen
1649 3244 2650 3411 Unterwegs aber mit dem Meyer Wäber
2528 3298 2654 3414 sich
