3024 4032
344 506 1421 730 mmpaßlichkeit in daß heren s knachts apot hecken
327 600 1399 787 dem nachtesßag mit dem Babi s diß getwybel
335 672 1412 860 Langhannß getarsene ward sticen begeben, so seye im
348 772 1403 927 dnruck kommen er müller thune nachgeloffen
343 830 1368 991 und sie mest mit erhed dar refen ericht undt
346 921 1400 1072 Angreodt, deme das Babi s so vermuchtlich auch
342 1000 1412 1161 zuor mit ihme zugehalten hatte bosen bh
349 1083 1433 1229 gebeen, so daß erd daßßelbe von ihro getrieben und
358 1149 1436 1295 zuschlagen bekeubt und also seye er damaleing nit
358 1237 1427 1364 ihra nach hauß komein und habe sich ni zitlang
365 1303 1424 1449 in des unchi bey ihro auffgehaltene und endtlich
359 1377 1144 1510 sie zu seinem willen vermagen
359 1463 1411 1600 etliche tag hernach seye derselbe an einem abend
370 1543 1443 1664 Wirder dem hanß kommen und habe das bebi geschilt
371 1611 1434 1721 Ueig zu solen, habe auch eine lange zeit beiseig deß
381 1682 1461 1814 Sulist bey ihrein des Ruchi sich auff gehalten, edt
719 1774 747 1818 E
369 1758 1453 1878 lich als das babi sih fort begeben, auch damaben mit
377 1827 1110 1974 ihra lubs gemeinshafft gehalten.
378 1884 1439 2035 Uhnlang hernach als herren dasd ernst herrn albricht
392 1974 1448 2131 chnder und zu h n
402 2034 1459 2159 einem abend bey ihra vor dem haußstuhndeg, soyt
390 2102 1464 2244 des Müller vorbey gespafiert und habe dort herund
401 2182 1458 2335 getrartet, bid diser heren hinwerg weren, dan
410 2239 1487 2419 wer er hernach auch hintun und mit ihre abermaben
412 2320 1478 2477 hiauff in de luchi kommen, alllo sie abermaln
410 2362 1491 2563 mit einganderern fleischliche communi cat wr gehabt.
397 2440 1477 2637 Sie glaube, daß deß eh Frufird schuhlurcht nit
414 2527 1480 2712 dem grnenei kleyen und seine tochter ihne haben
416 2662 839 2800 gescheg anblopen.
399 2655 1480 2886 Am einem somtag wührend der abend, spedig habe
413 2738 1510 2953 Er ihre auch tachgefragt, das dorin Brungers habe ihme
423 2814 1387 3051 gesehen anklopfen, sie aber wart nit wy hauß
428 2902 1499 3146 Seithero habe ie denselbeg vir mals geschig, bß ihn
445 2972 1536 3209 langsten, da er sie an der Mlegergoßaen angtroffen,
443 3052 1494 3266 undr sie einnanderen auff dem margen hernach das
424 3108 1516 3354 Render vond lich dem Lieschen geabeng beschunt, alle
442 3217 1519 3425 sie aber einranderen verfehlt. Deelbigen
1179 3279 1459 3414 Nahslitag
2492 480 2604 600 171.
1604 596 2630 744 denselbigen nachrlitag saye er ihr bey dem zeig
1628 694 2604 824 hauß begegnet und habe ihre verweitlich voge,
1621 765 2574 892 halten, daß sie sich an dem oot nit eingefunden
1620 829 2257 977 Actu 31 auguoti 1724.
2456 1205 2529 1216 ach Semr Meghi und Oberg richt und
1609 1015 2589 1207 Auffgenommne Infermatim
1559 1216 2645 1354 ach Semr Meghi und Oberg richt und
1636 1302 2670 1464 Burgere, denen jeniae mit des in oberheitlichen ban
1628 1375 2651 1522 den alllins enthaltenen Judilt moclott hieror
1651 1445 2679 1594 verführte caamina und Veraichten den 15. septembris
1640 1515 2680 1673 Ersthin vorgetragen und wörtlich abgelesen worden
1642 1578 2680 1732 dieselbigen zum Abspruch darüber nit für voll,
1647 1634 2675 1823 ständig und abroliiert befunden und also mit
1652 1727 2698 1890 derr zuembstendung müghen u dem rächteng über,
1652 1809 2692 1941 laßßen das vernert caamen beides in ansehen
1655 1867 2712 2009 der marrer und der mehreren an sie zu trinken
1645 1937 2709 2098 nächtig erächtendes kuartweren zu veranstalten.
1664 2019 2695 2169 Als habend hirauf hochgedacht Maghl  die
1667 2093 2701 2255 ruht den 2n juniuo novembris ulnhutohe
1680 2168 2688 2319 irn rahteherren wyß Herren rahthauß
1664 2225 2724 2362 Ammann Thormann und heeren ohigelt ner secre
1671 2288 2721 2464 taris Otth als hinzu verdnnten herren Can
1670 2371 2701 2516 iimattoren gefelchlich amgetragen nachforshung
1676 2435 2666 2604 zu halten, ob wahr seye, daß sie marlottin
1689 2519 2739 2663 alle sontagen Margens in ihre plutretorament
1682 2608 2680 2753 sich zu begeben und ihrem terg durch die vorder
1688 2666 2728 2807 Spascher Gass hinauff zenemen gebete. Ob
1703 2744 2724 2886 jemand sie denselben sonntag am morgens an
1706 2811 2734 2960 wolchem sie das kindt gebohrene) bey ihrer sluder
1716 2882 2737 3035 hauß gesehen. Wie bald sie das kndtlin nach
1720 2964 2734 3106 deßen gebuhrt vom boden aufgebbt und zu sich
1712 3027 2749 3175 genommen habe. Item von denen hg deß
1700 3088 2760 3257 Collegii onoutani und denen Hob Anneg sich vol
2431 3148 2742 3291 zu erkundigen
