<?xml version="1.0" encoding="UTF-8" standalone="yes"?>
<PcGts xmlns="http://schema.primaresearch.org/PAGE/gts/pagecontent/2013-07-15" xmlns:xsi="http://www.w3.org/2001/XMLSchema-instance" xsi:schemaLocation="http://schema.primaresearch.org/PAGE/gts/pagecontent/2013-07-15 http://schema.primaresearch.org/PAGE/gts/pagecontent/2013-07-15/pagecontent.xsd">
    <Metadata>
        <Creator>prov=University of Rostock/Institute of Mathematics/CITlab|PLANET AI GmbH/Gundram Leifert/gundram.leifert@planet-ai.de:name=German_Kurrent_XVI-XVIII_M1(htr_id=19584)::::v=2.6.7
prov=University of Rostock/Institute of Mathematics/CITlab|PLANET AI GmbH/Tobias Gruening/tobias.gruening@planet-ai.de:name=de.uros.citlab.module.baseline2polygon.B2PSeamMultiOriented:v=2.6.7
prov=University of Rostock/Institute of Mathematics/CITlab|PLANET AI GmbH/Tobias Gruening/tobias.gruening@planet-ai.de:name=/net_tf/LA73_249_0mod360.pb:de.uros.citlab.segmentation.CITlab_LA_ML:v=2.6.7
Transkribus</Creator>
        <Created>2021-03-11T14:15:02.074+01:00</Created>
        <LastChange>2023-06-19T21:54:38.542+02:00</LastChange>
        <TranskribusMetadata docId="1334844" pageId="52362307" pageNr="58" tsid="127275184" status="IN_PROGRESS" userId="68497" imgUrl="https://files.transkribus.eu/Get?id=EGERHFUHZSOQGVSBHPKZEZJC&amp;fileType=view" xmlUrl="https://files.transkribus.eu/Get?id=KLDDCIYVBNBZOZBVIESZHUEW" imageId="19039018"/>
    </Metadata>
    <Page imageFilename="IMG_9057.jpg" imageWidth="3024" imageHeight="4032">
        <ReadingOrder>
            <OrderedGroup id="ro_1687513664234" caption="Regions reading order">
                <RegionRefIndexed index="0" regionRef="r2"/>
                <RegionRefIndexed index="1" regionRef="TextRegion_1687204450128_1125"/>
                <RegionRefIndexed index="2" regionRef="TextRegion_1687204450128_1124"/>
            </OrderedGroup>
        </ReadingOrder>
        <TextRegion orientation="0.0" type="paragraph" id="r2" custom="readingOrder {index:0;} structure {type:paragraph;}">
            <Coords points="270,438 270,3349 1416,3349 1416,438"/>
            <TextLine id="r2l1" custom="readingOrder {index:0;}">
                <Coords points="389,496 1184,578 1262,633 1410,631 1420,567 1191,503 1119,531 919,441 756,464 568,384 406,381"/>
                <Baseline points="399,471 449,479 499,485 549,491 600,499 650,505 700,512 750,518 801,525 851,532 901,540 951,546 1002,553 1052,562 1102,569 1152,578 1203,587 1253,597 1303,606 1353,616 1404,627"/>
                <TextEquiv>
                    <Unicode>2. da sie die Rachsbut Verwabt, habe sie der</Unicode>
                </TextEquiv>
            </TextLine>
            <TextLine id="r2l2" custom="readingOrder {index:1;}">
                <Coords points="381,569 854,659 942,629 1160,684 1234,669 1269,702 1393,692 1358,624 1265,636 1179,576 877,576 843,542 806,570 702,523 651,556 493,493 390,499"/>
                <Baseline points="390,557 439,565 489,572 539,579 589,586 639,592 688,599 738,604 788,611 838,616 888,621 937,628 987,633 1037,639 1087,645 1137,652 1186,658 1236,666 1286,674 1336,683 1386,692"/>
                <TextEquiv>
                    <Unicode>kindt alberit wol visitiert behabt und nichts</Unicode>
                </TextEquiv>
            </TextLine>
            <TextLine id="r2l3" custom="readingOrder {index:2;}">
                <Coords points="352,652 672,711 765,689 821,736 1141,720 1384,773 1396,704 1222,668 1158,695 1035,637 751,655 575,587 357,602"/>
                <Baseline points="360,641 411,648 462,655 513,661 564,668 615,673 666,678 718,683 769,687 820,693 871,697 922,702 973,707 1024,712 1076,717 1127,723 1178,729 1229,735 1280,742 1331,750 1383,758"/>
                <TextEquiv>
                    <Unicode>lebendes an ihme gestohnen und also zu dem kndten</Unicode>
                </TextEquiv>
            </TextLine>
            <TextLine id="r2l4" custom="readingOrder {index:3;}">
                <Coords points="345,765 456,731 606,785 660,755 868,779 930,832 1159,802 1248,856 1290,823 1416,839 1421,796 1237,790 1139,721 1034,771 1000,733 810,741 765,690 353,679"/>
                <Baseline points="357,717 409,724 462,733 514,739 567,744 620,751 672,756 725,761 778,766 830,771 883,775 936,780 988,784 1041,789 1094,795 1146,800 1199,806 1252,812 1304,818 1357,826 1410,834"/>
                <TextEquiv>
                    <Unicode>selbiges eine zeitlaung neber sich auff den fgeher, tritt</Unicode>
                </TextEquiv>
            </TextLine>
            <TextLine id="r2l5" custom="readingOrder {index:4;} person {offset:35; length:9;}">
                <Coords points="360,842 761,832 995,920 1113,859 1283,883 1313,920 1420,906 1423,875 1367,834 1248,855 1112,800 937,837 875,783 704,757 603,784 509,736 368,756"/>
                <Baseline points="372,791 424,799 476,807 528,813 580,820 632,825 684,831 736,835 788,841 840,845 892,849 944,854 996,858 1048,863 1100,867 1152,873 1204,879 1256,885 1308,892 1360,898 1413,908"/>
                <TextEquiv>
                    <Unicode>gelegt gehabt und frst hernach die Baherburh vr</Unicode>
                </TextEquiv>
            </TextLine>
            <TextLine id="r2l6" custom="readingOrder {index:5;} person {offset:32; length:9;}">
                <Coords points="352,908 482,882 1371,984 1397,919 1287,896 1228,939 1161,878 1091,872 999,915 953,877 865,903 764,834 668,825 511,864 357,848"/>
                <Baseline points="363,869 414,875 465,880 516,886 567,891 618,896 669,901 721,907 772,912 823,917 874,922 925,927 976,932 1027,937 1079,941 1130,946 1181,951 1232,955 1283,959 1334,963 1386,966"/>
                <TextEquiv>
                    <Unicode>gscharert, das kinder aber fost Nachtaner, da der</Unicode>
                </TextEquiv>
            </TextLine>
            <TextLine id="r2l7" custom="readingOrder {index:6;} person {offset:0; length:13;}">
                <Coords points="352,956 602,976 700,1029 826,989 1108,1052 1197,1025 1284,1083 1353,1043 1420,1086 1428,1006 902,927 674,955 619,906 467,883 357,903"/>
                <Baseline points="360,947 412,952 465,958 518,964 571,969 624,974 676,980 729,985 782,990 835,994 888,1000 940,1004 993,1008 1046,1014 1099,1018 1152,1024 1204,1028 1257,1033 1310,1039 1363,1044 1416,1049"/>
                <TextEquiv>
                    <Unicode>Weltche mlann hinzu kommegn mit hands zu gedeht,</Unicode>
                </TextEquiv>
            </TextLine>
            <TextLine id="r2l8" custom="readingOrder {index:7;}">
                <Coords points="340,1031 533,1029 617,1094 703,1046 851,1099 1115,1080 1326,1154 1410,1120 1412,1091 1283,1083 1181,1023 1104,1063 1032,1016 858,1023 825,992 702,1029 537,968 345,968"/>
                <Baseline points="348,1013 400,1019 453,1025 506,1031 559,1037 612,1041 664,1045 717,1050 770,1055 823,1059 876,1063 928,1067 981,1071 1034,1076 1087,1080 1140,1084 1192,1089 1245,1094 1298,1100 1351,1106 1404,1113"/>
                <TextEquiv>
                    <Unicode>willens selbiger wieder zu hoben, wie sie sich</Unicode>
                </TextEquiv>
            </TextLine>
            <TextLine id="r2l9" custom="readingOrder {index:8;}">
                <Coords points="359,1098 419,1135 479,1101 518,1103 586,1142 647,1113 715,1140 737,1132 765,1157 809,1128 835,1134 837,1106 704,1046 621,1094 483,1077 454,1042 407,1071 362,1051"/>
                <Baseline points="366,1086 391,1090 417,1093 443,1095 468,1097 494,1099 520,1101 545,1103 571,1105 597,1107 622,1109 648,1111 674,1113 699,1113 725,1115 751,1117 776,1120 802,1121 828,1124"/>
                <TextEquiv>
                    <Unicode>auch und erstanden.</Unicode>
                </TextEquiv>
            </TextLine>
            <TextLine id="r2l10" custom="readingOrder {index:9;}">
                <Coords points="460,1257 571,1289 865,1274 1022,1316 1132,1299 1289,1326 1293,1230 1256,1204 1186,1211 1007,1154 932,1176 876,1147 759,1201 613,1139 465,1153"/>
                <Baseline points="468,1241 508,1241 549,1242 590,1242 631,1243 672,1244 712,1246 753,1248 794,1250 835,1252 876,1254 916,1257 957,1259 998,1260 1039,1262 1080,1265 1120,1266 1161,1268 1202,1269 1243,1270 1284,1271"/>
                <TextEquiv>
                    <Unicode>Auff die Machrstihl sitzend.</Unicode>
                </TextEquiv>
            </TextLine>
            <TextLine id="r2l11" custom="readingOrder {index:10;}">
                <Coords points="335,1361 458,1393 538,1359 642,1391 1100,1381 1247,1432 1392,1415 1395,1359 1225,1316 1156,1351 921,1289 885,1317 807,1290 717,1342 631,1276 340,1251"/>
                <Baseline points="342,1346 394,1350 446,1352 498,1356 550,1359 603,1362 655,1364 707,1367 759,1370 811,1371 864,1374 916,1376 968,1379 1020,1382 1072,1385 1125,1387 1177,1390 1229,1393 1281,1397 1333,1400 1386,1403"/>
                <TextEquiv>
                    <Unicode>befagt. Ob sie an dem kindt, dasie er zutalt</Unicode>
                </TextEquiv>
            </TextLine>
            <TextLine id="r2l12" custom="readingOrder {index:11;}">
                <Coords points="351,1451 411,1423 755,1482 813,1445 1089,1515 1248,1463 1400,1518 1374,1430 1256,1439 1193,1392 1079,1427 869,1375 354,1390"/>
                <Baseline points="360,1418 411,1422 463,1427 515,1430 567,1434 618,1436 670,1438 722,1441 774,1442 825,1445 877,1446 929,1448 981,1450 1032,1452 1084,1454 1136,1457 1188,1460 1239,1463 1291,1467 1343,1472 1395,1476"/>
                <TextEquiv>
                    <Unicode>gebracht, kein zeichen daß lebend gesehen nachge</Unicode>
                </TextEquiv>
            </TextLine>
            <TextLine id="r2l13" custom="readingOrder {index:12;}">
                <Coords points="345,1539 389,1521 436,1557 461,1545 485,1563 512,1560 566,1516 586,1524 619,1514 649,1530 652,1462 597,1459 538,1434 482,1462 446,1426 414,1443 391,1429 365,1453 349,1452"/>
                <Baseline points="354,1506 380,1505 406,1505 432,1505 458,1507 484,1508 511,1510 537,1512 563,1514 589,1515 615,1517 642,1517"/>
                <TextEquiv>
                    <Unicode>sfuhrt habe.</Unicode>
                </TextEquiv>
            </TextLine>
            <TextLine id="r2l14" custom="readingOrder {index:13;}">
                <Coords points="318,1630 355,1627 384,1607 401,1620 446,1605 499,1617 514,1607 584,1662 608,1664 612,1534 583,1546 553,1528 505,1563 438,1558 377,1527 343,1557 321,1549"/>
                <Baseline points="326,1605 351,1604 376,1603 401,1602 426,1602 451,1602 476,1604 501,1605 526,1607 551,1608 576,1610 602,1613"/>
                <TextEquiv>
                    <Unicode>d leng</Unicode>
                </TextEquiv>
            </TextLine>
            <TextLine id="r2l15" custom="readingOrder {index:14;}">
                <Coords points="314,1731 415,1713 514,1758 808,1724 941,1772 1034,1736 1092,1779 1247,1777 1387,1754 1411,1704 1189,1644 1124,1679 997,1646 914,1680 753,1625 605,1690 386,1607 316,1643"/>
                <Baseline points="321,1706 375,1707 429,1709 483,1711 537,1713 591,1715 645,1716 699,1718 753,1719 807,1719 862,1721 916,1722 970,1724 1024,1724 1078,1725 1132,1725 1186,1727 1240,1728 1294,1730 1348,1731 1403,1731"/>
                <TextEquiv>
                    <Unicode>B. ob sie nicht die shabelschuu entzläg gebrechen</Unicode>
                </TextEquiv>
            </TextLine>
            <TextLine id="r2l16" custom="readingOrder {index:15;}">
                <Coords points="341,1788 380,1783 462,1833 508,1799 589,1801 624,1834 665,1840 710,1809 785,1815 786,1771 702,1728 618,1762 558,1740 514,1757 447,1736 431,1747 390,1713 342,1723"/>
                <Baseline points="348,1781 373,1782 398,1784 424,1784 449,1785 474,1786 500,1787 525,1788 550,1788 576,1789 601,1790 626,1790 652,1790 677,1791 702,1791 728,1791 753,1791 779,1793"/>
                <TextEquiv>
                    <Unicode>odord gerißen habe.</Unicode>
                </TextEquiv>
            </TextLine>
            <TextLine id="r2l17" custom="readingOrder {index:16;}">
                <Coords points="316,1903 379,1890 407,1872 429,1886 457,1871 475,1882 520,1877 534,1887 572,1879 573,1809 531,1812 507,1799 451,1834 384,1786 342,1817 316,1811"/>
                <Baseline points="323,1869 350,1868 377,1868 404,1867 431,1866 458,1866 485,1866 512,1866 539,1868 566,1869"/>
                <TextEquiv>
                    <Unicode> kein.</Unicode>
                </TextEquiv>
            </TextLine>
            <TextLine id="r2l18" custom="readingOrder {index:17;}">
                <Coords points="320,1985 406,1952 504,2000 587,1961 690,2014 751,1976 1386,1970 1385,1885 1244,1859 1102,1898 1007,1853 932,1903 831,1873 443,1911 319,1887"/>
                <Baseline points="326,1949 378,1952 431,1955 483,1956 536,1958 589,1959 641,1961 694,1961 747,1959 799,1959 852,1959 905,1958 957,1956 1010,1955 1063,1952 1115,1951 1168,1949 1221,1947 1273,1946 1326,1944 1379,1943"/>
                <TextEquiv>
                    <Unicode>e. ob sie nicht in der boter intention von hauß</Unicode>
                </TextEquiv>
            </TextLine>
            <TextLine id="r2l19" custom="readingOrder {index:18;}">
                <Coords points="314,2035 552,2032 612,2072 804,2051 857,2082 1016,2028 1358,2037 1380,1982 1264,2007 1147,1953 940,2009 784,1985 689,2014 605,1963 520,2004 441,1969 350,2011 314,1990"/>
                <Baseline points="320,2025 372,2027 425,2028 477,2028 530,2030 583,2031 635,2033 688,2033 741,2034 793,2034 846,2034 899,2036 951,2034 1004,2034 1057,2033 1109,2033 1162,2031 1215,2029 1267,2025 1320,2023 1373,2019"/>
                <TextEquiv>
                    <Unicode>und hinter die spycherri gelehen sich begebene, umb</Unicode>
                </TextEquiv>
            </TextLine>
            <TextLine id="r2l20" custom="readingOrder {index:19;} place {offset:13; length:9;}">
                <Coords points="322,2106 417,2109 526,2170 602,2138 821,2168 974,2118 1263,2132 1350,2102 1350,2052 1285,2027 1153,2086 1110,2047 1058,2097 943,2039 853,2089 807,2052 628,2076 552,2032 322,2031"/>
                <Baseline points="329,2100 379,2103 430,2106 481,2109 531,2111 582,2112 633,2114 683,2115 734,2115 785,2115 836,2115 886,2115 937,2114 988,2112 1038,2111 1089,2111 1140,2109 1190,2106 1241,2105 1292,2102 1343,2099"/>
                <TextEquiv>
                    <Unicode>das kindr zu Vorderben ub umb das kben zu</Unicode>
                </TextEquiv>
            </TextLine>
            <TextLine id="r2l21" custom="readingOrder {index:20;}">
                <Coords points="321,2210 366,2188 419,2229 455,2202 469,2206 484,2192 524,2188 525,2163 496,2166 473,2149 434,2146 392,2108 358,2119 325,2107"/>
                <Baseline points="329,2178 356,2177 383,2177 410,2178 437,2178 464,2180 491,2183 518,2184"/>
                <TextEquiv>
                    <Unicode>bringen.</Unicode>
                </TextEquiv>
            </TextLine>
            <TextLine id="r2l22" custom="readingOrder {index:21;}">
                <Coords points="297,2297 330,2297 367,2268 383,2274 406,2261 452,2295 540,2314 564,2307 564,2193 539,2183 485,2191 426,2230 406,2225 367,2188 318,2218 298,2216"/>
                <Baseline points="305,2273 330,2271 355,2270 380,2268 405,2268 431,2268 456,2268 481,2269 506,2270 531,2271 557,2273"/>
                <TextEquiv>
                    <Unicode>A: Naig</Unicode>
                </TextEquiv>
            </TextLine>
            <TextLine id="r2l23" custom="readingOrder {index:22;}">
                <Coords points="306,2378 803,2353 867,2402 1070,2339 1405,2355 1401,2257 1145,2285 1029,2234 924,2279 773,2268 712,2322 609,2261 500,2338 390,2282 303,2299"/>
                <Baseline points="312,2367 366,2366 420,2364 474,2363 529,2361 583,2360 637,2358 691,2358 746,2357 800,2355 854,2354 908,2351 963,2349 1017,2348 1071,2345 1125,2341 1180,2339 1234,2335 1288,2331 1342,2326 1397,2319"/>
                <TextEquiv>
                    <Unicode>Diesere Letsteren drey Haupt aucestines wonden</Unicode>
                </TextEquiv>
            </TextLine>
            <TextLine id="r2l24" custom="readingOrder {index:23;} person {offset:33; length:7;}">
                <Coords points="315,2468 544,2425 631,2466 998,2423 1148,2463 1234,2415 1337,2427 1392,2368 1070,2339 955,2350 890,2403 802,2354 313,2409"/>
                <Baseline points="321,2433 374,2432 427,2432 480,2430 533,2430 587,2430 640,2430 693,2430 746,2430 799,2429 853,2429 906,2427 959,2426 1012,2424 1065,2421 1119,2418 1172,2413 1225,2408 1278,2402 1331,2395 1385,2387"/>
                <TextEquiv>
                    <Unicode>auch beide gebahl, da sie an der Strecki soar ohn</Unicode>
                </TextEquiv>
            </TextLine>
            <TextLine id="r2l25" custom="readingOrder {index:24;}">
                <Coords points="317,2579 420,2506 681,2564 780,2510 911,2543 957,2500 1011,2526 1390,2465 1376,2399 1236,2414 1186,2467 1066,2434 960,2472 769,2427 572,2489 456,2454 313,2470"/>
                <Baseline points="321,2511 374,2510 427,2508 480,2507 533,2507 586,2505 639,2505 692,2504 745,2504 798,2502 851,2501 904,2499 957,2498 1010,2495 1063,2492 1116,2488 1169,2483 1222,2477 1275,2472 1328,2465 1382,2456"/>
                <TextEquiv>
                    <Unicode>angeläuber gebricht auffgezogene worden und alldie</Unicode>
                </TextEquiv>
            </TextLine>
            <TextLine id="r2l26" custom="readingOrder {index:25;}">
                <Coords points="295,2601 604,2621 716,2581 1226,2578 1366,2546 1363,2481 1019,2527 959,2500 910,2543 721,2535 679,2566 547,2513 413,2515 373,2559 293,2562"/>
                <Baseline points="302,2589 354,2586 407,2585 460,2583 513,2582 566,2582 619,2580 671,2580 724,2579 777,2577 830,2577 883,2575 936,2574 989,2571 1041,2568 1094,2564 1147,2561 1200,2555 1253,2550 1306,2543 1359,2537"/>
                <TextEquiv>
                    <Unicode>weil sie daran hangete wiederholet und frifter</Unicode>
                </TextEquiv>
            </TextLine>
            <TextLine id="r2l27" custom="readingOrder {index:26;}">
                <Coords points="308,2669 1021,2679 1188,2632 1300,2660 1403,2615 1400,2554 1291,2548 1148,2607 1089,2567 1030,2614 967,2581 809,2592 745,2644 561,2602 306,2612"/>
                <Baseline points="315,2664 369,2663 423,2663 477,2663 531,2661 585,2661 639,2660 693,2660 747,2658 801,2657 855,2655 909,2653 963,2651 1017,2648 1071,2644 1125,2640 1179,2634 1233,2629 1287,2622 1341,2616 1395,2607"/>
                <TextEquiv>
                    <Unicode>dingen an sie getrnckt, deßen ohngrachtet beharrte</Unicode>
                </TextEquiv>
            </TextLine>
            <TextLine id="r2l28" custom="readingOrder {index:27;}">
                <Coords points="293,2762 1384,2711 1365,2619 1299,2661 1102,2641 998,2704 925,2667 864,2702 788,2668 453,2705 289,2677"/>
                <Baseline points="299,2745 352,2744 406,2742 460,2741 514,2739 568,2738 622,2736 675,2735 729,2733 783,2730 837,2728 891,2726 945,2723 999,2720 1052,2716 1106,2712 1160,2708 1214,2703 1268,2698 1322,2694 1376,2687"/>
                <TextEquiv>
                    <Unicode>Sie immerd auff der verneinung mit verdeuten, daß</Unicode>
                </TextEquiv>
            </TextLine>
            <TextLine id="r2l29" custom="readingOrder {index:28;}">
                <Coords points="311,2831 1050,2806 1380,2755 1377,2711 1293,2701 869,2755 414,2742 309,2797"/>
                <Baseline points="317,2813 369,2811 422,2811 475,2810 528,2809 581,2808 633,2807 686,2805 739,2804 792,2802 845,2799 897,2797 950,2793 1003,2790 1056,2786 1109,2782 1161,2777 1214,2770 1267,2765 1320,2758 1373,2751"/>
                <TextEquiv>
                    <Unicode>nicht ihre diß orts verbrachte taht, sonder der ver</Unicode>
                </TextEquiv>
            </TextLine>
            <TextLine id="r2l30" custom="readingOrder {index:29;}">
                <Coords points="293,2903 411,2939 480,2893 707,2880 768,2923 897,2927 1020,2875 1087,2922 1171,2867 1378,2836 1375,2772 1330,2763 1194,2833 968,2795 856,2859 771,2804 597,2818 538,2867 434,2807 290,2835"/>
                <Baseline points="300,2889 353,2888 407,2886 460,2886 514,2885 567,2885 621,2883 674,2882 728,2881 781,2880 835,2879 888,2876 942,2873 995,2871 1049,2867 1102,2863 1156,2858 1209,2853 1263,2846 1316,2839 1370,2831"/>
                <TextEquiv>
                    <Unicode>dacht sir in diß klend gesanzet und ihre also den</Unicode>
                </TextEquiv>
            </TextLine>
            <TextLine id="r2l31" custom="readingOrder {index:30;}">
                <Coords points="299,2999 347,2975 424,3001 471,2969 528,2984 556,2962 612,2992 639,2970 653,2979 721,2949 720,2919 594,2934 560,2911 487,2904 448,2935 409,2937 379,2913 327,2943 297,2936"/>
                <Baseline points="305,2960 330,2958 356,2958 381,2957 407,2957 432,2955 458,2955 483,2955 509,2954 534,2954 560,2952 585,2952 611,2951 636,2949 662,2946 687,2945 713,2942"/>
                <TextEquiv>
                    <Unicode>halß gebrochen habe</Unicode>
                </TextEquiv>
            </TextLine>
            <TextLine id="r2l32" custom="readingOrder {index:31;} person {offset:11; length:11;}">
                <Coords points="263,3056 630,3072 665,3038 824,3064 951,3031 1013,3062 1095,3019 1394,2999 1375,2902 1271,2957 1180,2926 981,3002 681,2965 477,3026 259,2960"/>
                <Baseline points="270,3048 325,3047 381,3044 437,3042 493,3042 549,3041 604,3041 660,3041 716,3039 772,3039 828,3038 883,3036 939,3035 995,3032 1051,3028 1107,3024 1162,3019 1218,3012 1274,3004 1330,2994 1386,2982"/>
                <TextEquiv>
                    <Unicode>Weilen nun uelehntollu also erachtet vlacht befl</Unicode>
                </TextEquiv>
            </TextLine>
            <TextLine id="r2l33" custom="readingOrder {index:32;}">
                <Coords points="307,3151 459,3119 518,3158 560,3118 703,3105 776,3143 847,3103 920,3137 982,3095 1063,3117 1184,3081 1243,3119 1304,3066 1391,3079 1388,3007 1099,3023 983,3082 710,3035 615,3078 484,3050 438,3087 304,3085"/>
                <Baseline points="312,3111 365,3110 419,3108 472,3108 526,3108 579,3108 633,3108 686,3108 740,3108 793,3108 847,3108 900,3107 954,3105 1007,3102 1061,3098 1114,3094 1168,3088 1221,3081 1275,3071 1328,3061 1382,3047"/>
                <TextEquiv>
                    <Unicode>ein genüegin getahnen zu laben, Als habend dieseb</Unicode>
                </TextEquiv>
            </TextLine>
            <TextLine id="r2l34" custom="readingOrder {index:33;}">
                <Coords points="294,3224 496,3174 593,3221 753,3190 955,3218 1081,3163 1361,3138 1372,3078 1305,3065 1242,3120 1183,3081 1055,3121 983,3094 926,3144 847,3104 773,3146 670,3107 520,3158 448,3122 291,3163"/>
                <Baseline points="300,3188 353,3184 406,3181 460,3178 513,3176 566,3174 620,3173 673,3172 726,3171 780,3170 833,3168 886,3167 940,3165 993,3163 1046,3159 1100,3155 1153,3149 1206,3142 1260,3135 1313,3126 1367,3114"/>
                <TextEquiv>
                    <Unicode>ognen hierauß befohlen, daßere Perstog wilderumb an</Unicode>
                </TextEquiv>
            </TextLine>
            <TextLine id="r2l35" custom="readingOrder {index:34;}">
                <Coords points="306,3296 335,3289 381,3246 415,3264 448,3241 468,3260 557,3283 609,3247 624,3259 643,3245 704,3252 702,3202 663,3215 616,3197 594,3221 496,3175 456,3200 436,3192 403,3219 362,3200 303,3217"/>
                <Baseline points="311,3251 336,3250 362,3249 388,3248 413,3248 439,3246 465,3245 490,3245 516,3243 542,3242 567,3242 593,3241 619,3240 644,3239 670,3238 696,3237"/>
                <TextEquiv>
                    <Unicode>ihro oot zu führen</Unicode>
                </TextEquiv>
            </TextLine>
            <TextLine id="r2l36" custom="readingOrder {index:35;}">
                <Coords points="273,3370 526,3367 661,3295 711,3322 971,3314 1027,3288 1024,3228 921,3217 797,3215 696,3274 608,3247 549,3289 446,3240 415,3265 372,3253 334,3291 269,3273"/>
                <Baseline points="278,3332 315,3329 352,3326 389,3324 426,3321 463,3318 500,3317 537,3315 574,3312 611,3310 649,3308 686,3306 723,3305 760,3303 797,3302 834,3300 871,3299 908,3299 945,3299 982,3297 1020,3297"/>
                <TextEquiv>
                    <Unicode>bitu den autis dobris m2i</Unicode>
                </TextEquiv>
            </TextLine>
            <TextEquiv>
                <Unicode>2. da sie die Rachsbut Verwabt, habe sie der
kindt alberit wol visitiert behabt und nichts
lebendes an ihme gestohnen und also zu dem kndten
selbiges eine zeitlaung neber sich auff den fgeher, tritt
gelegt gehabt und frst hernach die Baherburh vr
gscharert, das kinder aber fost Nachtaner, da der
Weltche mlann hinzu kommegn mit hands zu gedeht,
willens selbiger wieder zu hoben, wie sie sich
auch und erstanden.
Auff die Machrstihl sitzend.
befagt. Ob sie an dem kindt, dasie er zutalt
gebracht, kein zeichen daß lebend gesehen nachge
sfuhrt habe.
d leng
B. ob sie nicht die shabelschuu entzläg gebrechen
odord gerißen habe.
 kein.
e. ob sie nicht in der boter intention von hauß
und hinter die spycherri gelehen sich begebene, umb
das kindr zu Vorderben ub umb das kben zu
bringen.
A: Naig
Diesere Letsteren drey Haupt aucestines wonden
auch beide gebahl, da sie an der Strecki soar ohn
angeläuber gebricht auffgezogene worden und alldie
weil sie daran hangete wiederholet und frifter
dingen an sie getrnckt, deßen ohngrachtet beharrte
Sie immerd auff der verneinung mit verdeuten, daß
nicht ihre diß orts verbrachte taht, sonder der ver
dacht sir in diß klend gesanzet und ihre also den
halß gebrochen habe
Weilen nun uelehntollu also erachtet vlacht befl
ein genüegin getahnen zu laben, Als habend dieseb
ognen hierauß befohlen, daßere Perstog wilderumb an
ihro oot zu führen
bitu den autis dobris m2i</Unicode>
            </TextEquiv>
        </TextRegion>
        <TextRegion orientation="0.0" type="heading" id="TextRegion_1687204450128_1125" custom="readingOrder {index:1;} structure {type:heading;}">
            <Coords points="1564,429 2650,429 2649,644 1563,644"/>
            <TextLine id="r5l1" custom="readingOrder {index:0;}">
                <Coords points="1825,566 1865,547 1893,560 1924,531 1992,557 2121,552 2161,580 2183,565 2196,575 2272,551 2273,465 2155,503 2065,453 2013,447 1924,505 1866,474 1825,492"/>
                <Baseline points="1832,557 1857,553 1882,550 1908,548 1933,546 1959,545 1984,545 2010,545 2035,545 2061,545 2086,547 2112,548 2137,550 2163,551 2188,553 2214,555 2239,556 2265,558"/>
                <TextEquiv>
                    <Unicode>Eeklaulwishe</Unicode>
                </TextEquiv>
            </TextLine>
            <TextLine id="r5l2" custom="readingOrder {index:1;}">
                <Coords points="2479,575 2504,579 2518,595 2527,595 2536,604 2547,604 2565,593 2578,604 2590,600 2593,501 2576,504 2555,495 2503,513 2481,511"/>
                <Baseline points="2486,561 2518,564 2550,563 2583,566"/>
                <TextEquiv>
                    <Unicode>195.</Unicode>
                </TextEquiv>
            </TextLine>
            <TextLine id="r5l3" custom="readingOrder {index:2;}">
                <Coords points="1697,648 1791,670 1898,611 2032,680 2104,631 2179,626 2262,636 2305,674 2392,656 2394,610 2258,551 2160,580 2121,552 1992,557 1920,533 1876,572 1796,582 1701,525"/>
                <Baseline points="1704,620 1738,620 1772,618 1806,618 1840,617 1874,618 1908,618 1942,618 1976,620 2010,620 2044,621 2078,623 2112,625 2146,627 2180,629 2214,632 2248,634 2282,636 2316,639 2350,642 2373,644"/>
                <TextEquiv>
                    <Unicode>Wegin Tudilh irlorlott</Unicode>
                </TextEquiv>
            </TextLine>
            <TextEquiv>
                <Unicode>Eeklaulwishe&#13;
195.&#13;
Wegin Tudilh irlorlott</Unicode>
            </TextEquiv>
        </TextRegion>
        <TextRegion orientation="0.0" type="paragraph" id="TextRegion_1687204450128_1124" custom="readingOrder {index:2;} structure {type:paragraph;}">
            <Coords points="1563,644 2649,644 2648,2759 1562,2759"/>
            <TextLine id="r5l4" custom="readingOrder {index:0;} person {offset:38; length:6; continued:true;}">
                <Coords points="1555,748 1877,724 1988,774 2162,738 2273,796 2373,747 2627,773 2628,745 2380,695 2281,719 2105,631 2041,690 1931,621 1861,680 1770,679 1663,616 1559,637"/>
                <Baseline points="1562,744 1617,738 1673,733 1729,731 1784,728 1840,728 1896,726 1952,728 2007,729 2063,731 2119,734 2175,737 2230,740 2286,745 2342,748 2398,753 2453,756 2509,761 2565,765 2621,768"/>
                <TextEquiv>
                    <Unicode>Wilie die i ulde gel hand e schaf mit mnanne</Unicode>
                </TextEquiv>
            </TextLine>
            <TextLine id="r5l5" custom="readingOrder {index:1;} person {offset:0; length:32; continued:true;}">
                <Coords points="1609,845 1702,802 1833,854 1904,809 1978,865 2203,809 2263,858 2531,829 2587,865 2638,845 2640,785 2374,748 2272,796 2162,738 1869,784 1756,733 1611,758"/>
                <Baseline points="1617,810 1667,807 1718,804 1769,803 1819,801 1870,800 1921,800 1971,801 2022,801 2073,803 2124,804 2174,806 2225,809 2276,811 2326,813 2377,818 2428,821 2478,824 2529,827 2580,830 2631,834"/>
                <TextEquiv>
                    <Unicode>Zeitlangsitzende gud elh Morcoll, daß vndachte</Unicode>
                </TextEquiv>
            </TextLine>
            <TextLine id="r5l6" custom="readingOrder {index:2;}">
                <Coords points="1625,895 1718,882 1829,932 1969,874 2128,907 2294,893 2348,926 2452,891 2595,915 2549,836 2494,864 2436,835 2264,862 2031,833 1969,863 1900,827 1866,855 1626,860"/>
                <Baseline points="1632,890 1679,887 1727,884 1775,882 1823,881 1871,881 1919,881 1966,881 2014,881 2062,882 2110,882 2158,884 2206,885 2254,887 2301,888 2349,890 2397,892 2445,894 2493,895 2541,896 2589,897"/>
                <TextEquiv>
                    <Unicode>in iem den z augusti a 24 hinder dem</Unicode>
                </TextEquiv>
            </TextLine>
            <TextLine id="r5l7" custom="readingOrder {index:3;}">
                <Coords points="1598,986 2011,964 2098,1015 2179,968 2411,969 2525,1006 2562,988 2563,934 2511,941 2454,892 2194,948 2056,883 1912,884 1839,932 1718,881 1599,901"/>
                <Baseline points="1605,965 1652,963 1700,962 1747,960 1795,959 1842,959 1890,957 1937,957 1985,959 2032,959 2080,960 2128,960 2175,962 2223,963 2270,965 2318,966 2365,968 2413,970 2460,972 2508,974 2556,975"/>
                <TextEquiv>
                    <Unicode>pfeshern in den wolt gebehonen kindts einiche</Unicode>
                </TextEquiv>
            </TextLine>
            <TextLine id="r5l8" custom="readingOrder {index:4;}">
                <Coords points="1602,1087 1746,1037 1849,1070 2095,1039 2282,1092 2362,1052 2611,1042 2544,994 2443,1018 2342,970 2307,997 2173,972 2094,1020 2011,964 1910,1006 1846,964 1707,1011 1603,988"/>
                <Baseline points="1610,1043 1659,1040 1709,1037 1758,1035 1808,1034 1858,1032 1907,1032 1957,1034 2007,1034 2056,1035 2106,1037 2156,1038 2205,1040 2255,1041 2305,1042 2354,1043 2404,1044 2454,1044 2503,1044 2553,1043 2603,1041"/>
                <TextEquiv>
                    <Unicode>gewalltachtuge hand angelegt zu haben worder</Unicode>
                </TextEquiv>
            </TextLine>
            <TextLine id="r5l9" custom="readingOrder {index:5;}">
                <Coords points="1613,1122 1751,1149 1827,1110 1911,1167 2091,1110 2366,1119 2464,1166 2614,1130 2615,1049 2471,1085 2361,1052 2275,1094 2165,1089 2096,1038 1949,1038 1883,1076 1747,1037 1614,1079"/>
                <Baseline points="1620,1115 1669,1113 1718,1112 1768,1110 1817,1110 1866,1109 1916,1109 1965,1109 2014,1110 2064,1110 2113,1112 2162,1112 2212,1113 2261,1115 2310,1116 2360,1116 2409,1118 2458,1119 2508,1119 2557,1121 2607,1121"/>
                <TextEquiv>
                    <Unicode>überführt nach durch die an sie gebaudte water</Unicode>
                </TextEquiv>
            </TextLine>
            <TextLine id="r5l10" custom="readingOrder {index:6;}">
                <Coords points="2354,1157 2361,1157 2364,1155 2367,1156 2383,1155 2383,1124 2376,1124 2372,1121 2369,1121 2368,1123 2364,1118 2354,1117"/>
                <Baseline points="2361,1152 2376,1152"/>
                <TextEquiv>
                    <Unicode></Unicode>
                </TextEquiv>
            </TextLine>
            <TextLine id="r5l11" custom="readingOrder {index:7;}">
                <Coords points="1606,1238 1900,1181 2014,1216 2141,1187 2228,1243 2324,1188 2484,1245 2591,1194 2563,1147 2432,1171 2266,1116 2092,1110 1977,1163 1833,1111 1766,1149 1607,1125"/>
                <Baseline points="1613,1191 1661,1187 1710,1184 1758,1181 1807,1180 1855,1179 1904,1179 1952,1179 2001,1179 2049,1181 2098,1181 2146,1183 2195,1185 2243,1187 2292,1188 2340,1190 2389,1191 2437,1192 2486,1193 2534,1193 2583,1193"/>
                <TextEquiv>
                    <Unicode>daßen bekamt gemacht wrd etseg abe</Unicode>
                </TextEquiv>
            </TextLine>
            <TextLine id="r5l12" custom="readingOrder {index:8;}">
                <Coords points="1605,1299 1738,1255 1859,1315 1978,1259 2217,1291 2400,1256 2548,1298 2575,1226 2432,1241 2296,1187 2228,1243 2100,1187 1979,1218 1820,1183 1606,1238"/>
                <Baseline points="1613,1265 1660,1262 1708,1259 1756,1257 1804,1256 1851,1254 1899,1254 1947,1254 1995,1254 2042,1254 2090,1256 2138,1256 2186,1257 2233,1259 2281,1260 2329,1260 2377,1262 2424,1262 2472,1263 2520,1263 2568,1263"/>
                <TextEquiv>
                    <Unicode>habend mleghen und oberen dracht und brger</Unicode>
                </TextEquiv>
            </TextLine>
            <TextLine id="r5l13" custom="readingOrder {index:9;}">
                <Coords points="1603,1359 1859,1386 1992,1332 2056,1370 2244,1335 2296,1372 2475,1347 2538,1400 2592,1378 2593,1293 2027,1259 1860,1314 1739,1255 1603,1300"/>
                <Baseline points="1610,1341 1658,1338 1707,1334 1756,1333 1805,1331 1854,1331 1902,1331 1951,1331 2000,1331 2049,1332 2098,1334 2146,1335 2195,1337 2244,1338 2293,1340 2342,1340 2390,1341 2439,1341 2488,1341 2537,1341 2586,1340"/>
                <TextEquiv>
                    <Unicode>über die mit ihre verführt und haltigen tag</Unicode>
                </TextEquiv>
            </TextLine>
            <TextLine id="r5l14" custom="readingOrder {index:10;}">
                <Coords points="1601,1441 1672,1411 1764,1465 1859,1417 1895,1448 2024,1401 2074,1449 2161,1408 2299,1409 2395,1455 2599,1422 2475,1346 2366,1389 2196,1333 2158,1366 2009,1338 1854,1391 1787,1354 1601,1383"/>
                <Baseline points="1608,1419 1657,1416 1706,1412 1755,1410 1804,1407 1854,1406 1903,1404 1952,1404 2001,1403 2050,1403 2100,1403 2149,1403 2198,1404 2247,1404 2296,1406 2346,1408 2395,1410 2444,1412 2493,1415 2542,1416 2592,1419"/>
                <TextEquiv>
                    <Unicode>ab ermale abgelesene proceduren erkennt</Unicode>
                </TextEquiv>
            </TextLine>
            <TextLine id="r5l15" custom="readingOrder {index:11;} place {offset:37; length:6;}">
                <Coords points="1578,1512 1725,1485 1864,1551 2104,1479 2242,1481 2335,1543 2425,1500 2518,1543 2617,1514 2618,1465 2509,1423 2372,1458 2265,1404 2213,1431 2133,1408 2074,1449 2002,1404 1762,1467 1670,1411 1579,1448"/>
                <Baseline points="1586,1496 1637,1493 1688,1488 1739,1485 1790,1484 1842,1481 1893,1479 1944,1477 1995,1476 2046,1475 2098,1475 2149,1476 2200,1476 2251,1478 2302,1480 2354,1483 2405,1486 2456,1489 2507,1494 2558,1499 2610,1505"/>
                <TextEquiv>
                    <Unicode>daß de ahte Guditen arlabt demich zu laßfen</Unicode>
                </TextEquiv>
            </TextLine>
            <TextLine id="r5l16" custom="readingOrder {index:12;}">
                <Coords points="1585,1580 1898,1588 2004,1551 2193,1619 2375,1551 2614,1576 2614,1537 2432,1503 2321,1533 2241,1481 1868,1548 1784,1540 1725,1486 1585,1515"/>
                <Baseline points="1592,1569 1642,1568 1693,1565 1744,1563 1795,1562 1845,1560 1896,1560 1947,1559 1998,1557 2048,1557 2099,1556 2150,1556 2201,1556 2251,1556 2302,1556 2353,1556 2404,1557 2454,1559 2505,1559 2556,1561 2607,1563"/>
                <TextEquiv>
                    <Unicode>Vordienter strauff lebenslang in die stum</Unicode>
                </TextEquiv>
            </TextLine>
            <TextLine id="r5l17" custom="readingOrder {index:13;}">
                <Coords points="1582,1675 1762,1644 1815,1676 1992,1646 2037,1671 2237,1632 2438,1689 2598,1625 2598,1590 2440,1561 2343,1612 2158,1621 2069,1559 1983,1558 1906,1599 1789,1567 1582,1603"/>
                <Baseline points="1589,1637 1639,1637 1689,1637 1739,1638 1789,1638 1839,1638 1889,1640 1939,1640 1989,1641 2039,1641 2090,1641 2140,1641 2190,1641 2240,1641 2290,1640 2340,1638 2390,1637 2440,1635 2490,1632 2540,1629 2591,1625"/>
                <TextEquiv>
                    <Unicode>stuben getahnn, dartn an einem bloch wdar</Unicode>
                </TextEquiv>
            </TextLine>
            <TextLine id="r5l18" custom="readingOrder {index:14;}">
                <Coords points="1603,1726 1840,1707 2058,1744 2085,1717 2276,1769 2319,1734 2589,1718 2601,1641 2450,1692 2393,1653 2267,1658 2220,1697 2127,1649 2038,1689 1943,1656 1602,1650"/>
                <Baseline points="1610,1715 1659,1713 1708,1713 1757,1713 1806,1713 1856,1713 1905,1713 1954,1715 2003,1715 2052,1716 2102,1716 2151,1716 2200,1718 2249,1716 2298,1716 2348,1715 2397,1714 2446,1712 2495,1709 2544,1704 2594,1700"/>
                <TextEquiv>
                    <Unicode>aufe andere weise angefeßlet wohl verbahret</Unicode>
                </TextEquiv>
            </TextLine>
            <TextLine id="r5l19" custom="readingOrder {index:15;}">
                <Coords points="1593,1791 1783,1786 1939,1835 2080,1795 2634,1799 2634,1732 2597,1726 2319,1734 2271,1775 2086,1717 2012,1773 1830,1710 1769,1751 1593,1734"/>
                <Baseline points="1599,1785 1650,1785 1701,1785 1753,1787 1804,1787 1856,1788 1907,1790 1958,1791 2010,1793 2061,1793 2113,1794 2164,1794 2215,1794 2267,1794 2318,1794 2370,1793 2421,1791 2472,1789 2524,1787 2575,1784 2627,1778"/>
                <TextEquiv>
                    <Unicode>und schauff zur etrarit angehalten werd an solle.</Unicode>
                </TextEquiv>
            </TextLine>
            <TextLine id="r5l20" custom="readingOrder {index:16;}">
                <Coords points="1580,1890 1661,1871 1728,1916 1813,1870 2024,1867 2225,1918 2275,1870 2364,1861 2412,1903 2587,1846 2587,1803 2365,1828 2080,1795 1953,1835 1856,1793 1579,1804"/>
                <Baseline points="1587,1874 1636,1868 1686,1864 1735,1860 1785,1857 1835,1856 1884,1854 1934,1853 1984,1853 2033,1853 2083,1853 2133,1853 2182,1853 2232,1854 2282,1854 2331,1854 2381,1854 2431,1853 2480,1852 2530,1851 2580,1848"/>
                <TextEquiv>
                    <Unicode>Wit Roram 200 d S2 January 1725</Unicode>
                </TextEquiv>
            </TextLine>
            <TextLine id="r5l21" custom="readingOrder {index:17;}">
                <Coords points="1578,2025 1776,1959 1891,1994 1962,1950 2184,1953 2258,1994 2335,1962 2469,1982 2578,1959 2574,1847 2413,1901 2356,1862 2274,1869 2219,1922 2090,1871 1921,1909 1795,1873 1726,1918 1573,1899"/>
                <Baseline points="1583,1979 1632,1973 1681,1968 1731,1964 1780,1961 1829,1958 1879,1955 1928,1952 1977,1950 2027,1948 2076,1947 2125,1946 2175,1944 2224,1943 2273,1941 2323,1940 2372,1939 2421,1938 2471,1936 2520,1934 2570,1931"/>
                <TextEquiv>
                    <Unicode>didel do 1h  rachthaud san</Unicode>
                </TextEquiv>
            </TextLine>
            <TextLine id="r5l22" custom="readingOrder {index:18;}">
                <Coords points="2474,2015 2490,2016 2496,2023 2503,2023 2503,1956 2496,1956 2491,1962 2487,1963 2483,1960 2474,1960"/>
                <Baseline points="2481,2013 2496,2013"/>
                <TextEquiv>
                    <Unicode></Unicode>
                </TextEquiv>
            </TextLine>
            <TextLine id="r5l23" custom="readingOrder {index:19;}">
                <Coords points="1601,2051 1652,2042 1675,2059 1696,2041 1730,2061 1803,2030 1839,2044 1913,2007 1958,2024 2046,2012 2091,2035 2085,1968 2046,1960 1929,1981 1905,1970 1886,1992 1864,1975 1595,1976"/>
                <Baseline points="1607,2042 1633,2040 1659,2038 1686,2035 1712,2033 1738,2030 1765,2028 1791,2025 1817,2022 1844,2019 1870,2017 1896,2014 1923,2012 1949,2009 1975,2007 2002,2006 2028,2004 2054,2003 2081,2003"/>
                <TextEquiv>
                    <Unicode>no</Unicode>
                </TextEquiv>
            </TextLine>
            <TextLine id="r5l24" custom="readingOrder {index:20;}">
                <Coords points="1591,2141 1704,2109 1784,2151 1840,2092 1895,2122 2413,2084 2536,2131 2612,2076 2611,2030 2537,2005 2462,2036 1893,2017 1681,2069 1589,2042"/>
                <Baseline points="1598,2097 1648,2097 1698,2097 1749,2097 1799,2097 1850,2097 1900,2097 1950,2097 2001,2096 2051,2095 2102,2094 2152,2093 2202,2093 2253,2091 2303,2090 2354,2088 2404,2087 2454,2085 2505,2084 2555,2081 2606,2079"/>
                <TextEquiv>
                    <Unicode>ihre obige kehantnuß anzuk under und tiednuch</Unicode>
                </TextEquiv>
            </TextLine>
            <TextLine id="r5l25" custom="readingOrder {index:21;}">
                <Coords points="1606,2197 1639,2223 1695,2176 1743,2198 1841,2164 2649,2185 2648,2112 2496,2130 2413,2086 2178,2121 2119,2088 1996,2130 1841,2092 1783,2151 1605,2114"/>
                <Baseline points="1613,2169 1664,2169 1715,2168 1767,2168 1818,2168 1870,2168 1921,2169 1973,2169 2024,2169 2076,2169 2127,2171 2178,2171 2230,2171 2281,2170 2333,2169 2384,2168 2436,2166 2487,2164 2539,2162 2590,2157 2642,2154"/>
                <TextEquiv>
                    <Unicode>Nichger haun wöl vorwahrt Nichtohl 3 deß graßen</Unicode>
                </TextEquiv>
            </TextLine>
            <TextLine id="r5l26" custom="readingOrder {index:22;}">
                <Coords points="1600,2258 1854,2270 1931,2233 1992,2261 2081,2243 2166,2284 2411,2231 2491,2247 2491,2209 2369,2164 2262,2202 1994,2170 1904,2212 1796,2168 1638,2222 1600,2191"/>
                <Baseline points="1607,2238 1650,2237 1694,2237 1738,2237 1782,2235 1826,2235 1869,2235 1913,2235 1957,2235 2001,2235 2045,2237 2088,2237 2132,2237 2176,2237 2220,2238 2264,2238 2307,2238 2351,2239 2395,2240 2439,2240 2483,2240"/>
                <TextEquiv>
                    <Unicode>spittahlen directarii übergeben gelasßn</Unicode>
                </TextEquiv>
            </TextLine>
            <TextLine id="r5l27" custom="readingOrder {index:23;}">
                <Coords points="1582,2376 1745,2326 1966,2384 2161,2331 2262,2367 2371,2328 2577,2358 2655,2319 2655,2274 2531,2241 2401,2311 2294,2266 2121,2286 1931,2232 1582,2285"/>
                <Baseline points="1589,2330 1644,2330 1700,2330 1756,2330 1811,2330 1867,2330 1923,2330 1979,2331 2034,2331 2090,2331 2146,2331 2202,2331 2257,2331 2313,2331 2369,2330 2425,2330 2480,2330 2536,2329 2592,2328 2648,2327"/>
                <TextEquiv>
                    <Unicode>zu zul sig velehroh  daß graßns pottehls</Unicode>
                </TextEquiv>
            </TextLine>
            <TextLine id="r5l28" custom="readingOrder {index:24;}">
                <Coords points="1589,2419 1808,2455 1941,2411 2002,2446 2384,2472 2448,2435 2592,2436 2592,2379 2372,2328 2263,2367 2147,2338 2085,2386 1913,2357 1847,2380 1805,2340 1590,2375"/>
                <Baseline points="1596,2406 1645,2408 1694,2408 1744,2409 1793,2409 1843,2409 1892,2410 1942,2411 1991,2411 2041,2411 2090,2411 2139,2412 2189,2412 2238,2413 2288,2414 2337,2415 2387,2415 2436,2417 2486,2419 2535,2421 2585,2423"/>
                <TextEquiv>
                    <Unicode>Dincitorii umb sie obigeb erkautnuß zu</Unicode>
                </TextEquiv>
            </TextLine>
            <TextLine id="r5l29" custom="readingOrder {index:25;}">
                <Coords points="1606,2499 1863,2482 1985,2533 2198,2480 2267,2511 2311,2481 2598,2508 2649,2504 2650,2424 2611,2403 2388,2470 2000,2446 1942,2413 1802,2459 1747,2426 1606,2452"/>
                <Baseline points="1613,2466 1664,2470 1715,2473 1767,2475 1818,2478 1870,2480 1921,2481 1973,2483 2024,2484 2076,2486 2127,2486 2178,2486 2230,2487 2281,2487 2333,2487 2384,2487 2436,2487 2487,2487 2539,2486 2590,2486 2642,2486"/>
                <TextEquiv>
                    <Unicode>machrichte und anzustims selbr waen hie werde</Unicode>
                </TextEquiv>
            </TextLine>
            <TextLine id="r5l30" custom="readingOrder {index:26;}">
                <Coords points="1595,2528 1740,2594 1828,2566 1906,2604 2313,2559 2406,2588 2488,2548 2619,2573 2620,2524 2481,2487 2287,2540 2208,2479 1982,2535 1877,2483 1679,2515 1596,2479"/>
                <Baseline points="1602,2529 1652,2534 1703,2537 1753,2541 1804,2543 1854,2547 1905,2549 1955,2551 2006,2552 2056,2553 2107,2555 2157,2556 2208,2556 2258,2558 2309,2558 2359,2558 2410,2558 2460,2558 2511,2559 2561,2559 2612,2559"/>
                <TextEquiv>
                    <Unicode>zusihre zu enhahren und zu groselen verd¬</Unicode>
                </TextEquiv>
            </TextLine>
            <TextLine id="r5l31" custom="readingOrder {index:27;}">
                <Coords points="1579,2634 1717,2669 1777,2623 1894,2667 1989,2629 2139,2684 2211,2633 2294,2685 2430,2636 2521,2678 2615,2629 2616,2579 2554,2561 2489,2607 2290,2566 2073,2566 1996,2607 1829,2566 1740,2594 1638,2545 1581,2570"/>
                <Baseline points="1587,2604 1638,2606 1689,2608 1740,2610 1791,2612 1842,2615 1893,2618 1944,2621 1995,2623 2046,2626 2097,2628 2148,2630 2199,2632 2250,2633 2301,2634 2352,2634 2403,2634 2454,2634 2505,2632 2556,2630 2607,2627"/>
                <TextEquiv>
                    <Unicode>währung, dan er forderlicher herflich uund grstelt</Unicode>
                </TextEquiv>
            </TextLine>
            <TextLine id="r5l32" custom="readingOrder {index:28;}">
                <Coords points="1593,2711 1670,2738 1742,2689 1790,2716 1841,2694 1989,2725 2059,2704 2135,2717 2203,2693 2205,2640 2128,2683 1989,2630 1894,2668 1837,2662 1782,2622 1719,2666 1596,2636"/>
                <Baseline points="1602,2678 1631,2678 1661,2679 1691,2681 1720,2682 1750,2684 1780,2685 1809,2687 1839,2688 1869,2690 1899,2691 1928,2693 1958,2694 1988,2696 2017,2696 2047,2697 2077,2697 2106,2697 2136,2697 2166,2697 2196,2696"/>
                <TextEquiv>
                    <Unicode>zu erwillen. Ait Bastat.</Unicode>
                </TextEquiv>
            </TextLine>
            <TextLine id="r5l33" custom="readingOrder {index:29;}">
                <Coords points="2263,2739 2295,2756 2325,2741 2341,2753 2401,2744 2412,2753 2444,2745 2485,2751 2485,2714 2446,2705 2388,2720 2345,2711 2312,2717 2292,2703 2263,2708"/>
                <Baseline points="2270,2738 2295,2740 2321,2741 2347,2742 2373,2741 2399,2741 2425,2740 2451,2740 2477,2741"/>
                <TextEquiv>
                    <Unicode></Unicode>
                </TextEquiv>
            </TextLine>
            <TextEquiv>
                <Unicode>Wilie die i ulde gel hand e schaf mit mnanne&#13;
Zeitlangsitzende gud elh Morcoll, daß vndachte&#13;
in iem den z augusti a 24 hinder dem&#13;
pfeshern in den wolt gebehonen kindts einiche&#13;
gewalltachtuge hand angelegt zu haben worder&#13;
überführt nach durch die an sie gebaudte water&#13;
&#13;
daßen bekamt gemacht wrd etseg abe&#13;
habend mleghen und oberen dracht und brger&#13;
über die mit ihre verführt und haltigen tag&#13;
ab ermale abgelesene proceduren erkennt&#13;
daß de ahte Guditen arlabt demich zu laßfen&#13;
Vordienter strauff lebenslang in die stum&#13;
stuben getahnn, dartn an einem bloch wdar&#13;
aufe andere weise angefeßlet wohl verbahret&#13;
und schauff zur etrarit angehalten werd an solle.&#13;
Wit Roram 200 d S2 January 1725&#13;
didel do 1h  rachthaud san&#13;
&#13;
no&#13;
ihre obige kehantnuß anzuk under und tiednuch&#13;
Nichger haun wöl vorwahrt Nichtohl 3 deß graßen&#13;
spittahlen directarii übergeben gelasßn&#13;
zu zul sig velehroh  daß graßns pottehls&#13;
Dincitorii umb sie obigeb erkautnuß zu&#13;
machrichte und anzustims selbr waen hie werde&#13;
zusihre zu enhahren und zu groselen verd¬&#13;
währung, dan er forderlicher herflich uund grstelt&#13;
zu erwillen. Ait Bastat.&#13;
</Unicode>
            </TextEquiv>
        </TextRegion>
    </Page>
</PcGts>
