3024 4032
715 276 1049 475 Morloth.
381 342 1415 665 vn der ge e
380 454 1449 764 wahrheit nöhtig erachtenden insandrheit folgen
363 536 1414 799 de quaotionas danz umalen an sie getruckt
391 623 715 765 weden sollen.
369 742 1419 965 A O6 ihro den 20.ten augusti ltsthin hinter den
357 817 1437 1072 specheren an die welt gebohrne andt nit bbedig
381 925 1408 1114 an tag kommen und sie nit zeichen des lebens
373 1023 1022 1166 an ihme vorsführt habe.
369 1117 1422 1310 2. Ob sie die Nabelschuuid nit selbs abgerißen,
361 1206 1284 1368 Wormit und wie sie er gemacht habe.
370 1297 1428 1490 3. Ob sie nit in dem besten vorsetz aus elste
371 1425 1445 1580 Sattlint hauß hinder diesfrscheren grngen ihr
382 1489 1423 1640 wiederkuufft zu verbergen und das nid zu
389 1569 655 1696 Verderben
355 1683 1414 1833 Gelauget demnach Morkl. 3 und Ob. R. 1. 6
361 1775 1419 1918 befelch am euch uehntohln, dieser ihr erhgutuß
354 1867 1383 2006 ohne zeit, verluest in exerbion zustellen und
359 1952 1418 2075 dar herauß kommende mit vluglichr befinderung
350 2017 1413 2164 Wughle zu ders vrater erkannt uß unzutragen
347 2105 1144 2258 wie zutuhn ihr wüßen werdet.
334 2195 1441 2353 A ctum Coram 200. d 14 Dcembris N24.
1887 431 2244 527 aran.
2498 450 2625 576 789.
1600 476 2304 609 Zdal an tlehlich die rachte.
1573 577 2650 743 Demnach mlaghe und obere s und b laft
1615 690 2642 813 der zedeld vom 6 diß vlonats das gutachten
1600 609 1627 627 Zdal an tlehlich die rachte.
1606 769 2645 890 hunderbracht worden, wie in deß droben enthaltenen
1607 847 2650 992 Anpuni daniel Pamhaubs geschafft ab utitten
1613 942 2649 1046 und dann auff welchem auß das haup geschafft selbste
2266 1003 2628 1124 habend hochguacht
1604 1019 2124 1137 abgehandelt woerden solle.
1600 1088 2569 1232 Ir gal, so viel dar eeste bekrifft, befunden
1599 1173 2549 1326 daß die einhen heren, so in diß fambautes
1602 1253 2617 1397 bitsterug ferto eheempfindtlich angereifen, für
1605 1318 2599 1461 ihre persan allein im außstandt verbleiben
1608 1403 2610 1547 ihre heren verbandten aber wieder umb herin be
1590 1465 2609 1616 eruhen werden und der abhandlung disers gr
1608 1560 2141 1706 eschafft bewohnn sollint.
1611 1637 2638 1813 Anlangend abel das hauptgeschettsellsten, so ha
1592 1753 2628 1898 and slichen u fekrnnt, daß wennen nach ge
1598 1823 2659 1944 voohnt und erbt uhen cotisto verfahren, das Canmen
1596 1895 2646 2053 durch einen vlerghun der rahten, welchen die ordung
1605 1956 2631 2101 hrifft, wogen abtritt in herren Großwybels
1613 2053 2664 2202 durch Hern anmann und herren Grichtscheiberen
1610 2138 2661 2269 verfuhrt in die dustifsications und verantword
1597 2229 2658 2356 etung deßßen, so vor der a nr ergangenen
1606 2284 2664 2415 hochßberkeiten  Uteill vorgangen, nicht ein
1595 2337 2655 2507 ggeteitten, elb ind zu lrs wlughen n den ruhlen
1594 2445 2664 2583 Nachtarte Mughe z und Oberen r u. s. nach dem
1606 2508 2672 2641 vorstehenden  k tag mit üeblichen formaliteten
1601 2593 2622 2724 als da ihme pankant ein huesprech gegeben
1592 2657 2671 2808 Wiet vorgetragen, danzummalen aber bey Egen
1596 2738 2650 2867 gebotten worden solle. Deßen ihr nleinge
1608 2803 2629 2948 hermit verständiget werdet, mit frendtlichen
1611 2883 2598 3037 gefünnen Nunnehro diesachen auff diesem fuß
1591 2939 2539 3103 zu Veranstalten acte lotam 200 da 3
1610 3043 1943 3171 Decembrs 1 24
