3024 4032
843 575 916 637 50.
845 873 954 967 genisst
828 1329 893 1387 51.
814 1843 906 1912 52
635 1850 702 1925 .
643 1900 909 1966 mit Maritz Braun
634 1942 948 1985 einen wynhändler
653 1957 889 2016 einen Fähler
651 1992 934 2037 begangen, darumb
657 2004 892 2070 sy abgebüeßt
639 2042 906 2092 Worüber meine Herren vil
657 2067 920 2130 ihr verneinen inne
637 2096 955 2153 dahin gewisen selbiges
634 2134 810 2200 zebeweisen.
817 2161 891 2224 53
814 2395 961 2480 54 ß.
1454 512 2046 629 Vermog S. von der Ehrb. zu Bipp¬
1001 566 2047 690 Verena Tschuni, welche, mit klagender Schwängerung
995 630 2054 746 der Ehe anspricht, Petter Werli, beide von Ober Bipp
956 702 2036 800 Der sich aber vortgemacht, ist ein veruffbrieff
944 781 2005 846 Wider ine erkant, Jedoch daß derselbige dem
977 834 2026 920 Herren Vogt zu Bipp zugeschickt und erst nach ihrer
977 872 1977 968 fahls sy uf Imme Werli, verharren würde, verläsen
967 939 1999 1022 werden solle; der Meinung, daß vor allen Dingen
977 990 2026 1076 Sy in der genisst, vom rächten Vatter Ihres
970 1026 1731 1121 Kindts, ernstlich befragt werden solle.
965 1306 2029 1387 Über der Erb. zu Guggisberg abgegebnes bericht
974 1362 2002 1456 Schryben, Wasmassen es der Jenigen gäbe, welche nichts
977 1428 2025 1484 mit sauffen, Dantzen und allerhand üppigkeiten Umgang
965 1484 2047 1547 welche aber die Gyger, Namens Hans Zand und Petter
967 1525 1992 1595 Vifian, nit angeben und vernamsen wollen, habend sehr
967 1555 2004 1644 ein S. an bemelte Ehrb. erkent, beide gyger alsobaldt
976 1610 1419 1690 alhar gehalten. Den 29.
960 1796 1956 1914 Hans Früch von Rynfälden ussem Thurgauen hat
958 1855 1932 1967 meine Herren globt, die in der Insull alhier ligende
966 1904 2008 1998 Margredt Hunzigker von Goßingen mit annemmung des
969 1960 1973 2040 kinds zu kirchenzefüehren. Den 29. Dec: sind sy gegen einander
967 1974 2032 2059 erschinen, da dan er sich beschwärt sy zu kirchen zefüeren, sindtemahl
961 2006 2002 2101 sy wegen diebstählen unders hänckers händen gsin seye, Item wylen sy
944 2089 1972 2202 Mauritz Widmer und Anna Linhard, habend
957 2150 1980 2249 meine Herren globt und versprochen, einanderen zu ehelichen und
966 2201 2010 2293 zu kirchenzufüehren, dassen die Ehrb. zu Brittnauw
953 2271 1341 2348 berichtet werden soll
977 2348 1995 2465 Wegen Mauritz Klencks von Zoffingen, welcher schon vor
963 2400 2004 2514 ohngfahr 16 jahren under einem solothurischen haubtman
958 2443 1996 2541 dienst angenommen und wegen seines Ausstrits von seiner Ehefrau
945 2481 2003 2583 verrüefft worden, habend ihn die sach, wyl er widerumb an-
946 2522 1977 2626 heimsch worden, sein Ehewyb sich anderfahrt verehrlichet, und
955 2559 2004 2662 er der begnadigung und Landtsoffnung begert für mahle
944 2641 1101 2714 gschlagen.
2241 1033 2319 1090 55.
2108 1400 2152 1457 d
2105 1428 2347 1496 habe, Inne hier vor
2112 1477 2348 1522 einem Ordenlichen
2117 1502 2336 1551 Richter besuche,
2105 1531 2335 1579 Da dazumahlen er
2117 1562 2335 1605 Ihra mit bescheide
2099 1592 2327 1640 antwort begegnen
2101 1618 2175 1658 wolle
2238 1708 2297 1768 56
2091 1751 2331 1812 so datieret den 25.
2101 1790 2356 1844 wintermonat 1683
2092 1833 2167 1885 Jahrs
2080 1846 2324 1932 datiert den 5. tag
2098 1902 2263 1963 Oct. 1684.
2611 674 3387 766 Montags den 8. Dec 1684.
2645 734 3384 836 MgH. Rahtsherr Müller Richter
2652 797 3431 878 Herr Decan Herr Blaugner Herr. Steiger
2639 854 3368 948 Herr Sultzer, Herr Lerber
2399 998 3388 1080 Über eingelangtes berichtschryben von der Ehrb. zu
2395 1051 3426 1136 Basel Carl Fridrich Du Blessis Gouret betreffend,
2404 1113 3364 1183 welcher Anna Cathrina Münzingerin, lauth ehe¬
2395 1159 3434 1244 Contracts die Ehe versprochen haben soll, habend meine Herren
2388 1209 3423 1278 ein Antwort Schryben an bemerkte Ehrb: zu Basel erkent,
2382 1266 3411 1337 und Ihnen gebedüten, daß zu underschidlichen mahlen von
2385 1308 3399 1390 hier aus an die Ehrb: zu Bauois geschriben worden
2392 1345 3390 1422 inne alhar für mhhr gehalten, umb inne zur gebühr zu
2380 1403 3429 1477 halten, mit einer recharge an bemerkte Erhb. zu Bauois.
2399 1466 3432 1524 den 12. diß ist uf einkommenes berichtschryben von der Ehrb.
2383 1495 3359 1549 zu Bauois ein antwort S. erkent, daß Herr Du Blessis
2386 1537 3367 1601 Gouret uf den 1. montag nach dem neüw Jahr, vor meinen Herren
2379 1565 3360 1636 erscheinen solle, den 17. diß ist er Du Blessis vor nicht erschinung
2380 1611 3412 1685 welcher begert, daß die Mentzingerin, so sy etwas ansprachs an imme
2545 1664 2595 1727 G
3214 1677 3246 1725 .
2384 1668 3322 1759 Niclaus Bellmund wirt nit nur von Maria Gerig
2384 1746 3387 1797 mit verwysung seiner eigenen handtschrifft, sondern auch von
2375 1780 3381 1848 Rosyna Beney mit fürlegung eines Ehebriefs welcher
2363 1819 3378 1890 durch ihnne und seinen Vatter underschriben worden, der
2375 1856 3381 1935 Ehe angesprochen, der dessen auch nit absein kan. Worüber
2375 1899 3396 1963 meine Herren zue Bellmund und sy Beneyenen wegen ohnverschamt
2365 1934 2794 1988 reden einmahl aben erkent
2833 1927 3327 2009 Den 12. jan 1685.
2357 1972 3385 2043 habend mhhr. der Rosyna denen Eheanspruch an Niclaus
2351 2032 3385 2093 Bellmund für nichtig erkent, und Ihra zugelaßen sich nach gleich
2361 2060 3322 2119 anderwertig zu verehelichen, Imme Bellmund aber, die Maria
2369 2106 3340 2173 Gerig, alß welche das Eltere Recht hat, zugesprochen
2351 2143 3358 2226 Hieneben zur Bellmund dahin verfelt, daß er der
2350 2202 3385 2267 Beneyenen für Ihre Costensanforderung innert Jahrs-
2345 2231 3384 2315 frist 8. kronen ausrichten, und Im übrigen wegen seiner zwyfachen
2362 2277 3393 2345 Eheansprach über sein bereits hievor ausgestandene gefangen-
2344 2327 3303 2412 schafft noch zweymahl 24 stund das Loch huetten solle
