3024 4032
756 1429 856 1511 152.
672 1720 857 1812 Ein daler
749 1994 824 2043 153.
782 656 854 715 151.
1009 594 2045 738 Die Eheversprechung zwüschen Mr. David Graber
1003 670 1997 784 und Madle Lässer, habend meine gnädigen Herren in ansechen sy einander
1005 725 1995 817 gutwillig aufgeben undt Ihre sein Grabers Kinder
1008 767 2035 865 wyl Er in einem hohen alter und sy noch jung, habend
995 799 2014 907 meine gnädigen Herren für nichtig und ungültig erkent, sie neben ihro
982 846 1994 952 das hochzytkleid zugesprochen und dass er Graber Ihre
986 899 1970 1002 10. daler aussrichten, sy aber imme den Ehepfennig
994 940 1295 1016 restituieren solle.
1140 1096 1905 1212 Fryttags den 30. Jann: 1685.
1157 1160 1949 1270 Meine gnädigen Herren Rahtshr. von Erlach Richter.
1155 1236 1993 1324 Hr. Decan, Hr. Blauwner, Hr. Fellenberg.
1139 1288 1969 1392 Hr. Steiger, Hr. Sultzer, Hr. Lerber.
968 1412 1955 1535 Über den Ehrbaren zu Provence begehren, dass
946 1492 1968 1585 Jean Reymondas Inen umb den Kosten möchte zugge-
968 1538 1962 1627 -sprochen werden, so wegen einer procedur zwüschen
956 1576 2004 1666 Imme und den Collomb sich belassen, habend meine gnädigen Herren sy die
946 1639 1980 1710 Ehrbaren desswegen abgewisen und Ihre hievorige Er-
949 1665 1932 1733 -kantnus habe 1. Febr: 1684. confirmiert und die
949 1728 1950 1782 gedachte Ehrbaren dahin verfelt, dass sy gedachtem
947 1760 1956 1832 Reymondas für seinen Reiss Costent entrichten, Im-
938 1790 1976 1852 -übrigen inne so er anderen Stucken halben, fälbahr er-
935 1838 1639 1910 -funden wurde, zur gebühr zehalten.
928 1936 1774 2024 Abraham Colomb wirt nit nur von Marie
1807 1944 1939 2030 Alisson
943 2008 1930 2055 sondern auch von Marguerite Boltens der Ehe ange-
902 2039 1894 2115 -sprochen und der Schwängerung beklagt, welcher
932 2093 1979 2142 aber einzig und allein der Alisson gestendig, der Boltens
931 2118 1951 2173 aber, weder der Eheversprechung noch dess byschlafs
929 2157 1950 2223 bekantlich sein wollen; Worüber meine gnädigen Herren zue Collomb
922 2206 1918 2256 und sy Boltens einmahl aben erkent, den 6. Febr:
922 2290 1902 2343 verharren, und die Classes der gefangenschaft ausgestanden
910 2319 1981 2376 die sach meinen gnädigen Herren umbstendtlich vorgetragen erkent. Worüber
920 2368 1980 2421 Er Collomb zu dem eydt admittiert worden, welchen
928 2398 1539 2479 Er auch hotenniter geschworen.
2174 1348 2248 1435 155
2162 1839 2256 1903 156.
2153 2152 2232 2227 157
2161 2476 2223 2532 158.
2021 2499 2284 2577 ein Rötschmund ein
2030 2553 2137 2618 färber
2199 700 2305 764 154.
2387 650 3349 767 Hr. Balthasar Schaffner Predicant zu Bürglen,
2400 727 3337 812 Welcher vor 8. tagen ab fr: Anna Fehr seiner
2398 792 3417 845 Sohnsfr: geklagt, was massen sy sich in einem Waldt
2405 818 2882 897 also ergerlich prostituiert
2890 829 3372 903 dass sy mit mans person
2381 857 3390 949 uf Ihro ligend, seye gesechen worden, und über solche klag
2372 912 3374 993 dahin gewisen worden, selbiges innert 8. tagen uf sy ze-
2380 959 3405 1047 -beweisen, entschuldiget sich, vermög überschickten s. daß
2382 1008 3347 1085 es Ime noch nit müglich selbiges werckstellig zemachen;
2371 1062 3351 1127 Worüber meine gnädigen Herren erkent, dass er seine Kundtschafften
2372 1104 3379 1170 von heüt über 8. tag ohnfählberlich stellen, in person auch
2369 1144 3376 1232 selbsten erscheinen, und seiner parthey selbige alsobaldt
2361 1203 2664 1278 vernamsen solle.
2347 1305 3332 1404 Wegen der Zwüschen Francois Warney und Jean
2362 1369 3376 1441 Henry Paccoton entstandenen streittigkeit, habend meine gnädigen Herren
2357 1424 3318 1492 die partheyen für den Herren Landtvogt zu Ifferedten
2350 1455 3360 1550 gewisen mit einem s. an Ine sy zevereinbahren; Im übrig
2354 1507 3334 1592 zue Paccoton dahin verfelt, wylen er dise Sach ohne
2356 1559 3348 1635 nicht für meine gnädigen Herren gezogen, daß er mit gedachtem Warney
2344 1596 3347 1675 umb seinen dissmahligen Reiß Costen, nach moderation
2337 1646 3086 1739 dess herren Landtvogts abschaffen solle.
2343 1803 3354 1897 Gottfrid Wyss von Strassburg ein Steinmetz begert
2345 1860 3327 1930 mit Elisabeth Belloton ussem Neüwenburger gebieth
2335 1908 3324 1969 zu Künitz, Item David Kräyenbuel mit Elssbeth
2346 1944 3310 2010 Imhooff, zu Bümplitz, Kirchenrecht zethun, Ist Inen
2338 1986 2559 2051 verwilliget.
3176 2125 3315 2184 daß
2336 2105 3153 2196 Ein S. an die Ehrbaren zu Guggisperg erkent
2333 2153 3272 2232 Styni Rohten, welche alhier wegen Ihres angestelten
2327 2215 3282 2289 dantzes umb drey Cronen gestrafft worden, wylen sy nit
2339 2246 3340 2306 erscheinen kan droben vor Chorgricht desswegen Censuriert
2326 2281 3303 2355 und dahin gehalten werden solle, mit dem Weibel Sinnen
2309 2319 2932 2419 Pföüwten der kösten halb, abzeschaffen.
2315 2428 3289 2499 Bärbli Ärni spricht mit klagendem byschlaff der Ehe an
2332 2481 3307 2563 Emanuel Brettont, derselbige aber, wiewol er dess byschlafs
2340 2523 3322 2581 bekantlich, Ihre der Eheversprechung halben nit gestendig sein wollen.
2336 2553 3312 2610 Worüber meine gnädigen Herren disere Ihre ungegründt und unbewisene Eheanfrag
2332 2589 3286 2641 für nichtig und ungültig erkent, sy beiderheits zu völliger ab
2322 2619 3280 2664 büessung verfelt, undt dass er Ihre das gewohnte Kindtbeth, und
2327 2634 3285 2697 Ammenlohngelt, ausrichten und das Kind so es halb jerig zu seinen hand
2341 2682 2515 2729 nemmen solle.
