3024 4032
1017 540 2059 619 Ulli Oberli von Käßli mit Barbara Brönnimann
881 566 956 646 95
1029 605 1948 678 seiner eheverlobten vor einer christlichen
1258 637 1448 679 besagten
1017 646 2052 748 gmeind zu Baaßli im Ampt Burgdorfs  kirchen¬
1017 689 1627 774 recht zu thuen bewilliget.
1008 773 2030 873 Auff eingelangtes bericht S: von der ehrb: Z-
852 791 930 884 96
1020 847 1985 931 wichtrach, wie daß Anna Umel von Kiesen
1010 894 2012 981 so vor etwas zyts ohnversehens außern land gewichen
1017 932 2006 1020 welche sonst von jugend auff in keinem bösen
985 979 2036 1061 lümbden ward und im niderland unden kinds
987 1024 2004 1108 genäsen, jetzund aber widrumb ins land kommen
997 1084 1992 1148 und bemeltes ihr kind (welches sy drunden im land
996 1117 1997 1199 verdinget habe, einem gewüßen Bendicht Kiener
993 1173 1964 1256 von wichtrach, welcher aber nunmehr in Hr. Obrist
988 1204 2024 1305 von erlachs guardi compagny in franckrych sich be¬
978 1255 2031 1355 finde und ihra sin ehe aufrecht und redlich darzu
990 1319 2004 1405 versprochen und sy auch damahl auß dem lande
990 1363 2012 1447 zugehen geheisen habe, so er dann nahen kommen,
982 1423 2015 1502 und sy ehenlichen wolle desswegen bemelte ehrb:
981 1458 1996 1553 von meinen Herren Rahts begehrenden, wo des kinds heymath
978 1508 1996 1595 seyn und an welchem orth ihme selbiges zu Kiesen oder
967 1557 1993 1641 zu Wichtrach assignirt werden solle. Habend meine Herren
970 1600 2000 1682 desweg ein antwort S. an bemelte ehrb: erkennt
699 1604 963 1699 oder derselben verwandt
976 1641 1914 1727 des kindes elteren für sy zu bescheiden, ihnen
971 1695 1982 1757 disen handel zu communiciren, hernach auch sy ernstli
970 1731 1988 1813 anzumahnen ihme kiener befürderlich solches zu
951 1763 2004 1858 zutheylen umb von ihme zu vernemmen, ob er dises
957 1811 1985 1903 angeklaget, bekantlich seye oder nidt und hernach mehr
970 1862 2008 1933 seiner antwort halb widrumb zu berichten, sy viel
954 1918 1800 1993 aber inzwüschen zur gedult gewiesen seyn solle.
822 1987 880 2045 97
954 1962 1995 2080 auff beschehenen anzug meiner Herren reden Blauwners, waße
966 2040 1991 2105 maßen herren ynsulprediger wyß sich erklage, wie daß
948 2070 1985 2160 in haltung seiner predigen daselbst, sonderlich aber am
948 2108 2003 2196 sontag etlichen under den zuhörenden und be¬
959 2150 2012 2246 findenden mans- und wybspersohnen sich nitt nur in die so genant
950 2216 1994 2281 wiben- und mannenstuben versamblen, daselbstn mit nebend und
951 2235 1981 2306 ja gar auf die verhandenen wybspersohnen auf
660 2288 1973 2374 einanderen auf sich setzen und ihne in seiner action höchst verhinderlich
958 2334 1982 2398 sondern auch zu jedermäniglichen größter ärgerniß
908 2356 1988 2445 allda sich einfinden, ist ein zedel an Herrn Ynsulmeister
1440 2414 1604 2450 und wybs
1758 2427 1895 2461 unnder heyden
954 2416 1980 2499 desswegen abgangen keine manspersohnen legen under
669 2448 1962 2543 und die weyber in die benante wyberstuben anlegen predig gehalten werden.
637 2476 941 2534 Die mannen aber in
969 2494 1965 2584 hueyer zu lassen, sondern auch auff solche so ärgernus
656 2517 950 2567 die so benante mann
652 2541 947 2610 stuben zu wysen.
978 2542 1977 2617 geben und sich alldort by und in währender haltung der predigen
962 2571 1966 2672 ungebührlich verhalten wurden, gute aufsicht halten zu laßen,
957 2606 1924 2703 umb selbige hernach vor meinen Herren gebührender maßen
943 2642 1209 2697 zu verleyden.
2409 604 3465 730 Langet ein rathszedell eyn, folgenden inhalts jederenn
2217 630 2329 725 98.
2413 656 3445 771 meiner Herren in ihren archiven nachschlagen laßen, wie an
2405 715 3460 828 ehe ansprachen, solche persohnen, die under verschieden,
2413 765 3440 850 nen bottmäßigkeiten gesäßen, alß die dißmahl
2406 805 3449 873 zwüschen Anna Catharina Müntzingerinn von
2406 868 3445 948 Basell und Hr. du Plessis, der richter zu suchen seye
2407 897 3436 972 sollend äbenmäßig ihr meine Herren in eineren Manualen
2410 951 3436 1030 nachschlagen, wie in dergleichen fählen es practicirt
2395 989 3425 1077 werde, und sonderlich und wie es zwüschen dem
2386 1029 3426 1134 diebenmann und der Anlicherinn eigentlich hergangen
2394 1078 3387 1180 füwer meiner Herren mundtlichen bericht ihr gnaden
2391 1126 3080 1218 übergeben, Actum den 8. jan 1685.
2460 1269 3203 1366 montags den 12. jan 1684.
2520 1327 3232 1424 Meine Herren Rahtsherr von Erlach Richter
2538 1381 3303 1477 Herr Decan, Herr Blauwner, Herr Fellenberg
2508 1433 3276 1514 Herr Steiger, Herr Sulter, Herr Lerber
2343 1547 3362 1652 Ein S. an Herrn Vogt zu Brandis erkent, Lienhart Joss
2196 1586 2267 1645 99.
2350 1608 3245 1664 und sein Ehewyb Gabi Wägmüller alhar zehalten
2344 1653 3194 1713 Den 14. jan ein recharge an Herrn Vogt mit einem verwissen
2349 1688 3386 1795 über eingelangtes bericht Schreiben,  der Ehrb: zu Zoffingen
2179 1707 2258 1780 100
2350 1746 3386 1828 wasmassen, Maria Näff sich bereits mit Hans Ullrich
2343 1798 3378 1857 Suttermeister ehelich verlobt, ehe und befohr Ihres wahrt¬
2354 1838 3350 1913 zihl der anderthalb Jahren, wegen Ihres begangenen Ehe¬
2348 1874 3389 1934 bruchfählers, verflossen und habend meine Herren im S. an bemelte
2377 1924 2417 1950 4
2341 1926 3369 2001 ehrb: erkent, sy beiderseits von heüt über 8 tag alhar zehalten.
2155 2325 2234 2378 101
2231 2283 3318 2396 Johann Fridrich Heid erlütteret sich, daß er die Sussanna
2317 2349 3293 2414 Maria Hällmer zu Kirchen fuehren und ehelichen, wolle
2319 2402 3328 2465 wofehr man imme 2 Jahr Termin geben der dochter Vatter
2330 2446 3352 2513 inne der Costen halben entheben, und Imme eine Ehrliche Eestür
2329 2481 3325 2527 geben werde, Worüber der Vatter sich erlütteret, das
2319 2514 3344 2584 er in solchem fahl, thun wolle, was in seinem vermögen sein worde
2313 2556 3261 2618 darüber meine Herren die Partheyen beiderseits dahin gewisen, dass sy
2332 2589 3307 2637 in der fründtligkeit sich mit einander vergleichen und uf nechstkünftigen
2329 2622 3314 2664 Mittwuchen widerumb vor meinen Herren erscheinen sollen, Den 14. jan sindt
2320 2658 3305 2709 sy widrumb erschinen, und obwohlen er Heid sich erst sich beschwären
2313 2677 3354 2731 wollen, sy zu heüwrahen, mit vermelden, dass sein Landtsman #
2053 2357 2083 2395 #
2043 2394 2319 2448 Imme solches intrachten,
2038 2430 2306 2476 wolle, so habend
2037 2460 2313 2506 meine Herren jedoch inansechen
2053 2484 2329 2525 seiner erlütterung
2030 2515 2305 2555 und das er erst
2038 2535 2319 2589 sither widrumb zu
2032 2563 2289 2610 der dochter gann
2038 2583 2313 2640 und mit ihrem vatter
2052 2619 2291 2663 gessen und truncken
2031 2642 2284 2710 sy zusamen gesprochen
