3024 4032
825 934 895 1062 67.
824 1175 888 1245 68
826 1945 902 2032 69.
680 2009 972 2114 selbst schriftlich
1216 532 1979 665 Montags den 22. dec 1684
997 659 1820 777 meine Herren Rathsherr Müller Richter
1016 730 1714 845 Herr Blauwner, Herr Fellenberg.
1096 796 2023 916 Herr Steiger Herr Sultzer, Herr Laubner
991 947 2031 1064 Jean Pierre Rudey bleibt beständig auff seiner unschuld
1007 1026 2022 1119 und sy Massillon auff ihrer Anklag, darüberhin
988 1075 1916 1179 gemelter Rudey sich mit dem eyd punocentirt,
992 1166 2063 1270 Ein recharge erkennt an die Ehrb: zu Ballens den Castlann
1002 1251 1029 1291 .
1033 1220 2030 1330 Gabriel Monod und der Rotienne Martigny von-
993 1263 2014 1376 nechstkünfftig frytag über acht tag allher zu halten
982 1312 2048 1419 mit dem beträüwten, daß wann im fahl sy nit erschynen
977 1372 2048 1457 wurden meine gnädigen Herren danzumahl ihres ungehorsambs halben
986 1414 2023 1517 berichtet werden sollen, und das gemelte Ehrb: auch
968 1475 2013 1538 den herren Scherli von Aulbonne den David Marquier
982 1509 1998 1598 von Morsee und der verstorbenen Anne Mayor
968 1560 2016 1649 mutter, wie auch anderen so wegen allzunacher ver-
971 1601 2016 1697 wandtschafft gegen gemelter Mayor, sich geweigeret haben.
976 1656 2007 1739 ihre außag von sich zu geben nochmahl samptlich vor
973 1700 2020 1790 fus bescheyden und sy nochmahl ihre auch an gleich wie
968 1739 2020 1833 andere gethann von sich zu geben anzumahnen und
947 1802 2011 1875 Im fahl weigerens sie ungehorsamen ebenmäßig alles
1001 1845 1992 1907 inhalten, den 12. jan 1685 ein recharge erkent an der
965 1885 1876 1944 Vogt zu Morset, obigem befähl angsicht diss nach gekommen,
980 1921 2016 2013 Ein S. erkennt an herren Schultheiß zu Murten, daß
992 1977 2014 2065 weilen der herren erfundl. kämmann daselbst meine Herren
975 2014 2023 2102 anderem 22 nov jüngsthingen berichtet, daß der
976 2052 2029 2146 Geürath zwüschen herr Hans Frantz Fischer von Mantalier
969 2103 2022 2196 und Jungfr. Marie Magdelaine Burnat von Milden
976 2144 2029 2233 aufrichtig realisch und außgemacht seye, darüberhin
968 2183 1981 2284 wohl ermelte mhhr. gedachtem herren Fischer mit ihre
955 2243 2020 2330 Burnat kirchenrecht zu thunn verwilliget, da doch
967 2284 2024 2374 Herren Simon Galliards von Murten herren vatter solchen
961 2332 2032 2437 Heürath vor ihme Herren lestrenden contestirlich gemachten und
955 2387 1932 2470 sich zunamen seines sohns vor ihme Herren cifenden Copponirt
964 2434 2029 2517 indem er gesagt, sein sohn der meine beßer recht zu der tochter
974 2478 2007 2564 alß aber der Herren Fischer zu haben, darzu aber gedachter Herren Cifreden
966 2539 1999 2604 stillgeschwigen, ihne herren cifreden umb obige versachen halben, wie auch
1699 2567 2001 2654 den Herren Simmon
960 2573 1699 2661 den Herren Fischer und sein frauw und den jung
977 2614 2001 2685 Galliard von künfftig mittwuchen über 14 tagen samptlich
979 2671 1354 2747 alhar zuhalten,
2183 2088 2261 2190 71.
2249 983 2310 1045 70
2536 627 3345 740 Fryttags d. 26. Dec. 1684
2591 703 3316 802 Mhhr. Rahtsherr Müller, Richter
2582 763 3391 857 Herr Decan, Herr Blauwner, Herr Fellenberg.
2598 820 3090 907 Herr Sultzer, Herr Steiger
2383 964 3360 1072 Mit einem Schryben von der Ehrb. zu Vechingen
2399 1037 3375 1115 werden nichts berichtet, wasmassen Barbara Fürst
2387 1099 3397 1173 von dem Lindenthal ein Armes und halb dorhafftiges
2389 1129 3379 1213 mentsch mit zueignung Ihres underem hertzen tragenden
2384 1194 3370 1263 Kindts deß byschlafs beklagt Christen Küppeler
2389 1223 3373 1311 ein Eheman seines Handtwerkes ein Metzger, uß der
2390 1269 3419 1355 Kilchöri Thun Diessbach by Thun, als welcher verschinnen
2385 1327 3379 1392 Sommer dem Heüwet in Petter Gfellers Schür, die
2400 1385 3435 1448 hat mit ihra verbracht, der aber an keinem orth bestendig
2403 1421 3406 1492 sich aufhalte, sondern veneren vor dictum an der gehebt
2382 1466 3413 1534 seinem wyb und Kinderen im Bättel umherzüchen, verlassen,
2380 1507 3347 1568 Worüber meine Herren ein antwort S. an die Ehrb: zu Vechingen
2380 1546 3391 1608 erkent, die gedachte Fürstin alhar gehalten, Item ein S. an
2375 1596 3387 1662 die Ehrb: zu Oberdiessbach den gedachten Hüppeler
2377 1644 3387 1733 uf beträtten auch alhar zuhalten, den 29. diß ist sy Fürstin
2384 1692 3381 1765 Wylen sy kindsnähig, einmahl wider heimgelassen und S.
2378 1743 3421 1804 an die Ehrb: zu Vechingen erkent worden, sy in ihrer genisst
2369 1780 3385 1830 umb den rächten Vatter Ihres Kinds ernstlich zu examinieren
2371 1822 3377 1870 und sy nach Ihrer Kindtbeth zu völliger abbüessung Ihres
2362 1852 2784 1920 fählers alhar gehalten,
2362 2056 3362 2149 Hans Kräyenbüel von Sineringen betreffendt, welcher
2364 2130 3362 2185 von der Ehrb: zu Vechingen, vermög obgedüten Schreibens
2364 2166 3364 2223 verklagt wirt, da er schon etliche jar dahar nit nur
2363 2198 3390 2265 hinlässig in dem gebrauch und niessung des Heiligen Abendtmahls
2371 2235 3385 2302 sondern auch in besuchung der Predigen und Kinderlehren gantz
2363 2271 3346 2334 saumsälig, so das er deß Jars kümerlich einmahl in der
2359 2307 3355 2381 Kirchen gesechen werde, seine Kinder auch in kein Schul schicke
2360 2344 3367 2421 und der Ehrb. daussen nit parieren wolle habend meine Herren desseren
2363 2381 3369 2457 auch ein S. an bemelte Ehrb: erkent, inne Kräyenbüel auch alhar
2362 2433 3360 2492 gehalten. Den 29. Dec. Ist Herr Kräyenbuel uf erscheinen
2361 2480 3318 2526 wegen obigen Klegten conjuriert und uf sein versprechen
2358 2512 3303 2574 Er sich zu besseren einmahl erlassen und ein S. an die Ehrb. zu
2350 2510 3357 2611 Vechingen erkent worden, sy dessen zeberichten und uf ine zeachten
