3024 4032
787 1401 863 1453 133
824 623 905 693 132.
1015 574 2049 714 Jacob Stähli von Brientz, welcher von Barbara
982 663 2066 789 Ringgysen seinem Ehewyb, wegen seines gstrits
1007 704 2060 823 verruefft und darüberhin gescheiden worden erscheint
997 756 2004 874 mit einem s. von dem Hr. Landtvogt zu Inter-
990 806 2006 911 lacken, und haltet an, daß uß betrachtung den
996 843 1998 950 in den s. sich enthaltenden gründen, imme das
974 901 2028 1023 Land widerumb möchte geöfnet werden, Worüber
992 940 2013 1067 meine gnädigen Herren erkent, daß die bewandtnus der
989 994 1827 1103 sach meinen gnädigen Herren solle vorgetragen werden.
952 1270 2025 1490 Gabriel Gross von Zoffingen, welcher schon vor
977 1442 1987 1532 ohngefahr 14 Jahren von Elßbeth Mahler auch von
965 1494 1978 1587 daselbst, mit zueignung ihrer leibsfrucht der Ehe
958 1529 1939 1623 angesprochen worden, dessen er auch bekantlich
947 1576 1961 1662 darüberhin aber sich vortgemacht, und desswegen von
941 1621 1963 1724 gedachter Mahlerin verrüefft worden, erscheint
958 1692 1953 1761 auch gegen Ihro, und obwohlen er gestendig Ihro
948 1730 1950 1806 die Eheversprochen zehaben und auch das kind für
914 1760 1949 1853 das seine erkent, so vermeint, er gleichwol nit
935 1816 1972 1907 daß Er sy zu Ehelichen schuldig seye, sidtenmahl
944 1867 1985 1943 sy sich sithar in Ehebruch vertrabet, wie das bericht s.
942 1936 1978 2002 von Zoffingen auswyst, Worüber meine gnädigen Herren inansicht
941 1976 2008 2052 ihres begangenen Ehebruch fühlers sy Ehelicher pflicht
938 2007 1983 2093 und versprechens halben ledig von einander gesprochen, das
922 2070 1962 2130 Kindt aber so Er by ihro erzüget für Ehelich erkent,
901 2092 1947 2168 Hieneben aber Ihne dahin verfelt, daß er Ihro
922 2128 1983 2208 für die bisherige 13 järige erhaltung dess Kindts
934 2188 1978 2259 pro Jahr 6. kronen ausrichten solle, so samethafft sich belaufft
925 2226 1954 2305 uff 78. kronen Welche Summa er inerthalb 4 Terminen
925 2269 1950 2338 zu drey monaten abgetheilt, bezahlen, das kind von
937 2308 1985 2371 nun ahn, zu seinen handen nemen oder anderwertig in seinen
934 2366 1959 2432 Costen versorgen, und wylen es Ein Knab ist, ine Ein
931 2388 1818 2488 Ehrliches handtwerck lehrnen lassen solle.
2192 643 2292 732 134
2365 699 2402 762 .
2435 643 3421 763 Wegen Rudolff Müllers undt Johannes Ächlers
2399 726 3371 798 habend meinen gnädigen Herren Ihre Jüngst ergangene urtheil sub
2406 762 3376 842 23. Jan: Jungsthin, uf erhaltenen gründtlicheren
2399 808 3390 886 bericht, dahin abgeänderet und erkent, daß
2408 848 3433 931 es by deß Ächlers Rächtenen zwar verleiben solle,
2388 891 3393 985 darby aber nohtwendig und gut gefunden, der Ehrbare
2387 940 3397 1018 zu Zoffingen zebedüten, wylen der Müller gantz
2390 987 3396 1072 mittellos ist, so dass er das land abträtten müeste
2328 1034 3397 1118 Wan der Ächler de Rigore mit imme verfahren wurden
2383 1085 3382 1181 das meine gnädigen Herren gern sechind, dass er imme Müller zü-
2378 1151 3385 1223 -lassen würde, daß er die 153 gulden, järlich zu
2369 1174 3387 1268 25 gulden ablösen könte, und dass Imme was Er
2370 1223 3379 1314 bescheingen kan, daran an fleisch oder anderen Mittlen
2356 1270 3367 1367 gewährt zehaben, abgerechnet und an obiger summa abgezogen,
2336 1341 2496 1403 werde.
