3024 4032
774 2070 817 2125 111
774 2293 850 2354 112
804 1426 886 1484 110.
870 657 937 708 109
1020 594 2044 706 Petter Neüwenschwander klagt ab Herrn Burckard
1045 663 2019 761 von durlach daß er seiner Dochter welche
1055 707 1989 778 seinem Bruder ein kind zugeeignet, angemutet
1043 756 2045 860 sy solle das Kind einem anderen geben mit versprechen
1037 812 2063 910 Ihre 20. kronen oder daler darfür gegeben; welches
1024 862 2017 957 er uf erforderen bewysen wollen; Worüber meine gnädigen Herren
1025 910 1990 996 uf sein Burckards vernemmen, Ime ein S. an die
1031 967 1990 1064 Ehrb: zu Nydauw ertheilt, seine Kundtschafften
1031 1018 1674 1102 von heüt über 8 tag alhar zehalten.
995 1393 1980 1498 Anne Marie Jaccotét ist inansechen dass von
1022 1457 1930 1534 Herren Landtvogt Steiger gegebenen berichts
1001 1502 1930 1563 wider Benoy Caille von Daillens ihren auf¬
985 1532 1963 1603 geträttenen Eheman, ein Verrufbrieff erkent,
934 1568 1805 1665 zu Schärlitz ob dem Cantzel zeverläsen.
1108 1797 1848 1901 Montags d. 19 Jan: 1685.
1132 1861 1902 1956 Meine gnädigen Herren Rahtsher von Erlach Richter
1171 1922 1944 2011 Herr Decan, Herr Blaugner, Herr Steiger,
1174 1967 1677 2057 Herr Sultzer, Herr Lerber.
965 2032 1937 2134 Junker Burckard von Wattenwyl mit Jungfrauw
995 2093 1995 2183 Cathryna Stürler an einem beliebigen Orth meine gnädigen Herren
977 2151 1979 2218 und Oberen Gebiets Kirchenrecht zethun, ver¬
981 2189 1147 2258 williget.
968 2264 1966 2350 Über eingelangtes bericht schryben von der Ehrb den
970 2327 2005 2387 Herren vogt zu Brendis, ist ein antwort S. an sy vogt
967 2349 1909 2431 dass Er Babi Wägmüller und Lienhard Joss uf
967 2392 1938 2471 nechstkünfftigen mittwuchen alhar halten solle, mit
965 2446 1984 2508 bedeüten, man wüsse von keinem verlümbder, wan er
980 2500 1914 2559 sich aber desswegen ob etwan einem zebeklagen habe
959 2518 1971 2590 solle Er sich alhier neben demselben stellen, man werde
929 2585 1987 2645 ihm gut recht halten, betreffendt die jenige wybs¬
2137 1808 2227 1882 144.
2181 1257 2272 1330 113.
2394 626 3450 716 -person, mit deren gedachter Joss im verdacht
2414 679 3418 771 sein solle, werdindt meine gnädigen Herren auch der sach so weit müg-
2410 727 3421 829 -lich, nachforschen, und wan dem Herr vogt, desswegen
2399 771 3445 867 etwelche Umbstend bekant seyen, solle er meinen gnädigen Herren berichten.
2393 825 3444 922 Wie zugleich auch hinder welchem Richter sy seye.
2373 1229 3370 1314 Ullrich Suttermeister von Gossingen, habend meine gnädigen Herren
2372 1307 3376 1374 verwilliget, mit Maria Näff Kirchenrecht zethun;
2373 1340 3370 1405 Jedoch dass er gedult haben solle, biß Ihr der
2363 1397 3363 1473 Näffin wahrtzihl so ihra wegen ihrer Schedigung
2350 1450 3363 1520 von Joh: Ächler auferlegt worden, verüber sein wirt
2339 1492 3362 1568 so fehr auch sich nit herfür thüye, daß er sy bereits
2351 1539 3349 1617 möchte beschlaffen und oder geschwängeret haben Da
2358 1578 3351 1635 in solchem fahl meine gnädigen Herren berichtet werden sollen. Aliter
2358 1624 3369 1680 dass inen uf Ihr angelegenliches anhalten verwilliget sein,
2351 1661 3387 1726 solle, uf nechstkünfftigen yngang merzens Kirchenrechte
2326 1700 2431 1779 thun
2324 1741 3295 1837 Bendicht Widmer wirt vermög s. von dem Herrn
2362 1809 3348 1891 vogt zu Wangen und der Ehrb ufem Seeberg nit
2350 1849 3347 1921 nur von Anna Obersatz, sondern auch von Sussane
2327 1892 3346 1970 Wäber der Ehe angesprochen, da dan die über-
2340 1954 3363 2013 -satzin vorgibt, daß er ihra schon vor dreyen jahren
2318 1984 3285 2054 die Ehe aufrecht und redlich versprochen, Welcher
2335 2024 3293 2105 zwar der Übersatzin anfangen laugnen, hernach aber
2333 2071 3292 2148 uf meine gnädigen Herren zusprechen, ihre so wohl als der Wäberin
2331 2110 3342 2180 der Eheversprechung bekantlich sein müesse; Worüber
2326 2157 3354 2232 meine gnädigen Herren ihm die Übersatzin, als welche das Eltere Recht
2329 2201 3329 2278 hat zugesprochen, und die Wäberin, die sich auch er-
2342 2240 3331 2317 -klärt, daß sy nit schwanger seye und kein byschlaff mit
2336 2284 3321 2368 ihm gehabt habe, ledig von ihm erkent, und ihre zugelassen
2332 2336 3325 2413 sich nach glück anderwertig zeverehelichen, hieneben aber
2332 2378 3309 2448 im Widmer dahin verfelt, daß er der Wäberin
2336 2428 3336 2500 10. kronen für Ihren Costen entrichten, und meine gnädigen Herren wegen seiner
2325 2472 3327 2569 doppleten Eheversprechung 10 pfund Zur straff erlegen solle.
