3024 4032
763 605 828 687 6
931 576 2028 695 Abraham Colomb begert verwilligung mit Marie
932 673 2050 758 Allisson die Er bereits geschwängeret, Kirchen-
937 717 2003 820 -Recht zethun; wylen aber Ein andere, Namens
916 780 2067 865 Marguerite Boltens inne schon hievor mit klagender
934 860 2033 934 Schwängerung der Ehe angesprochen; Als lassend
943 896 2041 986 es meine gnädigen Herren by ihrer hievorigen urtheil verblyben, daß
935 956 2008 1046 Namlich die Boltens befordert in Ihrer genisst
937 1008 1955 1103 umb den rächten Vatter Ihres Kindts ernstlich
950 1070 2034 1156 jedoch ohne Eydt, examiniert, und nach Ihrer Kindtbeth
951 1139 2053 1209 die partheyen allerseits mit dem erforderlichen bericht#
940 1187 2047 1281 alhar gehalten werden sollind, mit einem S. die Ehrbaren
906 1261 1318 1348 dessen zeberichten.
626 1107 686 1162 #
633 1115 900 1198 ob gedachte Boltens
621 1174 871 1245 an Ermelten
623 1204 914 1279 Collomb verharre
620 1253 885 1302 und wie sy ihre
621 1287 885 1346 Ehrensprach gegen
621 1318 952 1384 imme zebewysen under-
620 1364 724 1428 stehe.
743 1464 795 1535 7
834 1427 2017 1500 Über eingelangte Berichtschryben von Herr Schuldtheiss
918 1473 1979 1554 zu Burgdorff und Herr Vogt zu Brandis Christen
911 1507 1967 1611 Schärttenleib und Gabi Wägmüller betreffend
927 1563 1983 1661 habend meine gnädigen Herren S. an beide Herren Amptsleüth erkent, die
921 1606 1961 1706 partheyen uf nechstkünfftigen Montag alher zehalten
912 1660 1945 1757 betreffendt, die zwüschen inen den herren amptsleüthen
915 1707 1997 1801 entstandene particulars stryttigkeit, überlassend meine gnädigen Herren Im
895 1776 1632 1867 sich desswegen by mine gnädige Herren anzemelden.
2677 656 3452 785 Fryttags den 7. Nov: 1684.
2669 757 3463 857 Herr Landtvogt Steiger anstath mine gnädige Herr Richters.
2695 809 3424 904 Herr Decan, Herr Sultzer, Herr Lerber.
2233 969 2263 1040 8
2380 946 3415 1053 Anthoine Perrin und sein Ehewyb stryttige Eheleüth,
2395 1018 3399 1107 erscheinend mit einem S. von den Ehrbaren zu
2331 1065 3403 1155 Losanen, da dan die frauw sich ab Ihrem Eheman
2380 1120 3365 1214 erklagt, was massen sy ihres Läbens nit by imme
2385 1155 3397 1262 sicher seye; Worüber meine gnädigen Herren sy zum friden vermahnt
2343 1225 3358 1322 und imme ernstlich zugesprochen, sich besser einzestellen,
2360 1276 3279 1374 Welches zethun, er auch globt und versprochen;
2194 1460 3346 1574 9. Anna Lüscher und Jacob Lienhard strittige
2380 1542 3401 1611 Eheleüth, sind mit einem S. von der Ehrbaren zu Brittnau
2375 1590 3327 1686 alhar für meine gnädigen Herren gewisen worden, dardurch meine gnädigen Herren
2365 1626 3414 1711 berichtet worden, was massen er mit Anna Ziniker,
2362 1676 3379 1767 Madlena Plüss und Anna Handerschiltin unkeüscher
2370 1715 3367 1822 thaten halben, in höchsten verdacht kommen, und dem Herrn
2359 1772 3364 1848 predicant, da er inne zu gutem vermahnt, truzigen bscheid
2362 1810 3348 1902 geben, welcher aber alles laugnet und keiner thätligkeit
2362 1855 3371 1941 bekantlich sein wollen. Worüber meine Herren inne einmahl aber erkent,
2350 1904 3342 1975 und darby nohtwendig gefunden, wyl er zu keiner bekantnus ze-
2350 1948 3349 2035 bringen, daß disere Sach umbstendtlich für Mine gnädigen Herren und Oberen
2348 1992 2709 2067 getragen werden solle.
2136 2408 2204 2458 10
2264 2348 3310 2442 Abraham Stram dem Tischmacher habend meine gnädigen Herren, das
2352 2416 3358 2504 imme von Barbara Schmid in ihren Kindsnöhten zugeeignete
2330 2449 3301 2535 Kind zugeeignete Kind zugesprochen, und erkent, daß Er
2328 2484 3290 2576 Ihro das gewohnte Kindtbeth und Ammlohsgelt ausrichten
2331 2536 3319 2616 solle. Den 24. Nov: ist ihro Schmidin# ein Extract erkent
2296 2582 3277 2675 worden, so das urtheil gelt soll der stramm ihre Schmidin
2329 2629 3201 2729 wegen das erlangten Extract widrumb restituiren.
2044 2504 2320 2608 # auf ihr erklageten
2046 2577 2326 2645 des Strams aumenn¬
2062 2622 2323 2694 ligen bezahlung, zu
2052 2646 2207 2726 Ihrem Erhalt
