3024 4032
825 1513 883 1575 91.
893 930 939 1000 90
1184 552 1825 648 Frytags den 9. jan 1685
1019 657 1851 755 Mhhr. Rathsherr von Erlach, Richter
1046 725 1630 815 Hr. Blauwner , Hr. Fellenberg
1046 782 1647 891 Hr. Steiger, Hr. Lerber
1022 887 2059 1030 Anna Würstinn von Saanen, welche beschynlich gemacht
1021 960 2031 1057 laut eingelegter attestation von Hr. L:vogt und einem
1018 996 2007 1111 gantzen gricht von Saanen, daß sy sich seith sy
1018 1050 2036 1140 wegen mit einem frömbden Kaufmann begangenem
1023 1087 1994 1175 Ehebruch fählers von ihrem ehemanne, Dawid
1018 1124 2020 1223 Schmulgi den 16. febr 1683 gescheyden worden, eheliche
1010 1172 1992 1267 verhalten und ihr bestimbt wartzihl verfloßen,
1001 1229 2026 1309 desswegen by meinen Herren angehalten, sich widerumb anderwertig
1005 1253 1292 1322 zuverehelichen
1317 1264 1994 1357 Ist ihro bewilliget worden mit
1015 1293 1995 1395 Petter Gander von Saanen, welcher sy zu ehenliche
1007 1345 2024 1434 begehrt, und fahls ihrethalb kein kindernuß wären
997 1392 2029 1492 das gewohnte kirchenrecht zu thunn, mit einem
1013 1425 1822 1523 S. an bemelte Ehrb:, sy deßen zu berichten,
1007 1499 2018 1630 Hanß Wähler wirt nitt nur von Anna Trachsel
996 1566 2009 1662 der ehehalb, sondern auch von Anna Niderhäuser
987 1607 1995 1677 mit klagender schwängerung der ehe angesprochen.
988 1651 2011 1733 derselbige zwar ihro Niderhäuserin der schwängerung
998 1694 1990 1778 gestanden der eheversprechung halben aber ihro keines
995 1720 2005 1812 wegs, sondern der Trachsel derselbige einzig und
988 1784 1935 1846 allein bekantlich seyn wollen, sy Trachsel aber
989 1809 1972 1905 darüberhin gutwillig von diser ihrer ehe ansprachen
982 1855 1996 1949 gestanden, alß habend mehr selbige auch für nichtig
986 1906 1972 1980 und ungültig erkent und sy Trachsel widrumb in
976 1929 1434 2002 vorige freyheit gesetzet.
1434 1945 1992 2016 sy Niderhäuserin aber
977 1972 1991 2069 ihme Bähler wylen er zu ihre ins obergaden gestigen
1001 2017 1997 2098 sy sonst darneben auch von der ehrb: zu Wettenwyl alß ein
994 2070 1990 2143 ehrlich und fromb möntsch beschriben und allein ansehen
980 2100 1985 2186 nach er ihro die eheversprochen haben mueß nebend dem
971 2145 1997 2229 daß das land sonst mit vielen buren beladen und
977 2185 1994 2274 auß anderen considerationen mehr zugesprochen, da
976 2215 2000 2317 dann sy auch beiderseits globt mit einanderen befürderen,
977 2251 1999 2359 die kirchenrecht zu thuen, hieneben aber ihne Bähler
988 2288 2027 2418 auch dahine verfellt, daß er ihra Trachsel alles daßjenige
986 2340 1999 2440 so sy schynbahr wirt machen können, daß ihme übergeben
975 2381 1975 2481 und zu verwahren anvertrauwt, in bester formb
985 2421 1974 2525 widrumb restituiren, oder aber gnugsamb versichern
983 2456 1996 2557 solle, den übrigen kosten dann zwüschen ihnen compensiert
976 2495 1999 2620 mit einem S. an die Ehrb: zu Wattenwyl sy deßen
965 2532 1248 2616 zuberichten,
2210 1572 2293 1646 93
2212 2061 2308 2146 94
2182 2148 2363 2244 nach gebühr
2263 637 2359 707 92
2413 605 3479 733 mit einer Procedur von Monstreux, sind allhar für
2429 664 3449 784 meinen Herren gewiesen worden, Abraham de la Rottor und
2439 709 3457 817 Anne Testar da dann selbige, ihne de la Rottor, mit
2424 748 3450 866 klagender schwängerung der ehe angesprochen, er
2417 808 3391 910 de la Rottor zwar ihra Testa, des byschlofs geständig
2411 836 3465 933 der eheversprechung halben aber derselbige keines wegs
2404 876 3445 986 geständig seyn wollen und wylen sy Testar sich erklagt.
2405 935 3448 1019 daß mann die gezeügen und kundschafften, so sy drinnen vor
2410 968 3429 1063 Chorgricht zu ihrem behelf stellen wellich wegen naher ver
2420 1011 3433 1106 wandtschafft midt admittirt, auch noch mehrere kundschafften
2399 1051 3436 1164 zustellen begehrt, als sind die partheyen mit einem
2412 1121 3432 1189 S: widrumb zurück gewiesen und gemeltes chorgricht
2405 1154 3444 1249 von Monstreux befelhett worden, alle die jenigen kundt¬
2407 1208 3371 1304 schafften, so sy Testar zu bewystumb ihrer ansprach
2392 1249 3450 1351 zustellen begehren fahls selbige kundtschaffen nidt
2399 1308 3368 1397 wider das gesatz und ordnung wohl, wie auch nicht
2399 1331 3418 1416 wider die gewohnheit drinnen ihrer ehrb: laufen möchte
2387 1373 3413 1464 gründtlich zu vernommen und bereich die partheyn
2374 1430 3436 1510 widrumb sampt dem fölligen bericht widrumb befürder¬
2386 1458 2987 1548 lich allhar für meine Herren zu halten.
2375 1557 3394 1642 Über einkommenen bericht von der ehrb: von Zofingen
2386 1604 3406 1670 daß die Margreth Buntzickerinn außert dem daß
2404 1634 3414 1714 sy zwar auf eine zyt mit einem gewüßen Hr. Wyn
2383 1687 3355 1757 händler Braun von Roll in einem bösen verdacht,
2357 1724 3372 1794 gsin, jedoch aber nichts thätliches damahl auf sy bewisen
2362 1766 3387 1840 können im übrigen sonst der anderen von Hans Jörgen
2363 1798 3375 1874 frühe angeklagten unthaten halb ganz unschuldig seye.
2368 1838 3384 1907 gabend meine Herren sy Buntzickerinn und ihne frühe
2368 1879 3420 1945 widrumb auf ein nüwes zusamen gesprochen, da dan
2363 1910 3398 2011 er früh auch auf ein früsches globt selbige innert 14 tagen
2380 1949 3141 2033 zuehelichen und zu kirchen zu führen,
2368 2044 3364 2120 Hanß Rudolff Haller der hutmacher und sein frauw
2361 2099 3381 2170 alß streitige eheleüth erschynen vor mehren, da dann Er
2362 2133 3384 2202 Haller begehrt, daß seine frauw widrumb mit ihme
2374 2176 3347 2239 haußhalten solle selbige zwar pietet schon mit ihm
2369 2217 3382 2285 gebührender maßen hauß zu halten, sofehrn er ihren
2368 2261 3384 2319 einen haussitz zeige und ihro nahrung und widerhaltig
2348 2295 3354 2358 verschaffe, sind beiderseits zur gebühr und einigkeit
2362 2329 3361 2402 vermahnt worden, insonderheit aber Er Haller dahin
2351 2368 3374 2446 gewiesen seiner frauw und ihme selbst einen haussitz
2345 2405 3328 2479 wie auch nahrung und arbeit zu verschafften. Sind alß
2359 2453 3241 2531 auf dißmahl mit einer vermahnung dimittirt worden.
