3024 4032
765 2302 847 2383 73.
775 915 870 1010 72.
1155 543 1978 666 Montags den 29. Dec 1684.
1212 628 1986 732 mhhr Rahtsherr von Erlach Richter
1223 666 2067 799 Herr Decan, Herr Blauwner, Herr Fellenberg,
1221 731 1840 830 Herr Steiger Herr Lerber
963 917 2008 1039 Der Wynschänck Nötiger begert wegen eines
965 1007 1982 1070 stryttigen Kilchenstuls einen Extract us dem
981 1027 2055 1109 Chorgrichts Manual, welcher zwar imme verwilliget
973 1084 2007 1162 worden, Jedoch Wylen mihr Rahtsherr Müller
977 1130 2012 1212 desswegen alhier protestiert, daß solch sein begeren
966 1171 2054 1262 Imme an disem stryttigen Kilchenstuel habenden Rechtes
957 1225 2045 1306 unachtheilig seye das selbige protestation eingeschriben
960 1273 2045 1375 und der begerte Betract meinen Herren beforderst vor¬
942 1327 1268 1420 gewisen werde.
1105 1488 2007 1581 Mittwuchens den 31. dec. 1684.
1197 1559 1900 1659 meine Herren Rahtsherr Müller Richter.
1166 1606 2045 1701 Herr Decan, Herr Blauwner, Herr Fellenberg
1176 1669 1841 1775 Herr Steiger, Herr Lerber .
943 1808 1129 1937 Nihil.
1126 1963 1945 2081 Fryttags den 2. Jan 1685
1171 2031 1928 2136 mhhr. Rahtsherr von Erlach. Richter
1157 2084 2027 2179 Herr Decan, Herr Blauwner, Herr Fellenberg,
1160 2146 1732 2240 Herr Sultzer, Herr Lerber
923 2222 1990 2358 Johann Fridrich Keid von Durlach wirt von Susanna
938 2287 1988 2398 Maria Hälmer mit klagender schwängerung der
945 2320 2001 2445 Eheangesprochen, mit vermelden, daß er sy ohngefahr
937 2384 1994 2481 14. tag nach Jacobi Jüngsthin, das erstemahl und dan
935 2420 2022 2516 vor 4 Wochen, das letstemahl beschlaffen habe, welcher
931 2451 2024 2568 aber wiewohl er des byschlafs in obernamseten Zeiten
943 2497 1993 2599 mit Ihre begangen zu haben, bekantlich, Ihrer der Ehe-
947 2533 2005 2663 versprechung halben, nit gestendig sein wollen, darby auch
944 2576 1994 2714 anzeigend, daß er sy keine Jungfrauw gefunden, und daß
2410 579 3459 688 Sy dem ansechen nach, mit Hr. Appstecker Wagners
2405 672 3400 741 Gsell, namens Johannes Poll von Wirzburg
2395 699 3423 807 der es imme selbsten gerüembt, auch gemeinschafft ge¬
2410 775 3443 839 habt habe, sich darby erklärend, wan sy schwanger
2397 812 3437 877 von Imme seye, das er sy heürahten wolle, Worüber
2403 872 3428 948 meine Herren gut gefunden den gedachten Poll auch zu ver¬
2401 918 3389 1002 hören, Welcher uf erscheinen zwar bekent, das
2398 953 3395 1043 er sy unzüchtig betastet und ihro die brüst griffen,
2386 1006 3416 1091 aber weiters nüt mit ihro verbracht habe. Dessen aber
2385 1063 3365 1140 Sy Hälmerin ohngeacht ers Ihre under augen erhalten
2400 1110 3410 1189 nit bekantlich sein wollen Darüber meine Herren sy beider-
2390 1156 3370 1236 seits einmahl aben erkent, und dem Poll neben einer
2402 1191 3421 1295 guten remonstrantz ein straffgelt, auferlegt. Den 5. diß
2383 1257 3422 1338 erschynt ihr der Hällmerinn vatter und bittet mhhr. daß
2455 1303 3429 1394 sy ihnn Fridenrich Keyd, dahin halten wolten, daß er
2390 1349 3395 1435 seine tochter, wylen er sy in seinem eignen hauß
2385 1387 3395 1487 beschißen, auch widrumb abwäschen und zu ehren
2378 1435 3399 1510 bring und zu kirchen führen solle, da dann
2390 1486 3403 1567 sy Hälmerinn auch noch allezyt auff ihrer ehe anspruch
2384 1526 3403 1613 beständig verharret, er beyd aber selbige auch
2378 1578 3397 1662 beständig widersprochen nit vernerem bedeüten und an
2373 1626 3397 1711 zeigen, daß sy ihme einmahl an einem sambstag abends
2367 1666 3400 1741 befohlen, er solle morgen, wann er in die frühpredig gehen,
2373 1715 3398 1794 wolle, ihro im fürgang rufen, sy wollen mit ihme
2362 1774 3398 1839 gehen, welches er auch zwar gethann und ihro mondrist
2362 1811 3409 1879 alß er in die frühpredig gehen wollen zugesprochen, ob sy
2370 1840 3391 1923 nit wollen, da dann sy zu ihme damahl gesagt, er solle
2361 1885 3400 1957 zu ihro in die stuben kommen und der früchpredig by ihre
2362 1948 3381 2016 halten, welches er auch gethann habe, allso daß sy ihme den
2358 1965 3388 2036 weg vorgeloffen und allezyt vielfaltige anlaß zu diser
2362 2029 3304 2096 bösen that gegeben und boshafftiger wyß verführt habe,
2362 2041 3353 2148 habend hierauff nun meine Herren den partheyen noch 6 wuchen
2365 2104 3385 2188 lang, wylen sy Hälmerinn nicht wüßen kan, ob sy schwanger
2371 2175 3388 2243 gehe bedenk zit geben, ob inzwüschen der schwangerschafft
2355 2191 3359 2262 halber etwas entdeckt worden möchte oder die parthayen in
2357 2231 3377 2329 zwüschen sich sonst gütiglich mit einanderen vertragen wurden, jedoch
2355 2273 3347 2358 mit dem bedingen, daß er beyden under deß caution geben solle und
2364 2321 3371 2403 meine Herren Richter globen solle, inzwüschen nidt auß der statt zur
2349 2365 3350 2437 weichen, welches er beyd aber nüdt thun wollen, dißere wehre
2379 2397 3346 2481 einmahl widrumb aben erkant den 7. diß erschynt ihr den
2355 2434 3363 2500 Hälmerin vatter und erleüteret sind vor meinen Herren, daß er sind
2058 2451 3364 2548 weil sy nicht schwanger resolvirt, seine tochter disem Fridenrich beyd als einem schlimmen
2349 2505 3344 2565 frömbden gsellen, so mitt unserer religien nidt zulaßen, sondern
2352 2541 3327 2615 auff sein vatterlich zugredt getrungen, deßwegen meine Herren disere ehe
2343 2569 3378 2647 ansprach für nichtig erkennet, und Die waben ihmme beyd dahin verstellt,
2332 2610 3353 2686 daß er sy aus der gefangschafft lösen und ihre für ihre schmach und außge-
2355 2642 3345 2723 standere ungelegenheit in allem zwantzig thaler außrichten solle.
