3024 4032
812 544 909 625 84.
974 511 2073 674 Madleni Ruferinn ehesanspruch an Hanß Schärdenlyb
990 593 2058 708 wylen sy Ruferinn gutwillig darvon gestanden,
977 659 2059 768 ist für nichtig und ungültig erkennt, sy Ruferinn
973 697 2068 799 widrumb in vorige freyheit gesetzet, dieneben aber
972 759 2070 859 ihne schärtenlyb bewilliget und zugelaßen, mit
970 826 2058 919 Barbara Baumgartnerinn wolle ihme ihr jungst
981 864 2034 976 auff die welt gebrachtes kind zugeeignet und die
963 912 2052 1022 er auch zu ehenlichen begehrt, das gewohnte kirchen
969 954 2042 1089 recht zu thun, dieneben, aber auch ihme dahin werde
957 1023 2054 1140 fellt, daß er ihre Ruferinn für allen ihren kosten
957 1075 2029 1198 über daß waß sy albereit von ihme empfang noch
968 1123 1618 1230 einen thaler entrichten solle,
804 1233 870 1316 85.
948 1215 2018 1338 Weilen George Cousin von Rochelle, durch wider Einlegung
941 1294 2020 1375 Deß ihme hiervor wider Jeane Rideg sein hinweggen-
957 1339 2022 1441 loffenes eheweib, ertheilten Rufbrieff, beschynlich
954 1395 2015 1460 gemacht, daß die ruff ab dem Cantzel an Croisette
949 1450 2021 1520 ordenlicher maßen ergangen, alß habend meine Herren ihme
939 1483 2009 1567 den Cousin darüberhin die schidigung ertheilt, über
948 1524 2015 1612 auf zugleich gewilliget mit Marguerite de Coppet.
972 1570 2005 1657 von zukunft seiner eheverlebten an einem beliebig
882 1632 2036 1728 arth. meine Herren und oberen gepieths kirchenrecht zu thunn,
946 1669 1614 1763 mit einem offnen zedel in
940 1756 2003 1841 Hr. Ludwig Lerber und sein frauw alss welche sich vor
790 1774 858 1843 86.
949 1817 2035 1902 meine Herren erklärt, daß sy ihme den pfingst begangenen fähler
940 1859 2032 1926 verzeichen wolle und darneben anerbotten noch ferners
936 1910 2003 1983 mit ihme gebührender maßen zu läben und hauß zu halten,
933 1953 2018 2032 sind beiderseits zur frid und ferigkeit ernstlich angewisen
933 1991 2027 2049 und Hr. Lerber sohnen angemahnt worden sich widerumb
911 2029 2021 2126 zu seiner frauwen zuverfügen und mit derselbigen ehenlicher
934 2080 2005 2159 pflicht nach hauß zu halten, mit dem beträüwen, daß
940 2129 2005 2217 wo ihrethalb mehr klägten einkommen wurden, dann
908 2167 1994 2268 zumahl scharfe straffen an sy angewendt werden,
942 2201 2006 2316 sollen Er Lerber auch darneben dahinn vermahnt, daß
933 2261 2001 2368 er innert 10 tag daß annoch schuldige Emolument gegen
636 2331 1902 2406 dem schryber der kammern und dem chorweibel entrichten solle,
2187 2080 2266 2156 89.
2214 1655 2307 1738 88
2276 601 2338 685 87
2430 592 3410 713 Hanß Geörg Blanck, welcher den 20. augusti 1684
2429 656 3472 744 von Anna Bartmann, so ihnn dann unband der Anna Trafelet
2424 698 3437 804 der ehe angesprochen, gescheyden und hingegen ihme .
2399 756 3474 839 darüberhin bewilliget worden, mit der gedachten Trafelet
2408 808 3444 907 das gewohnte kirchenrecht zu thunn ist auff heüt obge¬
2410 845 3444 942 meltem dato widerumb nebend ihre Bartmann und
2404 892 3341 979 Trafelet vor mehren erschinnen, da dann gemelte
3339 941 3401 971 .
2405 927 3444 1032 Trafelet angebracht, daß wylen er Blanck sy betrogen
2400 978 3448 1081 Indeme er die gedachte Bartmannin zuvor geschwängeret,
2392 1032 3419 1136 welches er ihro verschwigen, so begehre sy seiner nichts mehr
2397 1075 3429 1190 alß habend meine Herren disere Ehezusprach zwüschen ihmme
2395 1130 3344 1231 Blanck und ihro Trafelet für nichtig erkennt, sy
2400 1174 3381 1280 Trafelet widrumb in vorige freyheit gesetzet und
2394 1224 3388 1331 hingegen ihme Blanck bewilliget mit der gedachten
2382 1283 3416 1388 Bartmannin, welche er zu ehelichen begehrte, das gewohnte
2395 1334 3396 1424 kirchenrechte zu thun. Hieneben auch sy Bartmannin
2397 1367 3374 1467 und ihne Blanck weg ihres begangenen fählers
2391 1429 3420 1525 in die 10 tägige gefangenschafft erkennt, und daruber
2373 1469 3395 1557 ihne auch dahin verstellt, daß er ihro Trafelet
2386 1516 3400 1611 für ihren erlittenen kosten, in allem zwen Thaler
2382 1559 2696 1641 außrichten solle.
2440 1650 3397 1756 Langet ein Raths zedell ein, diß folgenden inhalb
2387 1721 3379 1791 daß namblich meine Herren die Sussanne Mussillon mit
2355 1755 3380 1837 dem Däümeleysen scharpf zu examiniren, erkennt
2376 1807 3338 1888 haben, umb zuvernemmen, wer ihres kinds
2344 1839 3338 1927 rechter vatter seye, möge solches mit entdeckung
2362 1883 3383 1978 der warheit, erheblich seyn, mit heil, wo nicht
2380 1939 3336 2027 sy sampt dem kind fort und auß dem land
2361 1974 2872 2063 gewiesen werden, solle.
2344 2049 3383 2144 Den 9. diß Langet wegen der obbemelten Mussillon
2377 2105 3356 2191 widrumb einen raths zedell ein diß inhalt
2366 2154 3365 2227 daß die mussillon ohngeacht des an sy gewenders dann
2368 2184 3370 2268 eysen und ernstlichen  vermahnungen kein anderen vattern
2355 2225 3380 2293 ihrem kind geben wollen, alß den bereits hiervor
2367 2282 3371 2347 angegebnen Ruedey, das wege ihr Ehrb:, sich einmahl vor¬
2365 2321 3352 2390 nügt und Herr Großweibel befohlen haben, in ab-
2347 2345 3367 2432 enderung der obigen erkantnus der landtsverwysung
2361 2388 3251 2463 sy der gefangschafft zu Liberiren und hiemit meiner Herren
2343 2422 3361 2493 ansinnen wollen disers der statt oder chorgericht alles
2349 2459 3347 2542 so mussillon daheimb, zu bedeüten auf sy und ihr kind
2349 2520 3326 2583 ein fleisiges aufsehen zu halten, ist, die mit ein S.
2353 2553 3324 2627 an die ehrb: zu Morsee erkennt, sy deßen alleßin
2338 2585 2634 2681 zuberichten etc.
