3024 4032
631 809 921 909 # im Apprellen jüngst-
640 876 701 937 -hin
748 1311 839 1377 22.
596 2002 845 2072 # Pieren zebefehlen
632 2048 865 2098 dass er mit dem
644 2079 847 2141 Herr Chorweibel
596 2117 850 2177 umb der Gfellerin
604 2149 867 2217 gfangenschafft
585 2178 896 2269 Costen abschaffen solle.
703 2338 785 2416 23.
949 558 2003 666 beharret, und Ihre under augen erhalten, dass Er
931 649 1992 745 Sy under zweymahlen, da sy nackend in ihrem beth
948 678 1963 801 gelegen, beschlaffen habe, Alss sind sy einmahl beide
936 759 2055 835 aber erkent worden. Den 21. diß, bekent sy Schowalder
934 821 2042 905 daß sy mit gedachtem Bär# umb die Zoffinger Mäss ohngfarlich
934 863 2007 932 den fähler begangen, desswegen gedachter Roht Ihro wegen
944 903 2029 963 solcher untreüw nüt mehr will. Worüber meine gnädigen Herren inne Roht
936 942 2015 1009 ledig von Ihro erkent und sy Schowalderin dahin verzelt,
937 993 2029 1064 imme Roht für seinen Costen 6. daler zeentrichten, im übrigen
944 1027 2050 1128 sy Schowalderin und den Bär uf ihr beider erlütterung, dass
932 1074 1799 1169 Sy einander, zu ehelichen begehren, zusamengesprochen.
912 1284 1970 1393 Niclaus Rieder ussem Ambt Frutingen, welcher
913 1353 1979 1453 wider Elssbeth Gfellerin sein Ehewyb, so sy sich mit
927 1427 1982 1499 Melcher Pieren in Ehebruch vertrabet, der schidigung
920 1485 1967 1551 begert und ungeacht ihres umb verzeichung bittens, sich nit
924 1522 1993 1599 begüetigen lassen wollen, Ist die Schidiunggung under
903 1579 2010 1645 dem vorbehalt dess gewohnten Wartzihls erkent, und also
908 1619 2026 1707 das Eheliche band zwüschen Inen aufgelösst, sy Gfellerin
917 1673 2026 1752 wylen sy noch nit abgebüeßt, zur abbüessung erkent, und ge-
869 1737 1540 1819 dachter Pieren, dahin verfelt,
1553 1725 2018 1792 dass Er sy uß der
908 1763 1994 1867 gfangenschafft lösen, und gedachtem Rieder für seinen
911 1818 2030 1912 diser sach wegen, erlittenen Costen 10 kronen aussrichten, Im übrig
902 1864 1969 1958 Er Rieder das by seiner Abgescheidenen Ehefrau, erzügetes
871 1924 1994 2018 Kind zu seinen handen nemmen und in gebühr auferzüchen solle.
918 1963 2002 2044 mit einer S. die Ehrbaren zu Frutigen dessen auch zeberichten
909 2012 1991 2092 mit andeüten, wan ermelter pieren sich beschwären wolte,
896 2065 2002 2159 gedachtem Rieder, die Imme zugesprochenen 10. kronen zebezahlen,
912 2102 2021 2204 dass er sich vor meine gnädigen Herren alhier stellen solle, den 8. Dec: 1684.
903 2145 2008 2244 ist sy Gfellerin über Ihre ausgestandene gfangenscht mit einer
913 2173 1965 2279 guten vermahnung erlassen und ein S. an die Ehrbaren zu Fruting
898 2191 2007 2311 erkent worden, ihro die deprecation abgenommen, und den Melcher #
914 2281 2021 2392 Cathey Bauman ist in ansechen ihres mitgebrachten Schrybens
896 2336 1923 2431 von der Ehrbaren zu Petterkinden ,wider Niclaus
898 2373 1997 2477 Ursenbach Ihren uff dem Land getrattenen Eheman, Einen
883 2416 1850 2524 Verrufbrieff ertheilt zu Pätterkinden zeverläsen.
2224 624 3406 743 24. Louyse Gatez spricht vermag mit gebrachter procedur
2409 695 3346 792 von der Ehrbaren zu Tierrens, mit klagender
2080 732 2137 799 #
2109 746 2369 861 Francois Forestey
2412 751 3393 847 Schwängerung der Ehe an, # welcher aber wie wohl
2401 813 3433 900 er dess byschlafs bekantlich, ihro der Ehever-
2398 869 3426 956 -sprechung halben, keineswegs gestendig sein wolten, darby
2406 916 3371 1000 auch zweiflen wollen, Ob das Kind nit etwan einem
2384 977 3355 1067 anderen gehören möchte, Worüber meine gnädigen Herren In ansechen,
2375 1037 3354 1143 In ansaechen sy Gatez mit keinem bewystumb versechen
2371 1098 3370 1213 Ihre ungegründte Eheansprach für nichtig und ungültig
2389 1152 3379 1235 erkent, und Inne dahin verfelt, daß er Ihro das
2375 1204 3382 1323 gewohnte Ammlohn- und kindtbeth gält aussrichten sy uß
2367 1267 3422 1373 der gfangenscht lösen, mit das Kind fahls sy imme selbiges
2379 1322 3365 1421 in Ihrer genist nochmahlen zueignen wurde, zu seinen
2357 1388 3373 1486 handen nemmen und in gebühr auferzüchen solle; mit Einem
2360 1443 3374 1540 Schryben die Ehrbaren dessen auch zeberichten mit befelch
2353 1505 3338 1602 Sy Gatez desswegen auch in Ihrer genisst, umb den
2367 1564 3398 1657 rächten Vatter Ihres Kinds, ernstlich Jedoch ohne Eydt
2366 1636 3347 1721 examinieren zelassen und die partheyen, wylen Inen
2355 1676 3384 1783 uf Ihr anhalten, verwilliget worden, hinder Herr Landtvogt
2342 1725 3251 1833 zu Lucens abgebüessen, zur abbüessung zehalten.
2175 1946 2312 2011 25.
2346 1880 3342 1988 Anna Jost und Petter Schütz, uff der Kilchöri Kilchlindach,
2375 1950 3335 2033 welche beiderseits bekantlich einander beyschlaffen zehaben, sindt
2362 1989 3359 2075 desswegen zu 10. tägigen gfangenscht aber erkent, und Er dahin
2361 2032 3356 2110 verfelt worden, ihro das gewohnte Kindtbeth und Amlohngelt
2055 2068 3362 2139 sich vor meinen gnädigen Herren erleüteret ze entrichten und das Kind, so es halbjerig zu seinen handen ze-
2371 2102 3377 2167 nemmen. Den 28. Nov: ist er Schütz und sy Jost mit einem Clasur erlaß,
2367 2149 2693 2207 und er umb 10 pfund wegen er
2703 2137 3381 2197 sind über dise begangene that hin anderwertig, der
2368 2174 3386 2261 ehelichet und sy umb 2 lb, wyl der darzu stillgeschwig, gestrafft worden;
2067 2054 2350 2123 sein Schützen frauw auch
2079 2135 2353 2183 das sy ihme dißen fähler
2056 2151 2350 2227 willig verziehen wollen;
2143 2248 2237 2336 26.
2364 2212 3307 2321 Caspar Jaggi und Cathry Ursenbachin von Oberhausen Ehe-
2778 2199 2969 2260 Rufibachin
2355 2276 3378 2352 versprechung, wylen sy Ursenbachin sich mit imme Ehlich ver-
2360 2318 3351 2397 -lobt, ehe und befohr sy von Ihrem Eheman gescheiden worden,
2346 2367 3332 2461 und inzwüschen einander verdächtig besucht, ist über Ihre ausgestandene
2348 2411 3349 2502 gfangenscht für nichtig und ungültig erkent, und ihnen ernstlich
2352 2455 3312 2538 yngebunden worden einanderen zemüessigen, mit einem S. den
2325 2501 3278 2598 Herr predicant und die Ehrbaren zu Oberhausen dessen zeberichten.
