3024 4032
812 950 886 1031 74.
798 1219 872 1291 75
800 1401 876 1474 76.
809 1677 899 1754 77.
720 2286 955 2392 befürderliche
1145 502 1837 634 montags den 5. jan 1688.
967 619 1713 719 meine Herren Rathsherr von Erlach, Richter
994 700 1525 793 Herr Decan, Herr Fellenberg.
981 754 1572 869 Herr Sultzer , Herr Lerber
979 899 2056 1013 Herr Emanuel Sollenberg mit Jungfr Rosina Zehnder
1021 964 2026 1064 zu Wängi Kirchenrecht zuthunn bewilliget,
1257 1065 1728 1168 Adv: Herr Blaumer
979 1184 2029 1291 Hanß Nägeli mit Barbli Broschard  fahls keiner kinder¬
989 1243 1900 1336 nus wären, vor eines christlichen Grund
957 1280 2059 1388 zu Munlach Kirchenrecht zuthun bewilliget
955 1371 2037 1467 Johannes Scheyd aus dem Thurgäüwt mit
975 1432 1980 1533 Elßbeth Hübringer vor einer christlichen
971 1484 1919 1597 gmeind zu Oberburg kirchenrechts
948 1549 1478 1670 zuthun bewilliget
950 1654 2013 1765 Auff abermahliges erschynen Pierre Longet und
950 1735 2000 1817 deßelben anbring, daß eine ehrs von Dormont despons
941 1777 2017 1862 zwar meine Herern underen 4. aprilis 1684 einethalb
959 1827 2026 1910 ergangenen erkantnis information aufgenommen
955 1873 2034 1937 ihme aber keine kundtschafften, so er zu seinem behelf
961 1915 2008 2007 stellen, mitt admittiren wollen, habend deßwegen
958 1963 1952 2055 gemelte meine Herren ein S. an bemelte Ehrb: erkennt,
941 2014 2020 2090 den obanzogenen Erkantnis nachzukommen und
958 2061 2007 2154 so wohl die kundtschafften, so Herr Longet zu seiner
952 2112 2027 2199 rechtfertigung oder aber deßelben frauw Eva werdent
955 2163 2010 2252 zu ihrem behelff stellen möchten, alß aber information
963 2208 2008 2299 einethalb aufzunemmen, zu vernemmen, und womöglich
954 2264 1993 2344 sy zu vereinbahren, widerin fahls aber die partheynen
961 2307 2005 2400 sampt dem völlig bericht alhar zu halten NB neben
947 2361 1995 2446 keinem verwiß, daß sy der sach so lang aufgeschoben,
2199 1440 2356 1514 Martin.
2200 1745 2283 1822 79.
2256 604 2328 677 78.
2429 574 3492 728 Claudine Lambert von Cappet, somitt der ehe an
2418 662 3461 770 Jaques Clement auch von daselbsten, mit vermelden
2397 698 3446 815 da er sy hinachen mit ihme auff die ehe hin zu
2404 760 3457 858 trinken. Derselbige aber ihro der eheversprechung
2417 797 3397 907 nicht anderst geständig seyn wollen, alß daß es
2404 853 3376 958 truncknerwyß geschehen seyn müeßte. Sy Lambert
2417 919 3430 1007 auch darüberhin solche ihre ehe anspruch nicht gsetzmäßig
2411 956 3449 1064 erwysen können, und sonst nicht formbtlich mit der
2402 1013 3445 1111 sach umbgang, daß deroweg meine Herren selbige für nichtig
2402 1055 3445 1149 erkennt, sy beiderseit widerumb in vorige freyheit
2411 1100 3424 1204 gesetzet, den kosten compensirt, mit einem S.
2405 1168 3440 1260 an die ehrb: zu Coppet ihrer begehrten wägwysung
2402 1204 3436 1297 halben wegen des Pierre Marchand von Genff, welcher
2401 1278 3435 1357 die Gabrielle Martin von Cappet geschwängeret halben soll.
2391 1318 3436 1410 und auf die ihme gegebene citation nidt erschynen
2381 1357 3410 1429 wollen, das ehegricht zu gedachtem Genff sich auch
2390 1411 3430 1503 darwider opponiert und vermeint, wyl der fehler zu Genf
2395 1457 3373 1535 geschehen syn und sy etwas anspracht an ihne Marchand
2411 1492 2620 1559 habe, so solle sy
2640 1499 3427 1583 ihre suchen, wo er daheimb sigen ist diser
2383 1540 3403 1629 handel meinen Herren vorzutragen erkennt, umb hernach demfalls
2379 1586 3406 1652 hochwysen erkanntnis darüber zu bewarten und gmelter
2383 1634 3259 1723 Ehrb: von Coppet zu ihrer nachricht zu berichten,
2363 1722 3347 1825 Auff eingelangtes bericht schryben von der ehrb:
2371 1787 3379 1862 zu Baasell Carl Fridenrich du Plessis Bouret von
2375 1814 3382 1892 Bovois und Anna Catharina Mentzingerin von
2365 1875 3400 1950 basell betreffend, daß meine Herren, namblich ihne du Plessis
2371 1933 3376 1997 Bouret, wyl er sich laut ehe contracts drunden zu Basell
2374 1954 3391 2049 verbunden, und altem geübtem brauch nach und laut
2375 2018 3375 2092 ihrer vertrag mit dem stand von Bern nacher Basell
2372 2051 3373 2150 zur gebühr halten wollind, wylen sy anno 1672
2378 2113 3375 2191 durch allhar haltung Andred und Johann Dickenman
2363 2147 3334 2228 ihrer bürgeren vatter und sohn, auff Cathrine
2366 2190 3297 2281 Anlicherinn von Bern angemelten Johann
2351 2240 3384 2339 Dickenmann gethane eheansprach, ein gleiches gethane
2350 2286 3350 2374 haben, dienet ihme du Plessis Bouret in disem seinem
2350 2336 3346 2424 begehren, daß sy Mentzingerin alhar nacher gern kommen
2358 2383 3363 2475 sölle, kein gehör geben wolten, sondere selbig laut ihne
2349 2425 3341 2521 best fundirter Judicatur persöhnlich krafft oberkeitlich
2362 2464 3336 2561 gehalts aus rechten nach Basell halten woltind, umb den
2360 2521 3364 2614 richterlichen ausspruch daselbst zu erwarten, ist diseren
2360 2571 3154 2654 gantzer handel meinen Herren vorzutrag erkennt,
