3024 4032
2205 1104 2232 1211 1.
2160 1435 2251 1497 2.
2636 673 3447 787 Montags den 3. Nov 1684.
2690 749 3426 861 MgH. Rahtsherr von Erlach, Richter
2677 813 3465 912 Herr Decan, Herr Blauwner Herr Fellenberg,
2695 876 3431 978 Herr Steiger, Herr Sultzer, Herr Lerber.
2365 1050 3431 1162 Herr Albrecht Osswaldt mit Jungfrau Johanna Sultzer,
2363 1129 3343 1249 zu Künitz, Hans Adam Leonhart Hoffner, mit
2353 1178 3396 1277 Anna Cathryna Custor im Krauchthal Kirchenrecht
2364 1251 2748 1341 zethun, verwilliget.
2383 1396 3434 1511 Sussanne Piot spricht mit klagendem byschlaff der Ehe an,
2374 1461 3367 1553 Babtiste Bonay einen einfaltigen Mentschen, sich uff
2372 1526 3393 1589 ein gewüsses s. beruffendt, von herr de Vallonne under-
2329 1573 3391 1654 -schriben, vermog dessen Er sich erlütteret und vor zweyen
2375 1620 3342 1705 ehrlichen männeren begert habe, daß ihre annonces
2372 1673 3363 1736 möchten geschriben werden, sich darby auch erklagend
2368 1718 3328 1799 daß sein Bonays Vogt, alß schryber die procedur
2358 1767 3303 1862 geschriben, selbige aber nit durch den hr. Richter
2362 1811 3348 1903 besiglen und beschliessen lassen; Worüber meine gnädigen Herren den
2359 1870 3354 1958 Schryber wegen solcher inprocedur umb 10 pfund gstrafft,
2365 1913 3325 2002 und wylen gedachte Piot erst jezund den byschlaff
2350 1957 3354 2060 uff Ine klagt, disen er aber nit bekantlich sein will,
2346 2015 3400 2110 alß habend meine gnädigen Herren die partheyen beiderseits widerum
2343 2060 3355 2147 zurück an die Ehrbaren zu Dompneloye gewisen, mit
2360 2117 3366 2201 befehl daß die Ehrbaren desswegen die partheyen wol-
2351 2173 3388 2242 -examinieren und uf ein neuiyes in Klag und Antwort
2357 2212 3336 2296 verhören, auch die Kundtschafft darauf die Einte oder
2359 2260 3364 2333 andere parthey sich beruffen möchte, vernemmen, meine gnädigen Herren des
2344 2311 3382 2403 gedachten Bonays beschaffenheit halben, Ob Er zum Ehestand
2353 2380 3327 2435 tugenlich oder nit, und was Er der Religion und seines
2341 2410 3322 2494 glaubens halben, für Erkentniss habe, auch berichten, und
2270 2443 3390 2550 die partheyen widerumb alhar halten sollind und die procedur
2302 2494 3286 2584 durch einen unparteischen schryber expedieren lassen sollind.
2295 2545 3385 2629 Den 1. Dec: sind sy mit dem begerten schrifftlichen bericht widerum
2356 2586 3377 2645 gegen einander erschinen, da dan sy imme abermahlen under augen erhalten,
2348 2630 3374 2688 daß er lybs gemeinicht mit Ihro gehabt, welches er aber gentzlich
2341 2652 3395 2730 verneinet und derwyl sich sambt Ihro uf die 10 tag lang in der
2350 2692 2878 2741 gfangenschaft umb herzüchen lassen.
