3024 4032
767 921 841 980 128.
1140 552 2038 695 Montags den 26. Jan: 1685.
1189 625 2015 734 Meine gnädigen Herren Rahtshr. v. Erlach Richter
1209 687 2045 820 Hr. Decan, Hr. Blaugner, Hr. Fellenberg,
1196 739 2018 866 Hr. Steiger, Hr. Sultzer, Hr. Lerber.
971 882 2007 1008 Pierre Matthey von Vallorbes hinderem Ambt
968 963 1989 1077 Romain mostier, erscheint vor meinen gnädigen Herren und erklagt sich
974 1023 2021 1122 vermag eingelegter supplication, ab Marie Grobet,
971 1084 2018 1175 Wasmassen sy seinem verstorbenen Sohn Anthoine
956 1129 2030 1242 Matthey erst sidt seinem hinscheid Ihre Leibsfrucht
1882 1209 1936 1241 so *
969 1191 1994 1284 zueigne und fürgebe daß er Ihre die * ver-
970 1227 1996 1336 -sprochen habe, welches Ihr vorgeben er für unge-
967 1287 1992 1392 gründt halte, sidtenmahl sy solche Ihre klag und
958 1341 1971 1429 Eheansprach erst sidt seinem todt formiere, und
911 1381 1958 1497 weilen sy mit der procedur schon verschinnen
950 1449 1962 1542 Fryttag hätte alhier erscheinen sollen, und aber
957 1524 1949 1591 sich nit eingestelt, als protestiere er umb
917 1547 1973 1650 den Costen mit bitt imm von diser dirnen zu
953 1601 1987 1708 liberieren, Worüber meine gnädigen Herren ein s. an die Ehrbaren
956 1658 1981 1773 zu Vallorbes erkent, sy Grobet von heüt über
944 1718 1967 1826 8. tag alhar zehalten; Im übrigen habend meine gnädigen Herren
940 1784 2012 1868 wo fehr sy nit erscheinen würde, Ihre protestation
956 1828 1198 1909 angenommen.
2149 2096 2246 2157 131.
2174 673 2253 771 129.
2182 1326 2254 1388 30
2354 661 3440 797 Anna Frey ungegründte Eheansprach an Joggli
2440 727 3427 826 Humbel beide ussem Ampt Künigsfelden, ist es
2395 781 3430 862 sein widersprechen, für nichtig und ungültig erkent,
2392 832 3387 909 Sy beiderseits widrumb in vorige freiheit sich nach
2399 874 3379 963 glück anderwertig geverehrlichen gesetzet hieneben
2387 922 3410 1008 sy beiderseits wegen mit einanderen begangnen fählers
2387 972 3385 1061 in die gefangenschaft erkent und inne Humbel dahin
2369 1010 3412 1105 verfelt, daß er sy uß der gfangenschaft lösen, Ihre
2368 1066 3408 1165 20. daler, fürr Ihren erlittenen Costen entrichten solle.
2363 1292 3386 1389 Nicolarde  quardet Guardet spricht vermag mitge-
2373 1361 3334 1446 brachter Procedur von den Ehrbaren zu Grens der
2374 1421 3339 1488 Ehe an, Gaspard Emet, mit vermelden, daß er Ihro
2371 1461 3384 1512 einen daher daraufhin gegeben, welcher aber Ihro die
2363 1508 3371 1558 Ehr nit anderst, alß uf gefallen seiner elteren ver¬
2376 1536 2736 1598 -sprochen haben wollen,
2743 1539 3397 1627 Worüber meine gnädigen Herren in ansechen disere
2381 1579 3385 1665 Eheversprechung mit Condition geschechen, und seine Eltern
2368 1631 3370 1684 darzu nit einwilligen wollen, selbige für nichtig erkent,
2371 1661 3325 1745 und Inen zugelassen sich nach glück anderwertig
2344 1725 3364 1801 zeverehelichen, hieneben aber Inne wegen Ihro gegebnen
2347 1743 3357 1838 anlasses, dahin verfelt, das er Ihro für
2333 1788 3373 1901 Ihro versaumnus und erlittenen Costen 150 floryn
2348 1830 2892 1916 ausrichten und bezahlen solle.
2341 2053 3338 2167 Jaggi Schneitters Eheansprach an Elsi an der fuhren
2306 2119 3342 2217 beide uss der Kilchöri Brientz, ist inansechen Er
2346 2174 3364 2242 nit nach der form mit der Sach umbgangen, und deß
2333 2221 3345 2302 Meitlis Vogt selbiges wyl es noch under Jahren, uf das
2330 2245 3352 2334 Zug Recht sich beruffen hiemit, für nichtin und ungültig
2342 2287 3348 2386 erkent, und Inen zugelassen sich nach glück anderwertig
2331 2334 3339 2397 zeverehelichen, Im übrigen den Kosten zwüschen den
2319 2375 2779 2454 Partheyen Compensiert.
