3024 4032
1155 561 1885 674 Montags den 15. Dec. 1684
1175 630 1879 744 meine Herren Rahtsherr Müller, Richter
1158 699 1908 803 Herr Decan, Herr Steiger, Herr Sultzer
1182 752 1505 854 Herr Lerber
816 865 920 938 64.
710 891 2057 994 den 19. dec 1684 Pierre Botens ist ein S. an die Ehrb. zu Provence
699 960 2000 1040 habend meine Herren zur erkent, dass die Jenigen kundtschafften deren Er
705 996 988 1051 erlütterung obiger
704 996 2041 1091 Erkantnuß erkent sich In Namen seiner Tochter zu bescheinigung Ihrer
704 1047 1985 1143 daß gedachter Boten Eheansprach an Abraham Collomb bedienen will
700 1119 1979 1183 gesazmessige und zeverhören und die partheyen allerseits sambt
693 1139 992 1195 unpartheische kund¬
698 1168 1921 1247 schafften stellen solle dem völligen Bericht alhar für meine Herren zehalten.
1361 1200 1770 1298 adv: Herr Blauwner
834 1285 1985 1384 62. Hans Bernhard Meyer von kilchdorff mit
975 1365 2029 1451 Barbara Kauffman zu Leüflingen kirchenrecht ze thun,
972 1399 1184 1470 verwilliget.
1087 1709 1955 1802 Mittwuchens den 17. dec 1684.
1121 1777 1802 1866 meine Herren Rahtsherr Müller, Richter
1109 1812 1955 1914 Herr Decan, Herr Blauwner, Herr Fellenberg
1116 1877 1936 1965 Herr Steiger Herr Sultzer Herr Lerber
946 1971 1958 2070 Mit S. von Langnauw und Trachselwald sind alhar
826 1998 891 2066 63
939 2034 1980 2120 für meine Herren gewisen worden Elßbeth Reist, Ulli Boss
958 2083 1966 2171 und Christen Schnyder. Da dan sy reist nit nur
948 2126 1983 2214 von dem Boss mit klagendem byschlaff, daß namlich
661 2145 899 2223 * da die ehever¬
951 2180 1972 2250 er sy schon im yngang Meyens * beschlaffen, sondern auch
657 2209 920 2262 sprechung zwüschen
657 2237 853 2313 ihnen ergangen.
948 2234 1975 2303 von Christen Schnyder der sy auch dess Sidt dem Augusti
945 2267 2018 2353 mit ihr begangenen byschlaffs beklagt, der ehe angesprochen
890 2319 1994 2398 Welche aber, wie wohl sy der Eheversprechung halben gegen
956 2370 2006 2432 beiden bekantlich, deß byschlafs und der Schwängerung
955 2421 2012 2485 einzig gegen gedachtem Boss gestendig sein wollen, Worüber
944 2453 1989 2529 meine Herren sy zuruck geschickt, mit einem befehl S. an die ehrb
938 2491 2016 2561 zu Langnauw, sy reistin in ihrer genisset und grösten geburts
947 2551 1981 2607 Schmertzen umb den rächten Vatter Ihres kinds zu befragen,
948 2576 1984 2650 Wie zugleich auch sy ernstlich zu examineren, ob sy nit auch mit
951 2609 1979 2683 dem Christen Schnyder dem Schumacher, lybs gemeinschafft
958 2651 1982 2731 gehabt habe und die partheyen hernach mit dem völlig bericht
959 2700 1181 2749 alhar zehalten
2223 1501 2306 1588 66.
2269 627 2364 707 64.
2260 996 2343 1074 65.
2409 619 3452 726 über den meine Herren von der Ehrb zu Trub und Erisswyl
2422 686 3473 764 einkommenen bericht, Andres Brachbüel und Madleni Zürcher
2420 736 3473 815 betreffendt, lassend meine Herren es ihres by einander erzügeten kinds
2409 782 3455 868 halben, dahin bewenden, daß es ehelich verbleiben und es
2402 827 2861 916 ein ausgemachtes sein solle
2391 954 3403 1060 George Raisse ist über vollfüerte verrüeff, wider
2396 1027 3416 1117 N. Manteli der ihra die ehe versprochen, die schidigung
2402 1095 2516 1166 erkent,
2515 1199 3258 1315 Fryttags den 19. dec 1684
2543 1258 3250 1356 meine Herren Rahtsherr Müller, Richter
2577 1323 3368 1405 Herr Decan Herr Blauwner, Herr Fellenberg
2550 1365 3314 1465 Herr Steiger, Herr Sultzer, Herr Lerber
2395 1476 3397 1576 Jaques Taverneys nit gnugsam bewihne ehe ansprach an
2342 1547 3377 1623 Elisabeth Barbey ist uf ihr widersprechen, auch in ansechen
2372 1588 3362 1661 sy noch under jahren, für nichtig und ungültig erkent,
2373 1629 3364 1707 Sy beiderseits widrumb in vorige freiheit gesetzet, und
2356 1668 3401 1757 Ihnen nachgelassen sich nach gelassen anderwertig zu verehrlich
2376 1716 3384 1784 hieneben sy Barbey, wegen Imme gegebnen anlassen, umb
2362 1755 3209 1853 6. Daler kosten gegen Imme Taverney verfelt,
