3024 4032
811 1449 888 1521 41.
786 1808 957 1896 42. Mr.
839 558 911 624 40
1006 537 2111 655 Auff erklagen, Hr. Fehrs des Examinaten Innamen frauw
1023 596 2086 704 Anna Fehr seiner schwöster, wie daß der Herr Decan
1006 641 2068 754 von bürglen meiner gnädigen Herren erkantnus underem 13. August
990 699 2089 810 jüngsthin noch biß dahar nicht gnug gekhann, ohngeachtet
1005 747 2049 859 ihme die sum laut obangogner erkantnus durch viel-
1005 801 1972 891 mahlig fründtliches ersuchen abgeforderet worden,
1001 851 2084 963 gewelter Herr Decan jedoch sy die gedachte frauw jeder-
991 897 2053 1003 zyt mit schlechten worten aufgezogen, auch ver¬
996 943 2042 1045 wichenen Martini, da ihme Herr Decan disere Sum seye
1007 985 2067 1100 nochmahl gütlich und fründtlich abgeforderet worden;
1007 1037 1296 1126 Er zum bescheyd
1300 1040 2044 1145 geben, er wolle sehen, wan Er nacher
995 1083 2069 1202 hauß komme und seiner frauwen darvon sagen, umb
984 1133 1947 1245 von ihro zuvernommen waß sy darzu sag werden;
997 1179 2051 1288 über welchen schlechten bescheyd, meine gnädigen Herren ein S. an ger-
991 1231 2078 1350 melten Herren Decan erkennt; gedachte frauw Fehreren
994 1293 2048 1403 laut ob anzogener erkantnus unklagbahr zu machen;
986 1331 1859 1446 widrig fahls sich alhier vor meine gnädigen Herren zustellen;
992 1434 2036 1546 Auff beklagen Herrn Niclaus Werniers des Schärers
977 1515 2067 1617 ab Herren Asarias dem lehrmeister, daß er ihme weg
978 1561 2005 1645 eines verkaufften faß mit wyns schuldig und nicht
977 1599 2062 1693 bezahlen wolle, ist er Herr Asarias dahin gewiesen
988 1648 2045 1749 worden, gemelten Herr Wernier biß auf den nechst-
969 1703 2029 1806 künfftig zwantzigsten tag, unklagbahr zumachen;
991 1800 2068 1906 Hans Jacob Fuhrer der schnyder; außem Underwaldener
968 1864 2053 1951 Land, klagt ab Herr Seebachs und seiner frauwen lieder-
967 1917 2008 1979 lichen und gottlosen läbwesen, wie auch das gemelte
983 1959 2058 2047 beide Eheleüth ihne allezyt einen katholischen kätzer
978 2008 2024 2092 heißen und ihne anklage, also ob Er ihro verwuhenen
959 2051 2059 2141 summen einen fünffündler entwendet haben, nebend dem
944 2099 2046 2187 das er Sebach und sein frauw, allezyt 3 katzen und 3 hünd
961 2146 2044 2234 by ihnen im beth haben, welche auch by ihnen tischen und ab ihre
959 2194 2043 2256 Täller eßen sind weg denen Lästernworten ernstlich
980 2240 1938 2329 censurirt und darneben Herren Landtvogt Steiger aufgetrag
977 2283 2019 2378 worden; weg ihres schlimmen Läbwesens halber in¬
965 2356 1837 2424 formation aufzunemmen und meine gnädigen Herren widrumb deßen
936 2381 1794 2478 zu ihrer verneren abstraffung zuberichten.
2221 1133 2323 1202 44.
2174 1529 2280 1601 # Vatter
2195 2150 2275 2224 45.
2264 600 2353 663 43.
2434 570 3428 686 Christan Trachsel hat by meinen Herren angehalten mit Anni
2500 641 3497 742 Bürgi, so seine stieff tanten sein soll Kirchen-
2423 684 3464 800 Recht zuthuen, ist ihme solches S. wylen das Gesetz es noch
2410 730 3467 836 zulaßen kan bewilliget worden; mit einem S. an
2419 791 3444 876 die Ehrbaren zu ander Längg; sy deßen zu berichten; N.
2419 826 3389 933 Im S. zuntermelden, daß wann die sach zwüschen obigen
3157 901 3195 937 nindel
2419 872 3425 981 persohnen noch nicht follends beschloßen und richtig wäre.
2405 920 3461 1040 daß meine gnädigen Herren, danzumahl fünden und beßer wäre, daß diser
2407 963 2861 1058 Heimath vermitten blibe;
2369 1071 3400 1194 Herr Hans Franz Fischer ist durch meinen gnädigen Herr Rahtsherr von Erlach
2374 1165 3389 1232 uf vorgewisenes schryben, von dem Herren predicant Hüman
2363 1194 3391 1275 zu Murten verwilliget, mit Jungfrau Marie Madelaine
2353 1243 3429 1320 Burnat an von Milden, an einem beliebigen orten meiner gnädigen Herren gebiets
2399 1290 3367 1338 kirchenrecht zethun; Wylen aber hierüber Herr Simeon
2383 1323 3363 1407 Galliard sich wider obigen Heiwracht opponiert, mit
2373 1384 2586 1451 fürwänden
2588 1367 3351 1450 dass ermelte Burnant Imme auch die
3364 1379 3440 1443 Ehe
2386 1404 3381 1505 versprochen habe; Alß habend meine gnädigen Herren sy allerseits alhar
2378 1459 2777 1537 zu Citieren erkent.
2782 1456 3396 1539 Den 10. septembris erscheint Herr Fischer
2384 1494 3378 1582 undt Galliard, da dan Herr Galliard anzeigt, daß er dem Herr
2384 1541 3391 1609 predicant Hamman, ausstrücklich gesagt, daß er vermeine sein
2374 1595 3406 1652 Sohn habe bessers Recht, weder der Herr Fischer Worüber meine gnädigen Herren
2381 1614 3374 1690 wylen sy Burnant nit verhanden, ein S. an die Ehrbaren zu Murten
2375 1656 3363 1712 erkent, sy auch alhar zehalten und die Kuntschafften darauf die
2371 1695 3367 1754 Einte oder andere parthey sich beruffen wolte, zeverhören und meinen gnädigen Herren
2351 1736 2517 1821 zeberichten;
2483 1753 3218 1861 Montags den 1. Dec. 1684
2549 1827 3215 1922 Mein gnädiger Herr Rahtsherr Müller, Richter.
2585 1893 3258 1976 Herr Rahtsherr von Erlach, Herr Decan,
2531 1942 3283 2055 Herr Blaugner, Herr Steiger, Herr Sultzer.
2548 2001 2875 2088 Herr Lerber.
2352 2135 3393 2236 Herrr Obrist Ludwig Mey, welcher meinen gnädigen Herren klagend angebracht
2345 2211 3392 2264 Wasmassen Herr Jacob Jenner by Ime vor etwas verrückter
2332 2254 3340 2323 Zits umb den Access zu seiner Tochter Anna Cathryna
2354 2288 3387 2359 angehalten, welchen er imme zu Ehren und gebühr verwilligen
2353 2330 3381 2400 darüber er ihro ein treüw Ringli und auch seinen eigenen pitt-
2351 2377 3340 2449 -schier Ring, wie solches zu bescheinigen seye gegeben Ihro die
2342 2408 3301 2478 Eheversprochen sy geschwängeret und sich fortgemacht
2344 2446 3318 2524 begert derowegen ser angelägenlich, daß Imme zu gunsten
2345 2499 3372 2577 ermelter seiner dochter ein verruffbrieff ertheilt werde: Worüber
2347 2543 3349 2612 meine gnädigen Herren imme junker Obrist uff obigen ursachen und auch uss betrachtung
2343 2591 3312 2673 wylen meine gnädigen Herren imme den Arrest uf sein Herr Jenners Mittel erth
3151 2617 3362 2709 desswegen
