3024 4032
786 905 843 976 57
787 1484 853 1561 58
695 1870 933 1947 gegewahrt
1188 542 2085 679 Mittwuchens den 10 Dec: 1684.
1230 640 1992 754 mhhr Rahtsherr Müller Richter.
1213 706 2084 837 Herr Decan, Herr. Blauwner Herr Fellenberg
1225 777 2020 896 Herr Steiger, Herr Sultzer, Herr Lerber
971 873 2033 986 Judith Neünlist von Buchs spricht mit schwangeren Lyb
953 971 1987 1045 der Ehe an Melcher Attenhoffer von Zurzach¬
973 1001 1996 1070 Welcher aber wiewohl er des fählers bekantlich
970 1036 2053 1129 Ihrer der Ehehalb mit versprochen haben will, im übrig
989 1083 2054 1182 beide bekennend, daß sy ohngefahr 3 oder 4 woche
973 1136 2043 1225 nach Jacobi jüngsthin einander beschlossen. Worüber meine Herren
970 1181 2014 1271 sy beiderseits einmahl aben erkent, Den 17. diss ist
964 1253 2013 1313 Ihre Eheanspruch uf sein widersprechen für nichtig erkent
972 1277 2030 1363 und das kind uf Ihr gethane glübt, daß es imme Attenhooffer
951 1323 1476 1419 gehöre, imme zugesprochen worden.
958 1465 2008 1563 Sussanne Mussillon verharret nochmahlen uf ihrer klag
976 1530 2035 1610 wider Jean Pierre Ruedy, er aber uf seiner unschuld
967 1578 2021 1651 zstert daß er bekantlich, sy unzüchtig betastet zu haben
941 1638 1977 1705 Worüber nichts sy beiderseits widerumb aben erkent.
957 1653 1993 1742 und hieneben auch uf dess alten Herr Warneris anhalten
958 1705 1975 1777 ein S. an die Ehrb zu Morsee erkent, daß fahls Hr.
938 1751 1978 1842 Demontricher etwas welche Kundtschaften wider seinen Sohn
956 1808 2027 1891 Olivier Warneri stellen wolte, daß selbiges in seines sohns
946 1836 2005 1940 geschechen solle, damit er Inen auch voroffen und sich dessen
962 1890 1978 1982 das die form des Rechten vermag, auch bedienen können
945 1916 2014 2026 der meinung, daß Imme Warneri so er sich auch uf kundt-
952 1980 1987 2082 schaften beruffen wurde, ein glyches Recht gehalten werden,
957 2004 2035 2109 solle. Den 15. diss erscheint, der alte Herr Warneri widrum
946 2061 2002 2161 vor nichts und zeigt an, was massen er vernemmen müsst, daß
941 2104 1975 2190 man drinnen zu Morsee Informationswys wider seinen
921 2151 2031 2249 sohn olivier agiere. Worüber meine Herren ein S. an Herr Landtvogt
940 2192 2033 2283 erkent, imme gebedüten, das es nit mehr intention und meinung
939 2237 2000 2332 also seye, sonderen daß nun Exacte obigem befehls underen
939 2280 1972 2373 10. diss nachgehen und hiemit nach der form verfahren
938 2311 1998 2426 und das geschäft beschleungen sölle. Den 22. diß beharret
941 2354 2026 2448 er Ruedy noch alles yber auff seiner unschuld und sy Mussillon
1916 2406 1990 2458 Ruedy
960 2410 1834 2516 Auff ihrer Anklag, worüberhin auch gedachtem,
1792 2414 1921 2482 mit
951 2443 2044 2565 seine unschuld, mit dem eyd erwiesen und sich punocenuirt
2215 1573 2260 1641 60
2258 1026 2317 1102 59
2647 663 3415 766 Fryttags den 12. dec 1684.
2691 737 3390 829 MgH. Rahtsher Müller Richter
2696 794 3337 885 Herr Blauwner, Herr Fellenberg,
2699 846 3248 921 Herr Steiger, Herr Lerber
2426 978 2455 1017 1
2408 992 3393 1104 Sussanne Piot Eheansprach an Baptiste Bonay
2406 1062 3412 1147 ist in ansechen Er wegen seines einfaltigen und dorhuften
2393 1096 3421 1176 zustands zum ehestand untaugenlich, für nichtig erkent,
2399 1141 3430 1229 und ihr zugelassen sich nach glück anderwertig zu ver-
2397 1184 3430 1268 ehelichen, hieneben aber er Bonay dahin befreit, daß
2404 1236 3396 1321 Bonay ihre Bitt zwey hundert floryn für ihren
2391 1278 3357 1370 diser Sach wegen erlitten Costen ausricht und bezahlen
2380 1316 3409 1424 solle. Der selbige theil innerts 14. tages und das übrige
2392 1376 3046 1465 uf nechstkünfftigen Osteren zeerleggen.
2333 1540 3421 1634 Elisabeth von Niderhüseren ist über aussgestandene gfangenschafft
2385 1603 3405 1670 wegen ihres mit Hans Grammath begangenen ehebruch fählers
2380 1648 3388 1716 mit einer guten vermahnung erlassen und ein S. an die Ehrb. zu
2335 1690 3417 1765 Wattenwyl erkent worden, ihra die depracation abgenemen.
