3024 4032
786 937 848 979 11.
1228 580 2013 727 Montags den 10. Nov: 1684.
1251 656 2035 786 Mein gnädiger Herr Rahtsherr von Erlach. Richter.
1247 742 2051 863 Meine gnädigen Herren. Rahtsherr Müller, Herr Fellenberg,
1230 799 1985 921 Herr Steiger, Herr Lerber. adv:
1251 872 1792 954 Herr Decan, Herr Blaugner.
931 914 2012 1043 Uf erscheinen Herr predicant Balthasar Graaffs
947 1010 2015 1087 von Längnau habend meine gnädigen Herren Inne vermog Rahts-
949 1058 2049 1145 -befehls zu red gestelt, worumb er Emmanuel Zächender
941 1101 2042 1212 und Cathry Zächender so im grad ver geschwüsterten
923 1182 1992 1257 Kinden gegen einander sind, zusamen gegeben; Worüber
939 1222 1990 1315 er ein mit betrug und falschheit geschribenes und
926 1284 2035 1350 besigletes Schryben under der form eines Chorgrichtlich
933 1348 1968 1418 Schyns fürgelegt mit vermelden, daß er selbiges
922 1379 2034 1460 für realisch und Authentisch gehalten, mit bezügen, daß
928 1430 1984 1519 Er von ihrer so beschaffener verwandtschaft, nüt
922 1507 1986 1578 gewüsst; Wylen aber Herr Sammuel Zächender dem
925 1531 2008 1614 verlauth nach, bericht geben han war disen faltschen
905 1592 1993 1689 Schyn Expediert habe, als habend meine gnädigen Herren Ine alhar
906 1641 2043 1736 zu citieren erkent. Den 15. diss. erscheint Herr Zächender
921 1698 1995 1789 und gibt meinen gnädigen Herren bericht, wie daß nachdem er vernommen,
920 1754 1959 1857 daß gedachter sein Bruder ein faltschen Chorgrichtlichen
918 1804 2014 1903 Schein gemacht, dass er imme selbiges zu Murten allwo
918 1853 2010 1953 er inne angetroffen, verwysslich vorgehalten, mit anderen
809 1910 2020 2033 dass er den Herr predicant zu Längnau in ungelägen-
919 1956 2005 2075 -heit bringen werde, Er imme geantwortet, dass diser
721 2021 2017 2138 faltsche schein einzig von imme harkomme, er habe auch nit gwüßt
918 2067 1984 2175 dass solches so übel gefält seye, darby auch anzeigend
905 2110 2007 2242 als ihmme den schein gezeigt worden, daß Er nüt anders
892 2173 1957 2274 sehen könne, dan daß es seines bruders eigne
874 2219 2002 2334 Hand seye. Worüber meine gnädigen  Herren die sach meinen gnädigen Herren vorzetragen
897 2271 1996 2379 erkent und wylen Er Herr Zächender gestehen müssen, daß
896 2324 1996 2446 er seinen bruder eingezogen und imme Losament gegeben, alss
897 2373 1978 2501 habend meine gnädigen Herren inne dahin vermahnt sich dessen gemüssigen.
2168 2358 2234 2422 15.
2173 1786 2242 1866 14
2183 1192 2272 1277 13.
2224 644 2306 710 12.
3293 577 3337 633 s
2434 639 3439 760 Cristyna Kuöri habend meine gnädigen Herren In ansehen dess
2391 727 3417 798 Inen vorgelegten berichtschrybens, von den Ehrbaren
2385 769 3435 865 zu Därstetten, wider Ihren aussgeträtten Eheman
2408 822 3427 920 Vetter Büeller ein verrüeffbrieff erkent, jedoch
2379 883 3432 1002 daß der letste verruff erst uf nechstkünfftige Osteren
2401 955 3384 1057 geschächen solle, mit einem S. die Ehrbaren zu Därstetten,
2403 1023 2744 1111 dessen zeberichten.
2377 1166 3412 1280 Elssbeth Tschaggeney von Thun, mit Johannes Silber
2391 1239 3370 1339 dem Haffner auch von daselbst zu Hilterfingen
2389 1298 3073 1403 Kirchenrecht zethun, verwilliget.
2544 1428 3282 1565 Fryttags den 15. Nov: 1684.
2596 1493 3304 1606 Mein gnädiger Herr Rahtsherr von Erlach. Richter.
2626 1558 3403 1635 Herr Decan, Herr Blaugner, Herr Fellenberg.
2612 1610 3130 1698 Herr Steiger, Herr Lerber.
2353 1726 3391 1841 Über eingelangtes S. von den Ehrbaren zu Basel, Carl
2367 1799 3361 1895 Fridrich du Blessis Gouret von Banois und Catharyna
2363 1856 3338 1937 Münzinger betreffend, habend meine gnädigen Herren ein S. an die
2356 1900 3346 1981 Ehrbaren zu Banois erkent, gedachten du Blessis angesucht
2351 1945 3369 2023 S. alhar zu halten, sindtenmahl Er meinen gnädigen Herren Erkantnuß
2349 1993 2781 2073 zuvor nit tath gethan.
2333 2305 3351 2407 Herr Anthoni Zächender dem predicant zu Münsingen
2338 2383 2737 2446 Wider Herr Sammuel
2746 2369 3307 2445 Walther den hälfer zu
2337 2411 3375 2502 Signauw, das erste Mahnungs S. wegen an ine habender
2350 2467 2733 2552 anforderung ertheilt.
