3024 4032
736 1666 863 1754 36
748 2006 835 2087 37
581 2572 895 2669 # uss dess mans guts
591 2638 758 2715 abschaffe
747 555 851 636 34.
742 969 822 1055 35.
922 541 2043 678 Herr Gruber den schuhmacheren wirth klagt
933 612 2052 727 ab Herr Fuhrers des schuhmachers Knecht; das Er
922 661 2029 796 ihne, wan er bätte, verspotten; indeme er sage
941 715 2021 836 er mache wie ein geyßbock und wie ein Esel
936 775 2036 883 wann er im todbeth lige, also verkehre er auch seine
933 833 1672 928 augen, ist zu citiren erkennt.
927 961 2040 1101 Über eingelangtes bericht S. von der Ehrbaren zu Watten-
920 1056 2032 1154 wyl waßmaßen Elßbeth von Niderhäüseren eine
903 1090 2038 1208 ledige persohn, bekennt habe, in Ehebruch sich ver-
921 1142 2025 1252 trabt zu haben, mit Hanß Gramat dem wäber
929 1196 1940 1307 im so genanten doffenholtz der kirchöri Belp
910 1247 2046 1368 wohnhafft, welcher Gramat auch schon vor ohngefahren
934 1312 1942 1417 6. od 7. jahren ein Ehebruch begang haben soll;
939 1363 1756 1467 sind beiderseits zu Citiren erkent.
1123 1499 1663 1607 Mittwuchens den
1665 1506 2027 1595 26. Nov: 1684.
1199 1560 1671 1646 Mein gnädiger Herr Rahtsherr von Erlach,
1682 1563 2034 1639 Richter, Herr Blaugner
1171 1591 1697 1688 Herr Steiger, Herr Lerber.
890 1647 2004 1761 Herr Dauid Jenner dem Neüwerwelten Herr predicant
906 1720 1681 1806 zu Wyl mit Jungfrau Anna Maria
1680 1709 1941 1789 Keust zu
918 1759 1826 1855 Bollingen, Kirchenrecht zethun, verwilliget.
1289 1826 1736 1942 adv. mein gnädiger Herr Decan
914 1929 2016 2044 Elssbeth von Niderheüseren erscheint nun mit schwangeren
904 2025 1445 2108 lyb und bekent,
1450 2003 1954 2095 daß es sich (leider) mit
900 2067 1982 2157 Hans Grammat dem Wäber im Doffenholtz der
902 2095 1984 2193 Kilchöri Belp sich in Ehebruch vergäßen und von imme
913 2140 2015 2247 Schwängeren lassen, welches vor 21. wuchen geschächen sey,
851 2186 1997 2322 Worüber meine gnädigen Herren sy zur abbüessung und ein recharge an
905 2233 2011 2350 die Ehrbaren zu Belp erkent, den Grammat gwarsamlich
913 2308 1182 2397 alhar gehalten.
1185 2284 1969 2364 Den 1. Dec: 1684 erscheint Hans
912 2323 1997 2421 Grammath und bekent, dass er sich, leider mit gedachter
918 2367 1961 2485 Niderhüserin in Ehebruch vertrabeth; Worüber meine gnädigen Herren
917 2404 1974 2533 in ansechen Er Grammath schon hievor mit Einer anderen
908 2446 2012 2573 einen Ehebruch fähler begangen, die sach für meine gnädigen Herren gschlagen
921 2501 1987 2615 den 3. Dec: habend meine gnädigen Herren ihro Niderhüseren, das gewohnte Kindt-
922 2546 1933 2654 beth und Ammlohs gelt zugesprochen, also daß sy selbiges uss dess
923 2584 1922 2683 Grammats mittlen, wo sy selbige beträtten mag, erholen von
919 2604 1986 2722 den 5. diss. hat Babi Schmid wider gedachten Hans Grammath ihren
923 2654 1993 2761 Ehebrüchigen Eheman umb die schidigung anhalten lassen, welche ihre under
921 2662 2022 2790 gewohnter form erkent worden, jedoch, daß sy beforderst umb die Cösten
2262 670 2333 754 38.
2388 656 3420 780 Mit einem berichtschryben von den Ehrbaren zu Muri
2418 745 3439 841 ist alhar fur meine Herren gewisen worden, Hans Ellenberg
2421 792 3455 888 den Jünger von Gümligen, Welcher von Cathry Glausser
2381 829 3404 931 der kirchöri Worb mit zueignung ihres verschinnen
2400 911 3412 985 donstag uf die Welt gebrachten Kindt, deß byschlafs
2408 948 3416 1039 beklagt worden, als den sy in ihren grösten geburts
2407 1006 3446 1085 schmertzen zum Vatter des Kinds ernamset; Wylen
2390 1059 3349 1134 aber Ermelter Ellenberg nit bekantlich sein will,
2394 1111 3442 1203 einiche lybsgemeinschafft mit ihro gehabt ze haben; als
2263 1145 2379 1260 haben
2397 1166 3447 1243 Worüber meine gnädigen Herren erkent, dass einmahl mit dem Kinds-
2397 1216 3407 1305 tauff vortgefahren und die parthey nach ihrer kindbeth
2379 1261 3373 1341 beiderseits alhar gehalten werden sollind, mit S. die
2388 1317 3304 1424 Ehrbaren zu Worb und Muri dessen zeberichten.
2523 1463 3358 1581 Fryttags den 28. Nov: 1684.
2551 1544 3242 1639 Mein gnädiger Herr Rahtsherr von Erlach, Richter.
2521 1597 3327 1701 Herr Decan, Herr Blaugner, Herr Fellenberg.
2511 1656 3036 1740 Herr Steiger, Herr Lerber.
2213 1800 2283 1870 39.
2350 1759 3375 1856 Mit einer procedur von der Ehrbaren zu Baulmes werden,
2361 1827 3398 1903 meine gnädigen Herren berichtet, was massen Jaques Louys Duc zu ver-
2370 1890 3387 1956 -Ehelichen begehre, Sarra Burdet, welcher aber, wyl Er
2337 1922 3392 1999 In gschrey seige, alss ob er in franckrych ein wyb und et
2356 1979 3398 2049 etliche Kinder hätte, desswegen vor Chorgricht zu gedachten
2349 2005 3383 2093 Baulmes zu red gestelt worden, der darüberhin bekent,
2349 2064 3384 2141 dass er zwar mit einer gewüssen wybsperson von statt
2055 2089 3346 2163 unehrlichen kinden by deren er 5 jar lang sich aufgehalten, zwey kinder
2068 2156 2330 2207 so er von Ihre er-
2362 2161 3386 2233 erzüget selbige auch habe tauffen lassen, wäre auch gesinnet
2072 2192 2331 2253 züget, zu ifferten
2362 2192 3349 2278 gewesen die Mutter diser Kindern zu Kirchen zefüehren
2059 2232 2326 2291 mit 10 tägiger
2346 2238 3380 2330 und sy zeehelichen, wofehr sy von der pabistischen religion
2067 2266 2312 2333 gfangenscht; ab-
2057 2306 2295 2363 -büessen, undt
2343 2301 3356 2375 abstehen und die reformierte Religion hatte annemmen wollen,
2073 2340 2293 2392 hienneben Imme
2355 2343 3350 2427 Wylen aber selbiges nit beschechen und sein Haubtman by dem
2052 2367 2351 2436 Duc zugelassen
2338 2395 3320 2475 Er gedienet, imme disere wybsperson auch nit habe dulden
2057 2411 2308 2471 sein solle, mit
2057 2441 3280 2512 Sarra Burdet wollen, so habe er selbige auch schon sit 5 Jahren verlassen:
2048 2494 2309 2560 Kirchenrecht
2361 2491 3305 2571 Worüber meine gnädigen Herren ein S. an Herr L.vogt zu Ifferdten erkent.
2070 2527 2315 2583 ze thun, so fehr
2068 2549 3352 2614 seinet Ihret- den gedachten Duc alhar zehalten, den 12. diß. habind
2048 2607 3359 2658 wegen, kein anderer ich über empfangenen bericht durch Herr Landtvogt Steiger,
2054 2630 3344 2693 hindernuß bekant dass Herr Haubtman von Wattenwyl imme angezeigt, dass Er¬
2355 2667 3381 2733 melter Duc mit obgedüter person von statt niemahlen kirchen
2055 2673 2154 2721 wäre.
2342 2702 3323 2755 recht gethan, erkent, daß er inansechen seiner zweyen #
