3024 4032
740 2193 813 2260 118.
772 1886 840 1973 117.
803 1153 887 1222 116.
828 578 908 651 115.
1025 533 2056 684 Ein S. an die Ehrb. zu Burgdorff Emanuel
1018 603 2053 733 Bretton einen Färbersgsell alhar zehalten, Barbli
1037 674 2072 810 Arm über Ihre klagende eheansprach und Schwang-
1033 730 1762 834 -rung bescheid und Antwort zegeben.
1001 1121 1982 1220 Cathryna Soom bekent den byschlaff mit Ulli
996 1198 1996 1288 Mummenthaler mit der erlütterung, daß sy
995 1236 1948 1321 ine zu Kirchen zefuehren begehre, darüber
1949 1265 1981 1316 .
986 1284 1972 1361 Er Mummenthaler Ihro die hand gegeben und
983 1329 2019 1424 beiderseits globt und versprochen einanderen zeehlichen
977 1370 2020 1466 Worüber meine gnädigen Herren es darby bewanden lassen, unnd
977 1429 2030 1516 den Ulli Herzog der Ehe ansprach halben, so gedachte
980 1462 1952 1538 Soom an ine formiert, ledig erkent; sie neben
983 1511 2014 1595 aber ermelten Herzog welcher unzucht mit ihro
971 1571 1950 1644 hat tryben wollen, ohnangesechen er die that nit
971 1625 1987 1693 verbracht, dohin verfelt, das er sy soom uß
975 1665 1979 1749 der gfangenschaft lösen, Ihro 5. daler für Ihren Costen
964 1711 1974 1786 entrichten und meine gnädigen Herren 10 thaler Zur straff erlegen
940 1755 1048 1813 solle.
956 1854 1968 1971 Jost Moser erklärt sich dass er Cathey Grüssi bi
954 1928 1908 2004 grossen Höchstetten die er geschwängeret zu
952 1963 1962 2034 Kirchen füehren wolle, Worüber ime ein zedel
947 2015 1832 2086 an Herrn predicanten zu Muri ertheilt, sy eingesegnen.
939 2138 1940 2232 Jacob Blaser von Langnauw mit Elßbeth
946 2200 1895 2292 Grettelli Burgerin alhier, an einem beliebigen
952 2223 1974 2322 Orth meinen gnädigen Herren und oberen gebiets kirchenrecht
940 2300 1415 2377 zethun, verwilliget.
2151 2362 2229 2413 121.
2188 952 2277 1022 119.
2193 1193 2265 1251 120
2298 2015 2338 2082 .
2548 627 3385 744 Mittwuchens den 21. Jan: 1685.
2591 703 3460 800 Hern Rahtsherr Fellenberg anstath meine gnädigen Herren Richters
2580 766 3406 861 Herr Decan, Herr Blaugner, Herr Steiger,
2573 826 3129 915 Herr Sultzer, Herr Lerber.
2356 924 3372 1026 Meister David Graber mit Madle Lässer zu Bümplitz,
2383 993 2984 1084 Kirchenrecht ze thun, verwilliget.
2380 1128 3395 1223 Ein Rahts Erkantnuss langet yn, dass gehalts. Ehe
2385 1191 3402 1269 und befahr Ihr Gnaden definitive erkennen wollen, Ob der
2363 1235 3354 1297 von Anna Cathryna Menzingerin der Ehe angesprochene
2350 1289 3370 1360 Duplessis begertermassen vor das Ehegricht nacher Basel
2357 1342 3367 1425 gehalten werden solle oder nit; finden Ihr Gnaden daß
2366 1375 3385 1465 bessere disers vorgehen Zelassen, das er Duplessis
2363 1429 3355 1508 in seinen grunden; warumb disere Eheversprechung
2366 1474 3343 1551 ungült sein und er drunden zu erscheinen nit schuldig
2365 1514 3341 1596 sein solte, verhört, und dieselben nacher Basel
2363 1565 3348 1651 Communiciert werden sollind; gestalten Ihr Gnaden befelch-
2356 1617 3357 1705 -liches gesinnen hiemit an meine gnädigen Herren gelanget, inne Duplessi
2363 1669 3321 1749 vor sy zebescheiden, Imme seine schrifftliche, im seine
2356 1731 3347 1798 schrifftliche so harte versprechung und warumb Er solche
2356 1764 3363 1841 verlaugnet, zu gebührender verantwortung vorzuhalten,
2347 1809 3334 1890 volgend zue seiner grunden Obgedüter massen anzehören,
2320 1853 3366 1944 dieselbe in Schrifft aufsetzen zelassen vnd meinen gnädigen Herren ynzehändigen,
2350 1903 3355 1986 Im zubefehlen volgends meinen gnädigen Herren vorgetragen damit
2348 1943 3343 2029 sy nacher Basel begleittet werden können, darby es
2333 2014 3291 2069 den verstand hat, daß Ihr meinen gnädigen Herren im wol hälffen,
2345 2040 3358 2126 und rahten möget, was zu deren besseren einrichtung
2342 2086 3330 2167 und bekrefftigung dienlich sein mag: darüber
2339 2140 3333 2217 er Herr Duplessis vor meinen gnädigen Herren erschinnen und Im Ihr Gnaden
2337 2194 3054 2277 befehl und Wägweisung eröffnet worden
2331 2285 3307 2373 Ein Citation schryben an die zu Lentzburg Johannes
2342 2354 3276 2432 Gugelman den Leüwen wihrt, von heut über 8. tag
2338 2395 2599 2475 alhar zehalten.
