3024 4032
816 993 893 1058 80.
825 1315 887 1366 81
1175 551 2051 670 Mittwuchens den 7. jan 1685.
967 673 1856 799 Mhhrn Rathsherr von Erlach, Richter
1011 744 1719 858 Hr. Blauwner, Hr Fellenberg
1000 816 1613 938 Hr. Steiger, Hr Laubner
990 962 2018 1072 Hr. Hanß Jacob Zimmerli dem neüwerwehlten
1049 1023 1964 1128 Hälfer nach Hertzogenbuchsee, mit Jungfr.
990 1064 1897 1155 Elysabeth Marlott zu Kilchlindach und an Item
995 1114 2031 1217 Den Daniel Küpfer dem Metzger mit Elysabet
997 1154 1981 1268 Im wald zu Muri kirchenrecht zuthunn
975 1198 1212 1283 bewilliget,
966 1280 2021 1374 mit einem S. von der Ehrb: zu Küngszaunt , sind
970 1340 2036 1434 alhar für mhhr. gewiesen worden, Geisten Schärten¬
970 1378 2033 1464 lyb von Bußwyl und Barbara Wägmüllerinn ein
985 1429 2032 1513 Ehefrauw von besagtem Küngsaunt, da dann selbige
977 1487 2017 1551 Ihme schärten lyb ihres ohnlängst auff die welt
983 1537 2006 1615 gezeügetes kind, in ihrer genisst zugeeignet haben
991 1585 2023 1657 soll und noch allezyt beständigen darauf verharret, er
959 1622 2017 1704 schärtenlyb zwar bekennt, daß er nur ein einziges
972 1680 1995 1747 mahl mit ihro Wägmüllerinn sich fleischlich vermischet
973 1713 1977 1777 habe und daß das kind ihme der zyt nach wohl by
968 1752 2007 1824 ohngfahr siben wuchen nicht bezüchen mögen zudem
958 1806 2025 1882 auch noch andere zu ihro gewandlet und mit ihre zu thun,
971 1840 1917 1912 gehabt haben. Wylen aber sy Wägmüllerinn ihmme
975 1880 2004 1957 schärtenlyb, daß kind noch einmahl auf eine eydsglübd
976 1921 1999 2000 beständig zugeeignet, daß ich mit keinem anderen, alß mit
968 1971 2017 2043 ihme zuthun gehabt habe. Habend meine Herren ihme Schärten
955 2004 2010 2083 lyb auch selbiges zugesprochen und daß er ihro das ge-
946 2049 2010 2114 wohnte kindtbeth und amlohngellt entrichten, dieneben
961 2098 2007 2168 ihme zugelaßen seyn solle, er dem kind einen anderen
947 2141 1995 2218 vatter suchen, da dann er fahls er beschynigen könne, daß
952 2182 1982 2259 noch andere alß er die Wägmüllerinn eingentendter maßen
960 2226 1998 2297 mißbraucht habe, er sich deßen dann soviel recht ist, zu
952 2267 1998 2347 gemeßen haben solle, mit einem S. an die Ehrb:
925 2315 1995 2396 zu mehrgedachtem Rüngesaumt sy deßen zu berichten,
2269 597 2351 695 82.
2417 578 3452 708 Auff erschynen Hr. Frantz Fischer und seiner ehefrauw
2415 651 3449 759 von Montelier, wie auch Herr Simon Galliards von Murten
2422 717 3456 813 und Hr. Cifreden Kämmann von daselbsten habend meine Herren
2406 752 3415 856 die partheyen aller wytläüfigkeit nach den Herren ufreden
2417 809 3448 894 aber in seinem bericht absonderliche nach nothurfft vernommen.
2398 843 3436 944 da dann obige partheyen beiderseits, so wohl auff der einten
2408 911 3444 989 alß anderen syten am fähler, den herren Cifrenden über seinen
2431 946 3412 1036 gethanen bericht und entschuldigung am rechten und ihn
2419 996 3418 1083 schuldig erfunden. Darüberhein meine Herren dise strytigkeit
2408 1046 3443 1129 zwüschen obig beiden partheyen (wyl es albereit eine be-
2416 1091 3428 1174 schehene sach in bestermaßen aufgehebt, ende wederen parthey
2416 1128 3403 1220 fünf Thaler zu handen der kammer auferlegt und
2429 1183 3397 1271 sy allerseits mit einer guten übermahnung zum friden
2400 1198 3388 1310 und einigkeit vermahnt, daß sy alß nache verwandte, biß
2393 1276 3408 1334 dahar beschehen in kinden gegen und mit einanderen läben und
2396 1317 3390 1392 dise vorgangene action in windschlag und vergeßen sollen,
2380 1356 3415 1426 da dann in particular, dem jungen Hr. Simon Galliard
2394 1399 3388 1482 ernstlich zugesprochen und verbotten worden gedachten
2394 1434 3343 1527 Hr Fischers ehefrauw fürs künfftig zu vermydung.
2393 1492 3401 1566 grösseren unheils und ärgerniß müeßigkeit zu gehen und
2278 1528 3392 1612 selbige nidt mehr so oft frequentiren solle, im übrig auch alle ehe
2387 1560 3373 1631 rührige wort und werck so zwüschen den partheyen diser
2369 1603 3379 1688 handels halben ergangen syn möchten in bestenformb aufge-
2376 1642 3396 1724 hebt worden, den kosten auch zwüschen den partheynen
2401 1699 3376 1778 von bester wegen compensirt und ustett geschlagen, jedoch
2379 1732 3400 1809 daß jedwedere parthey dem Hr. Cifreden Kälmann für
2381 1770 3380 1862 seine mühe und versaumbnis, einen Thaler ent-
2371 1800 2628 1857 richten solle.
2222 1875 2286 1959 83.
2351 1857 3380 1967 Weilen Hanß Rudolph von der Rüti, über die von seiner
2369 1927 3374 2012 frauwen und Hr. Cifreden  Dolter von Neüwenstatt seines
2362 1974 3376 2057 schwähers wider ihne fürgelangte eheschrifftliche klagpuncten
2425 2010 3377 2090 beschwärt über selbige in abwesenheit seiner ankleger
2376 2056 3358 2133 sich zu verantworten, sondern bekehrt, daß wyl es ein
2380 2099 3369 2152 personal sach, daß mann gemelte seine anklegere allhar
2227 2123 3351 2208 persöhnlich für meine Herren citiren, da dann er danzumahlen denselbig
2366 2184 3370 2243 mit bescheyd und antwort begegnen wollen. Ist derenwegen
2362 2226 3371 2289 ein S an die Ehrb: zu Neüwenstatt erkennt, das ober
2372 2259 3359 2345 melten Hanß Rudolph, in der Rütis ehefrauw sampt
2366 2296 3371 2396 seinem herren schwäher, dem herren Cifrenden Dollier befürderlich
2350 2350 2672 2429 allhar zuhalten,
