3024 4032
786 593 847 680 3.
943 557 2050 684 Wylen Niclaus Ulli von Reissiswyl Kilchörin Melche-
959 626 2049 733 -nan bekantlich sein müessig sich mit Elssbeth Brugger
955 684 2015 784 in Ehebruch vertrabet zehaben und sein Ehewyb Evi
944 734 1977 811 Gudel desswegen, ohngeacht seines umb verzeihung
955 786 1998 867 bittens, uf die Schidigung getrungen, Als habendt
972 820 2017 928 meine gnädigen Herren das Eheliche band und pflicht, lauth gsatzes,
953 882 1992 971 zwüschen Ihnen under dem vorbehalt dess gewohnten
940 939 2014 1015 wahrtzihls aufgelöst, imme Ulli sein by ihre Gudel
956 994 2019 1059 seiner abgescheidenen Ehefrau erzügetes kindt zuge-
905 1036 2026 1125 sprochen, mit einem s. an Herr Landtvogt zu Trachsel
949 1084 1978 1165 waldt, sy beiderseits wegen ihres zusamengebrachten
932 1135 1617 1215 Zeitlichen Guts halben zuvergleichen
1621 1137 1993 1219 :Im übrigen solle
939 1184 2010 1282 Er Ulli alhier abbüessen. Den 21. diß. ist Er über
940 1225 2029 1320 sein aussgestandene abbüessung, mit einer guten Censur erlassen
928 1288 2002 1369 und ein s. an die Ehrbaren zu Erisswyl erkent worden.
927 1340 1525 1436 Imme die Depracation abzenemen.
2216 1752 2260 1828 5.
2212 1110 2342 1214 4.
2598 635 3443 747 Mittwuchens den 5. Nov: 1684.
2635 708 3409 811 Mein gnädiger Herr Rahtsherr von Erlach, Richter.
2639 770 3388 860 Meine gnädigen Herren Rahtsherr Müller, Herr Decan,
2635 826 3451 933 Herr Blaugner, Herr Fellenberg, Herr Steiger
2613 895 3259 993 Herr Sultzer, Herr Lerber.
2395 1051 3418 1175 Hans Stähli von Oberhofen und sein Ehewyb Cathryn
2379 1134 3431 1235 Osswaldt, erscheinend abermahlen, als stryttige Eheleüth
2385 1178 3397 1273 wider einanderen, umb die schidigung anhaltend, wylen
2378 1224 3444 1328 sy einander nit lieben und guts thun könnind noch wollind; darüber
2377 1271 3389 1393 meine gnädigen Herren In ansechen sy keine gnugsamme gründ der Schidigung
2373 1313 3385 1433 halben finden können, sy die partheyen nochmahlen
2374 1371 3356 1464 zum friden und einigkeit vermahnt, und ein schryben
2361 1411 3421 1504 an Herr predicant zu Oberhoffen erkent, daß er
2361 1476 3371 1591 so bald er alhar kommen werde, sich by mine gnädige Herr Decan
2371 1542 2662 1636 anmeld solle.
2340 1709 3376 1829 Christen Perrets ussem Ambt Sanen ungegründte
2361 1777 3349 1862 und unbewisene Ehransprach an Christyna Brandt
2365 1816 3384 1916 auch von dasselbst, ist uf Ihr widersprechen für
2356 1863 3377 1952 nichtig und ungültig erkent, sy beiderseits widrumb
2364 1907 3370 2003 in vorige Freiheit gesetzet und Inen nachgelassen sich
2352 1955 3373 2071 nach glück anderwertig zeverehelichen; hieneben aber
2361 2000 3376 2110 sy Brandin oder Ihr vatter, wylen sy Ermelten Perreth
2352 2053 3339 2139 mit anerbietung 55 kronen habend hinwegg und außkauffen
2337 2100 3365 2190 auch einen meiner Herren mit zweyen thaleren beschänken undt
2348 2138 3320 2239 bestächen wollen, dahin verfelt, daß Er gedüte
2345 2186 3304 2295 summ der 55 kronen alß Confisciert guth, zu handen der
2342 2239 3376 2325 Cammeren entrichten solle: Im übrigen, wylen sy einander in unzucht
2356 2275 3354 2382 beschlaffen, sollend sy alhier abbüeßen, Ein Jedes sich selbste
2347 2349 3339 2447 außherlösen, und der Costen zwüschen den Partheyen
2312 2386 3365 2493 Wettgschlagen sein. Den 10. diß. langet ein Rahts Erkant-
2350 2443 3346 2530 -nus yn, deß inhalts, daß Mine gnädige Herren obige erkantnus bester
2332 2485 3373 2579 form bestättiget, und obwohlen darüberhin gedachter Perreth
2361 2530 3337 2620 meinen gnädigen Herren angebracht, was massen sy Brandin imme sithar in der
2341 2563 3330 2655 gfangenschaft die Ehe versprochen, welches er durch die gfangnen
2333 2597 3332 2674 bewysen wolle, habend meine gnädigen Herren nachdem sy von den gfangnen verstanden
2312 2632 3344 2712 dass sy ihres vatters willen heiter vorbehalten, und er der Vatter sich
2338 2677 3381 2739 bestendig darwider setzt, obige Erkantnus auch bestettiget.
