3024 4032
723 2305 814 2374 125.
751 1453 830 1515 123.
736 1681 831 1760 124.
780 953 857 1027 122
1181 575 2046 706 Frytags den 23. Jan 1685.
1245 649 2039 761 Meine gnädigen Herren Rahtsherren von Erlach Richter.
1251 722 2001 807 Meine gnädigen Herren Rahtsherr Müller, Herr Decan,
1234 763 1969 868 Herr Blauwner, Herr Fellenberg,
1239 829 2042 939 Herr Steiger, Herr Sultzer, Herr Lerber,
990 942 2024 1051 Ein S. an die Ehrbaren zu Zoffingen erkent, Rudolff
996 1003 1961 1078 Müller, welcher sich beklagt ab Johannes Ächler
969 1073 1996 1128 was massen er umb einer unbekantlichen Schuldt
971 1106 1982 1185 willen, so wegen seiner abgescheidnen Näffin her-
980 1178 1999 1248 -kommen, im biss uf einen Lybhafft getriben, gegen
967 1203 1994 1299 Imme Ächler nochmahlen zeverhören, und sy wo müglich
957 1268 1999 1351 zevergleichen; widrigen fahls aber sy beiderseits
965 1318 1253 1402 alhar zehalten
963 1410 1976 1511 Ein s. an die Ehrbaren zu Bremgarten erkent, den
963 1468 2004 1550 Hans Schürer von Niderlindach uf necht künfftig
962 1519 1433 1602 Montag alhar zehalten.
929 1623 1981 1736 Anne Testaz nit gnugsam bewisene Ehransprach an
941 1690 1985 1792 Abraham de la Rottaz ist uf sein widersprechen, für
951 1742 1983 1812 nichtig erkent, und wyl er sy geschwängeret, dahin
953 1791 1958 1861 verfelt, daß er Ihro das gewohnte Kindtbeth
942 1825 1979 1909 und amlohngelt aussrichten, das kind so sy es halb-
934 1873 1868 1973 -herig zu seinen handen nemmen, und sy uss der
938 1912 1988 2024 gfangenschafft lösen solle; Im übrigen ist Inen beider-
932 1964 1939 2060 -seits zugelassen drinnen abzebüessen, mit einens den
935 2012 1958 2110 Junker L. vogt zu Rillion dessen zeberichten, und dass
942 2051 1950 2164 sy in Ihrer genisst, umb den Rechten vatter des Kindts
919 2123 1309 2218 befragen zelassen.
941 2214 2001 2347 Elssbeth Winkler ist über vorgewisene aufgefuerte
938 2290 1970 2384 Verrueff wider Hans Heinrich Knecht, die Scheidigung
929 2321 1982 2411 erkent und ihro ein s. an die Ehrbaren zu Zoffingen erkent,
925 2375 1956 2468 sy ihrer Costens anforderung gegen den synigen, als welche
926 2414 1949 2502 hievor sich diser Sach halben, auch angenomen, zevergleichen
922 2453 1771 2562 Widrigen fahls die partheyen alhar zehalten.
2613 654 2862 735 Wirt der
3172 693 3237 751 von
2399 694 3332 794 Hans Süri  ungegründte Ehransprach an Babi
2187 721 2286 813 126.
2403 748 3262 847 Kaltenschmid, als welchen sy zugleich der
2397 807 3362 878 Schwängerung beklagt, wylen aber er wiewol er
2390 856 3406 948 dess byschlafs bekantlich, Ihre der eheversprechung
2094 867 2142 939 #
2085 899 2354 968 ausrichten, sy uß
2397 915 3375 987 halben, keines wegs gestendig sein wollen, vnd sy Ihre
2085 947 2354 1004 der gfangenschafft
2394 952 3369 1038 Ehransprach nit beweisen können, als habend meine gnädigen Herren
2077 980 2366 1028 lösen und das kind so
2085 1004 2354 1060 es halb Jerig zu seinen
2400 1002 3402 1085 selbige für nichtig und ungültig erkent, sy beiderseits
2067 1033 2349 1093 handen nemmen solle.
2384 1054 3395 1132 zue abbüesung in die gefangenschafft und inne Suri dahin
2077 1070 2378 1134 Den 8. May habend meine gnädigen Herren
2074 1109 2375 1161 erkennt, daß er sinen
2400 1089 3422 1177 verfelt, daß er ihra das gewohnte Kindtbeth und Amlohngält #
2073 1136 2372 1186 ihra kaltenschmid dass
2077 1168 2381 1229 ihre aben zugesprochen
2401 1142 3396 1229 Herr Chorschryber Mathey klagt ab Bendicht Staufer
2076 1194 2393 1260 kindbeth und amlohn
2391 1206 3412 1278 seinem alten haußmann, daß er ihne vor meine gnädigen Herren wänner
2085 1247 2389 1285 gellt außrichten und
2389 1246 3402 1316 verklagt, daß er ihm habe geheißen an einem sontag
2077 1274 2373 1314 das kind, wylen eines
2373 1278 3399 1349 ambt einführen, welches aben ihme bedaurlich fürkommen,
2086 1299 2372 1350 ihro worden zyt genommen,
2372 1313 3417 1399 er kauffmann aber zwar bekantlich, daß er vor Chorgrecht
2073 1325 2357 1384 behalten und in seine
2084 1360 2377 1418 Kosten ohne abbruch obige
2377 1342 3413 1419 zu Kirchlindach solches geredt, habe aber ihme herren chorschryber
2085 1398 2365 1444 zsprechgellts erhalten
2365 1382 3411 1459 darmit unrecht gethann; ist zu seinen wohl verdienten
2078 1421 2196 1495 solle;
2374 1421 3401 1508 strafft biß abends, haben erkennt und das er
2366 1461 3405 1537 ihme Chorschryber deßwegen umb verzeichung pitten solle,
2357 1497 3386 1559 Ist hierauf dem herren Chorschryber heimbgestellt, ihren der
2364 1546 3398 1603 Gefangenschafft halten zuerlaßen; hat ihme auch derselbig
2360 1569 3387 1667 auf sein umb verzeihung hin, der Gefangenschafft erlasenn.
