3024 4032
655 1620 771 1701 Schmid
729 1849 819 1942 160.
736 2185 815 2255 161.
623 2247 860 2321 von Huttwyl
763 919 861 1009 159.
893 1449 937 1534 6
1176 572 2001 691 Montags den 2. febr 1685.
1228 650 1981 756 Meine gnädiger Herr Rahtsherr Müller Richter.
1219 699 2061 821 Hr. Decan, Hr. Blauwner, hr. Fellenberg,
1212 756 2011 871 Hr. Steiger, Hr. Sultzer, Hr. Lerber.
971 892 1978 1028 Jacob Käntzig us dem Ambt Bipp, welcher von
982 974 1953 1068 Ursula Obrecht, mit klagender Schwängerung der
986 1023 1961 1124 Ehrangesprochen wirt, hat sambt Ihre die Classes
964 1061 1964 1176 der gefangenschafft ausgestanden, da dan dessen
976 1111 1925 1210 ungeacht, sy uf ihrer anklag, Er aber vf seiner
975 1155 1958 1263 Negatio sowol der Eheversprechung als des
972 1206 1989 1308 byschlaßen verharret, Worüber meine Herren sy einmahl
972 1248 1976 1339 erlassen, undt ein s an Herrn Vogt zu Bipp erkent, sy
969 1300 2021 1390 Obrechtin zu Ihrer genist midt grösten geburts schmertzen
975 1341 2014 1429 umb den Rechten Vatter Ihres Kindts ernstlich Exami-
969 1385 1989 1472 -nieren undt befragen Zelassen, undt die Partheyen nach
957 1426 1982 1513 Ihrer genisst undt bek Kindtbeth, sambt dem erforder¬
958 1487 1997 1563 lichen bericht, wie auch was Lümbdens sy seyen alhar
955 1524 1996 1588 gehalten, midt denzmahlen die Margredt Schmid, deren
955 1554 1963 1629 Er der Eheversprechung bekantlich, auch widrumb
961 1602 1996 1667 alhar geweisen, den 6. tag aprilis erscheint er Käntzig, wie
959 1654 1980 1693 auch die Margredt und Ursula obrecht sein Anklegerin mit
950 1690 1948 1741 einem berichtschryben von Hr. Vogt zu Bipp, daraus achts ersechen
937 1715 2023 1774 wasmassen sy obrechtin in ihren grösten geburts schmertzen obgedachten
937 1752 2032 1791 Rantzig ihr kind zugeeignet, Worüber meine Herren, wylen er dessen ohngeacht
939 1778 1973 1841 uf seiner negatio verharret, die sach mahl vorgetragen erkent.
925 1839 2003 1919 Hans Capar Stand von Estheim, einem Kupferschmid
942 1900 1947 1983 so alhier by mr Sprünglin in diensten, mit Anna
933 1941 1969 2021 Grossman von Arburg zu Künitz, kirchenrecht
913 1986 1343 2085 zethun, verwilliget.
925 2137 1954 2237 Mit einem S. von der Ehrb, zu Burgdorff, werden
936 2202 1925 2265 meine Herren berichtet, wasmassen Vreni Pfister mit
930 2248 1932 2315 zueignung Ihres uf die Weldt, gebrachten Kindts
925 2279 1979 2359 der Ehe anspreche, Melcher Röschli alß der ihro gesagt
924 2322 1931 2394 er wolle sy nit beschyssen, welcher aber, darüber als
928 2362 1931 2414 er gfencklich eingezogen worden, us der gfangenschafft
924 2409 1919 2478 gebrochen und sich geüsseret. Worüber nicht ein s.
918 2444 1958 2509 an die Ehrb: zu Luttwyl erkent, sein Röschlis vatter
909 2488 1922 2549 solle dahin trachten seinen Melcher alhar zuen Rechten
929 2518 1961 2597 gehalten, mit betreüwen, wo selbiges nit befurderlich
910 2573 1921 2655 gescheche, daß nun andere mittel anwenden werde.
2102 2194 2214 2300 164.
2200 754 2261 824 162
2371 750 3431 849 Jeanne Francoise Cuesiet, welche vermag bericht schrybens
2394 827 3364 900 von La Rippe verklagt wirt, daß sy mit Pierre
2350 875 3395 944 Jean Barbier einen ehebruch fähler in ihrem und ihrer
2398 903 3379 994 Mutter Beth, neben der Mutter begangen erscheint nun
2385 956 3355 1034 sambt der mutter er Barbier aber nit, als der sich
2391 1002 3355 1086 fortgemacht haben soll, da dan sy die Dochter des
2398 1043 3388 1137 fählers bekantlich, die mutter dan, sich darmit ent¬
2388 1098 3378 1177 schuldigen wollen, daß sy des Barbiers nit inen worden
2389 1146 3377 1227 und nit geführt, daß er in ihrem beth by ihrer dochter
2370 1183 3397 1274 gelegen seye. Worüber ihr die Mutter und dochter
2372 1235 2756 1324 einmahl aben erkent.
2161 1538 3384 1653 163. Anna Äbis ungegründte Ehe ansprach an Vetter Pryman
2373 1610 3372 1677 ist uf sein widersprechen für nichtig und ungültig erkent,
2369 1653 3347 1712 sy beiderseits widerumb in vorige freiheit sich nach glück
2366 1680 3371 1748 anderwertig zeverehelichen gesetzet, hieneben aber sy beider
2368 1741 3335 1778 seits wegen mit einanderen begangnen fählers aber zur
2362 1764 3308 1829 abbüessung erkent, undt Er Pryman dahin verfelt
2362 1800 3312 1882 Sy uss der gfangenschafft zelösen, und wylen er sy
2353 1842 3356 1922 geschwängeret, soll er Ihre das gewohnte Kindtbeth undt
2355 1887 3325 1956 Ammlohngelt aussrichten, und das Kind so es halbjerig
2349 1926 3350 1988 zu seinen handen nemmen, oder anderwertig in seinem Costen
2352 1964 3075 2042 verdingen und zu gebühr auferzüchen.
2283 2193 3281 2261 Dienhard Goss begert der Schidigung, wider Babi
2353 2242 3340 2314 Wägmüller, wegen Ihres begangenen Ehebruchfählers
2332 2296 3334 2350 worüber in Ihr zuansechen sy bekantlich sein mussen sich
2346 2321 3343 2395 mit in Ehebruch vertrabet ze haben
2343 2361 3316 2439 und er ohngeacht Ihres umbverzeichung bittens, sich nit
2345 2400 3318 2473 begüetigen lassen wollen, das eheliche band und pflicht
2347 2435 3341 2490 underem vorbehalt der gesatzmessigen wahrtzihlen, aufge¬
2338 2482 2950 2552 lößt und sy ledig von einander abgescheiden.
