3024 4032
1200 581 1993 727 Fryttags den 21. Nov: 1684.
1242 662 1971 765 Mein gnädiger Herr Rahtsherr von Erlach. Richter.
1251 731 1973 826 Herr Decan, Herr Blaugner, Herr Lerber.
732 845 867 918 27.
867 813 2045 930 Herr Niclaus Schmaltz mit Jungfrau Anna Cathryna Gärber
924 877 1988 983 zu Künitz, Item Herr Hans Jacob von Diessbach
929 932 2004 1045 mit Jungfrau Johanna Rosyna Stüeler zu Bollingen
922 978 1482 1057 Kirchenrecht zethun, verwilliget.
1333 1001 1683 1090 adv. Herr Sultzer
730 1167 2029 1270 28. Lorentz Zäller ist wider sein von Imme gef gelüffenenes
923 1246 2035 1352 Ehwyb, Susanna Haldiman ein verruffbrieff erkent.
751 1503 832 1576 29.
914 1424 2008 1527 Hans Geörg Heiniman + von Basel, hat sich erlütteret
914 1494 1990 1591 und meine gnädigen Herren globt, Elßbeth Stebler von Arberg die
603 1526 878 1623 + ein schnyderknecht
918 1553 1972 1652 er geschwängeret und deren er die Eheversprochen
909 1589 2003 1695 zu Kirchen zefüehren NB diser Heiman gibt für daß
898 1632 2020 1740 seine Elteren gestorben ,und dass er einen Vogt zu Basel
913 1683 1970 1787 habe, der Fridrich Ochss heisse; Worüber meine gnädigen Herren
914 1722 1962 1838 imme ein Hochzyth S. an Herr Predicant zu Seedorff
912 1786 1674 1888 ertheilt umb sy daselbst einzesegnen.
902 1933 1271 2046 Niclaus Müller
751 2045 1979 2169 30. Ludwig Lerber bekent nun, daß er mit Cathry
909 2122 1982 2210 Dietschi, welche imme das Kind in Ihren grösten geburts
889 2147 1997 2267 schmertzen zugeeignet, sich vermischt und in Ehebruch ver-
916 2209 1985 2313 trabet. Worüber meine gnädigen Herren sy beiderseits zur abbüessung
918 2250 1960 2346 erkent: und Ine Lerber dahin verfelt, daß er sy uss
914 2276 1985 2382 der gfangenschafft lösen, Ihro drey Cronen für die Kindtbeth
900 2368 1174 2445 und 6 kronen für
1173 2334 1985 2413 den halbjerigen Ammlohn ausrichten, das Kind
908 2378 1992 2476 so es halbjerig zu seinen handen nemmen, oder anderwertig in seinen
897 2414 1950 2517 Kosten verdingen und in gebühr auferzüchen, auch dem Heinrich
897 2447 1964 2580 Widmmer für seine mit gedachter Dietschi erlittene Costen und
904 2475 2008 2600 versaumnus 2 kronen bezahlen und dasjenige, was er zu ausserlösung
895 2531 1987 2658 der gedachten Dietschin dem Herr Chorweibel entrichtet ersetzen solle
2218 1287 2282 1384 31
2219 1575 2297 1634 32
2211 1779 2296 1860 33
2049 2538 2354 2628 # zutagschaffen, daß
2047 2601 2343 2664 er auß wenigst den
2065 2636 2234 2681 gebührenden
2236 2636 2360 2684 Zinss
2077 2667 2369 2716 von dem Capital theil¬
2058 2687 2314 2737 hafftig werden möge
2534 606 3417 768 Montags den 24. Nov: 1684.
2399 758 3299 867 Mein gnädiger Hrr Rathsherr von Erlach, Richter.
2414 821 3364 937 Herr Blauner, Herr Steiger, Herr Sultzer,
2506 881 2811 983 Herr Lerber,
2394 1012 3419 1133 Herr Heinrich Bodmer von Zürich, wider Herr
2416 1076 3429 1188 Isaac Krafft Hälfer zu Hertzogbuchsee, das-
2379 1145 3166 1231 andere mahnungs schryben ertheilt.
2697 1214 3095 1322 Adv. Herr Decan.
2370 1282 3339 1429 Abraham Binder dem advocaten innamen Herren
2389 1355 3433 1458 Heinrich Bodmers von Zürich wider Herren Isaac
2380 1412 3389 1510 Krafft Hälfer von Hertzogbuchsee, das andere
2383 1447 2916 1547 mahnungs schryben ertheilten,
2368 1530 3415 1655 Hanß Adam Johoh. außem Margraffen Landt
2380 1609 3427 1707 mit Madlena Meyer von Krattig, Kirchenrecht-
2360 1663 3367 1779 zuthun bewilliget; mit einem ofnen zedeli;
2363 1747 3419 1874 Auff eingelangten Raths zedell Jacob Lienhardt
2385 1827 3403 1913 und Anna Luscher, streitige Eheleüth betreffend;
2376 1883 3415 1972 Daß weilen Herr Lienhardt den angeklagten unbrüchen
2362 1925 3359 2024 heit halben weder bekantlich, noch wider ihne deswegen
2363 1962 3361 2066 etwas einiches bewiesen ist alß habend meine gnädige Herren
2363 2008 3405 2130 keine gnügsammen ursachen zu der begehrten schidigung
2361 2049 3257 2167 finden können. Derentag disere sach meine gnädigen Herren
2373 2088 3395 2218 widrumb zuwysend und denselben überlaßend und;
2364 2147 3337 2252 ihne Lienhard nochmahl alles ernst zuhanden zu
2367 2206 3396 2309 nemmen. Es seye mit gefangenschafft oder wie meine gnädigen Herren
2365 2236 3315 2343 es thunlichen erachten werden, nach befinden mit ihme
2342 2282 3401 2387 zu procediren; habend meine gnädigen Herren ihne über seine albereit
2361 2335 3401 2435 ausgestandene gefangschafft einmahl mit einer vermahnung
2365 2377 3389 2485 erläßen, mit einem S. an die Ehrbaren zu Brittnauw, daß
2364 2413 3266 2522 meine Herren sy widrumb zusamen gesprochen, mit dem
2368 2461 3380 2551 Gesinnen an bemelte Ehrbaren sy auch zur einigkeit und ihrer
2361 2516 3375 2610 flücht beiderseits ernstlich anzumahnen, und auf ihr Läbwesen
2368 2554 3379 2652 gute auffindt zu halten, auch sein Lienhardts halben weg auf ihren
2362 2601 3389 2696 habenden verdachts grundtlich er nachzuforden, umb hernach meinen gnädigen Herren
2384 2633 3388 2711 bekandtnus der sach, umbstandtlicher zu berichten und weilen
2386 2666 3380 2758 dis erklagt, das er von seiner frauwen mittlen nichts genießen; -
