3024 4032
787 2343 883 2431 105.
824 964 924 1027 102.
841 1201 932 1274 103.
829 1411 924 1488 104.
1191 580 2046 701 Mittwuchens den 14. Jan: 1685.
1234 654 2008 763 Meine gnädigen Herren Rahtsher von Erlach Richter,
1249 712 2051 828 Hr. Decan, Hr. Blaugner, Hr. Fellenberg
1193 775 2027 899 Hr. Steiger, Hr. Sultzer, Hr. Lerber.
1068 938 2069 1058 Andres Erhard dem neüw erwölten Predicanten
1018 995 2005 1096 zu Büren, mit Jungfer: Cathry Salome Wäber,
1007 1058 2015 1164 zu Bremgarten Kirchenrecht zethun, verwilliget.
1061 1174 2002 1275 Hans Jacob von Sonstetten mit Jungfer Rosyna
1002 1240 1992 1310 von Lautternauw zu Bümpliz Kirchenrecht zuthun,
994 1282 1239 1365 vergünstiget.
991 1415 1978 1495 Über eingelangetes berichtschryben, worb was massen
1001 1472 1962 1526 Niclaus Gfeller Anna Bögli seiner Stieffmutter
988 1511 2013 1596 schwöster zu ehelichen begehre, habend meine gnädigen Herren ein antwort
981 1562 1950 1638 s. erkent, die partheyen beiderseits alhar zehalten
989 1613 1967 1688 und daß under dessen in der Chorgrichts Satzung
986 1656 1951 1734 nachgeforschet werden solle, ob disere ehe zulässig
984 1562 2011 1646 seye oder nit. Den 16. diss sind sy erschinnen; Worüber
977 1745 1930 1815 mehr nach verhör der Partheyen, wylen die
970 1796 1957 1872 Alte Satzung solche heüwräht verbietet, die neme
979 1835 1989 1909 aber kein meldung darvon thut, nohtwendig gefunden,
976 1880 1836 1966 die sach als zweifelhafftig, meinen gnädigen Herren vorgetragen.
916 1919 1994 1998 Den 21. diß langet ein Rahts erkantnuß syn, des inhalts,
808 1982 1983 2037 daß ihr Gnaden nit finden, daß der Heüwraht zwüschen
959 2014 1980 2070 Niclaus Gfeller und seiner stiefmutter schwöster, wider
964 2053 1962 2128 das gesatz seye, und Weilen da kein verwandtschafft auch
962 2106 1948 2181 dises nüt Neüwes, sonder dergleichen mehr practiciert
941 2150 1986 2199 worden, solches auch nit verhinderet werden könne; Worüber
967 2195 2005 2259 meine gnädigen Herren obgedachten Eheverlobten ein hochzyth zedel ertheilt
970 2222 1675 2293 an herren pred zu Worb, sy yngesegnen
959 2317 2011 2410 Salome Gerber wider Christen Ählen von Sanen Ihren Eheman
953 2386 1950 2444 der sich des landtsgeüsert, ein verruff brieff ertheilt
959 2426 1960 2496 zu Sanen zeverläsen. Den 11. Marty 1685 habend meine gnädigen Herren
956 2458 1918 2518 den  verruffbrieff wider Christen Älen uf seiner mutter
953 2503 1983 2576 fürbitt biss uf nechts osteren eingestelt und erkent, daß
931 2561 1972 2636 die Gerberin sich diesmahlen widerumb vor meine gnädigen Herren stelln solle.
2136 2285 2218 2351 108.
2162 1845 2252 1907 107.
2217 647 2331 732 106.
2295 1821 2340 1890 .
2398 609 3418 715 Ein s. an die Ehrb: zu Bavois, sy Duplessis von
2411 687 3394 770 heüt über 8 tag alhargehalten, umb meinen gnädigen Herren befehl
2371 727 3438 810 so underem 13 Jan: Jüngsthin, eingelanget gnug zethun.
2469 1471 3252 1586 Fryttags den 16. Jan: 1685.
2503 1541 3285 1630 Herr Fellenberg anstath meine gnädigen Herren Richters
2536 1597 3303 1678 Herr Decan, Herr Blaugner, Herr Steiger,
2501 1640 3081 1723 Herr Sultzer, Herr Lerber.
2596 1758 2695 1835 begert
2368 1798 3294 1894 Hans Tröler mit Barbara Ellen zu Neüwenegg
2362 1855 3304 1927 Kirchenrecht zethun, ist dahin gewisen, wylen sein
2356 1906 3330 1970 Ehefr: sel erst neüwlich gestorben, daß er ein monath
2356 1942 3319 2001 lang warten und hernach die gewonten schynen für
2335 1977 3235 2055 ine und sein Eheversprochen fürwysen solle.
2320 2258 3297 2344 Nach dem Maria Hälmer sich erklärt, wylen sy mit
2332 2338 3288 2396 als grossen widerwillen von dem ihre zugesprochenen
2338 2363 3250 2423 Johann Fridrich Kydt geführe, er auch nit ihrer
2319 2399 3264 2469 Religion seye, daß sy wofehr er Ihre die hievor Ihme
2326 2429 3336 2505 auferlegten 20 daler entrichte, by der in dem anfang zwüschen
2308 2476 3312 2558 inen erkanten separation verblyben wolle; Worby meine gnädigen Herren
2315 2508 3298 2582 auch uff betrachtung daß inen erst fürkomen, daß er noch
2323 2542 3333 2612 under Jahren und desswegen von den synigen könte gezogen worden
2317 2575 3329 2652 hiemit bewänden lassen; Im übrigen inne wegen seines varierens
2308 2617 3300 2675 umb 5 daler gestrafft und erkent, daß Er das gfangenschaft
2327 2656 2766 2721 gält für sy entrichten solle.
