3024 4032
748 583 810 645 16.
735 1034 831 1096 17.
579 1334 629 1397 #
586 1369 856 1467 Sussanne Rappin
907 551 2048 723 Bentz Roht von Münsingen und Anni Stoss von
931 639 2023 762 Mühliberg, welche einander verdächtig besucht, erklärenden
940 705 1258 795 sich beiderseits,
1258 715 2016 835 dass sy einanderen zu Münsingen
918 780 2000 873 zu Kirchen gefüehren begerend. Worby meine Herren es
932 822 1339 910 bewänden lassend.
905 1019 948 1101 Uf
970 987 2018 1090 Marc Bioteys von Vätterlingen abermahliges
911 1062 1359 1144 erscheinen und erklagen,
1361 1060 1980 1157 daß Inne die dublonen
904 1118 2032 1212 so Er der von Imme ledig gesprochnen Judith Banguette
904 1172 2046 1269 gegeben, nit zur hand bringen könne, habend meine gnädigen Herren erkent,
915 1241 1998 1332 dass fahls er mit der Ehrbaren zu Pätterlingen abge-
918 1287 2018 1380 schaffet hätte, Ime Biotey die dublonen restituiert
916 1338 2026 1443 werden solle; Betreffendt, die zwüschen imme Biotey
919 1408 2046 1483 und seiner Abgescheidene annoch sich enthaltende stryttig-
898 1470 2031 1543 -keit, sollend die partheyen, fahls sy zu Pätterlingen
900 1509 2017 1600 nit könten verglichen werden, alhar für meine gnädigen Herren gehalten
870 1564 2011 1663 werden. Ansehend dass Er Biotey sich anderwertig
866 1620 1941 1731 zeverehelichen und desswegen verwilligung begert,
888 1675 2014 1791 Ist Er dahin gewisen worden, dass uf sein wider
898 1725 2029 1834 alharkunfft, die Jenige person mit deren Er sich ver-
905 1787 1987 1896 -ehelichen will, Er mit sich bringen und mit Ihre
885 1844 1487 1977 sich vor meine gnädigen Herren stellen solle.
2165 2079 2224 2137 24
2173 1687 2266 1766 20.
2198 822 2316 925 16.
2320 1026 2351 1055 .
2213 1191 2272 1281 19.
2620 557 3418 677 Mittwuchens den 17. Nov 1684.
2644 620 3381 706 Mein gnädiger Herr Rahtsherr von Erlach. Richter.
2650 673 3354 770 Herr Blaugner, Herr Steiger, Herr Sultzer.
2622 719 2891 802 Herr Lerber.
2318 778 3410 910 Herr Marquard Zächender mit Jungfr Maria Willading
2378 872 3357 961 Im Krauchthahl. Item Herr Sammuel Guggisperg mit
2375 922 3417 1010 Jungfrau Anna Cathey Grobeti zu Bümpliz Kirchen-
2372 985 2845 1068 Recht zethun, verwilliget.
2374 1151 3373 1263 Verena Stirnenman von Grämilen ist Hansechen Ihres
2386 1214 3375 1310 mit gebrachter S. von dem Herr Landtvogt zu Lentz-
2387 1260 3355 1359 burg wider Ullrich Sandmeyer von Eglingschwyl
2336 1311 3410 1398 Ihren vor ohngfahr 3 Jahren uß dem Land geträttenen
2367 1348 3403 1436 Eheman einen Verruffbrieff ertheilt, zu Seengen ze
2377 1408 2524 1500 -verläsen.
2365 1647 3340 1751 Verena Ris Ist in anseches Ihres fürgelegten von den
2355 1712 3329 1813 Ehrbaren zu Oftrigen erhaltenen berichtschrybens, was massen
2364 1751 3364 1838 Cunrad Schmitter ihr eheman wegen begangenen zweyen
2360 1786 3301 1900 Ehebrüchen, des Landts verwisen worden, uf Ihr
2362 1831 2958 1939 anhalten, die Schidigung erkent.
2340 2004 3365 2126 Elssbeth Schowalder wirt vermog S. von dem Herr Commer-
2354 2049 3360 2159 -dant zu Arburg, nit nur von Petter Roht im Mühlithal
2359 2105 3317 2196 sondern auch von Cunrad Bär der Ehe angesprochen, und
2343 2140 3340 2240 zwar von gedachtem Bär auch dess byschlaffs beklagt
2349 2196 3340 2280 Welche aber, wiewohl sy gegen beiden der Ehe versprechung
2338 2234 3321 2335 bekantlich, sich dahin entschuldiget, daß gedachter Bär
2326 2284 3323 2396 Ihro fürgeben, und sy beredt, alss ob Er roht sich nit wohl
2343 2323 3286 2437 gehalten, und alß ein (st) Hurenbub mit dess Weibels
2331 2358 3328 2474 Dochter im Gottenwyl inn Zoffinger Bahn vertrabet hatte,
2336 2420 3332 2533 darüberhin habe sy imme die Eheversprochen, wylen es sich aber
2343 2458 3347 2560 nit erfinde, und Er den Roht also verlümbdet, begähre sy seinen
2335 2510 3312 2600 Nüt, sondern wolle gedachtem Roht die Eheversprechung halten;
2328 2555 3312 2673 Betreffend den von Sythen dess Bären geklagte byschlaff, so
2356 2611 3294 2712 seye sy desswegen gantz unschuldig, wylen aber Er daruff
