3024 4032
756 1619 837 1680 136.
751 1984 837 2053 187.
724 2246 835 2316 138.
780 882 872 956 135.
1117 507 2053 674 Mittwuchens den 28. Jan: 1685.
1185 625 1988 737 Meine gnädigen Herren Rahtshr. von Erlach, Richter.
1154 677 2070 812 Hr. Blaugner, Hr. Fellenberg, hr. Steiger
1206 738 1823 845 Hr. Sultzer, Hr. Lerber.
992 843 1991 997 Hr. Haubtman Elie de Montet begert ver-
995 944 1998 1056 -willigung sich anderwertig zeverehelichen; Ist Ime
981 1005 2023 1088 vergünstiget, Jedoch weilen er wegen seiner selbs
983 1052 2036 1163 bekenten impotentz von seiner hievorigen Eheparthey
967 1098 1984 1186 gescheiden worden, daß seiner Ehe verlobtin
976 1138 2006 1243 selbiges nit durch den Hr. Landtvogt zu Chillion
989 1192 1997 1296 nit zuthun, dess herrn Predicanten daselbst solle
984 1241 2020 1347 eröffnet werden mit bedüten, wan sy inne dessen
982 1305 2018 1384 ohngeacht Ehelichen wolle, man Ihro seiner impotent
963 1340 2008 1437 halben kein ghör geben werde, dessen der Hr. Landt-
968 1397 1662 1481 -vogt mit einand berichtet worden.
953 1582 1987 1661 Herrn Gfatter Galliard von Murten dem Neüw-
967 1648 2011 1699 -erwölten Predicant zu Rattelfingen mit jungfr:
949 1682 1956 1739 Margreit Fellenberg zu Küniz. Item Niclaus
969 1728 1972 1793 Boss und Madle Riem beide von Kilchdorff zu
958 1767 1812 1842 Muri Kirchenrecht zethun, verwilliget.
902 1945 1973 2041 Marguerite Macicot wider Jean Perhset Ihren
943 2023 1973 2075 aussgeträttenen Eheman, über aussgefüerte Ver-
952 2046 1515 2119 -rieff die Schidigung erkent.
931 2218 2021 2322 Elssbeth Beyer von Langenthal erscheint widerum
937 2286 1960 2362 gegen Johannes Gugelman dem Leüwen wihrt
930 2319 1960 2380 zu Lentzburg, und beharret nochmahlen, daruff
849 2345 1972 2444 daß er sy zu Lentzburg in seinem eigenen losament
927 2398 1964 2472 beschlaffen undt missbraucht habe, welches Er aber
931 2437 1950 2522 gentzlich verneinet und in allweg unschuldig sein will;
924 2470 1975 2554 Worüber meine gnädigen Herren wylen sy die classes der gfangen¬
934 2509 1942 2602 schafft beiderseits aussgestanden, die Sach meinen gnädigen Herren
924 2544 1950 2627 vorzetragen erkent. Den 30. diß, habend meine gnädigen Herren uß ihr
927 2597 1975 2667 Gnaden Rahts erkantnus ersechen, wie daß er Gugelman von ihrer
930 2631 1728 2710 anklag und auch des Eydts halben liberiert seye.
2149 1863 2225 1931 141
2122 2198 2224 2257 142.
2119 2393 2212 2459 143.
2192 647 2299 731 139.
2199 1202 2272 1260 140
2326 1164 2355 1266 .
2387 620 3394 719 Wegen Anna Moser ist ein antwort s. an die
2417 699 3434 772 Ehrbaren zu Curr erkent, daß meine gnädigen Herren ihres schryben
2413 724 3364 813 empfangen und sy moserin darüber verhört
2401 782 3392 873 welche aber nit gesinnet seye, sich Ihrer Ehransprach
2399 832 3370 907 halben an Anthoni Ludwig, nach Cur zu begeben;
2392 881 3382 944 Inen hiemit überlassendt nach Ihrem befinden über
2365 924 2805 1012 disere sach zeerkennen.
2389 1147 3400 1238 Marguerite D'Aulte erscheint nun wider Rudolff
2381 1210 3375 1280 von Rüthi ihren Eheman undt füert vil wyt auff-
2369 1262 3391 1313 sechende klegten wider denselben, welche sy in Schrifft
2372 1301 3379 1370 eingegeben, der aber sich mit seiner gehabten ungrischen
2374 1350 3382 1412 Kranckheit und Imme daher zugefallenen und noch an-
2368 1378 3394 1456 -hangenden Schwachheiten entschuldigen wollen; Worüber
2374 1442 3372 1505 meine gnädigen Herren inansechen Er der wider zue gefuerten klagten
2365 1464 3385 1533 halb, nit durchaus bekantlich sein wollen nach volgende
2353 1508 3354 1572 Kundtschafften über die inen von beiden Partheyen ge-
2345 1550 3382 1615 -gebne Voroffnung, verhört, welche gezüget, wie volget,
2371 1578 3361 1665 Hr. Cunrad Langhaus züget, daß er inne von Rüthi
2368 1633 3358 1687 einmahl abendts in seiner nachberschafft greülich habe
2351 1676 3375 1727 hören schreyen und sein frauw veinen, undt daß sidther
2352 1693 3330 1773 in seiner frouwen abwesenheit er inne auch zu underschlichen
2350 1754 3347 1817 mahlen habe hören schreyen, habe aber ghört Er seye
2336 1770 2987 1845 mit seinem bruder uneins worden.
2333 1848 3384 1917 Rosyna Koler ihr gewäsne Magt zeüget, sy habe zwar
2353 1886 3349 1963 niemahlen gesechen, daß er von Rüthi sein frouwen gschlagen.
2349 1919 3347 1993 wol aber von der frouwen ghört, daß sy sich geklagt
2344 1956 3333 2033 Er von der Rüthi habe Blutte dägen in ihr beth ge-
2341 1999 3331 2067 -legt, habe auch ghört, daß er von Rüthi znacht greülich
2341 2052 3311 2107 geschrangen, seye auch von seiner frouwen aufgestanden und
2339 2072 2883 2143 habe sich zu seinem Vatter gelegt.
2329 2163 3302 2254 Elsbeth Rüffenacht züget, sy habe nüt ghört noch
2351 2214 3304 2286 gesechen, alss dass er Ihro selbsten, uf befragen, wie
2332 2261 3284 2318 es Ime ergangen seye, gesagt, es habe Ime Einer Ein
2315 2295 3326 2367 Kindt ufs Ross wollen geben, und habe mächtig Zitteret.
2341 2352 3334 2442 Durss Ramseyer der Müller Züget, er habe gehört, dass
2322 2414 3253 2466 der Rudolff von Rüthi am tag seines hochzyts underem
2338 2447 3324 2509 Bremgarten by dess Gollners schüren greüwlich gschrauwen
2340 2491 3268 2535 auch gesechen dass er vorem mund geschaumet, und als
2332 2529 3297 2574 sich zu ihmme gemachet und zu imme kommen, imme geklagt, es seyen
2333 2556 3268 2601 Hurnaussen oder Brämen imme umb das gsicht geflogen
2324 2592 3286 2634 und habe ein stimm eines kindts gehört, er wolle den der
2332 2604 2909 2680 imme das kind geben wollen, erwürgen.
