3024 4032
808 584 916 655 144
786 931 862 1004 145
755 1249 880 1330 146.
742 1522 821 1602 147.
1021 553 2032 676 Den 30. diss erscheint der alte Hr. von Rüthi und
1019 623 2014 710 berichtet meinen gnädigen Herren wasmassen sein Sohn Hans Rudolff
1018 661 2010 751 am tag vor seinem hochzeith so krank gsin, daß Er
1007 711 2001 798 imme habe ein aderen aufthun müssen, damahlen ihme
1018 738 2015 831 schon allerley fanthaseyen vorkommen seyen: Harüber
1003 775 2049 888 meine gnädigen Herren Nachvolgende Kundtschafften, über beider parthey
994 816 1356 888 voroffnen verhört.
1018 893 2026 1000 Hr. Steiger von Wichtrach züget, dass er den Rudolff
991 955 2039 1026 von Rüthi zu pferdt, by der Neüenbrugg angetroffen
1001 991 1998 1071 und gesechen, dass er den Kopf gehänckt, und als Er
989 1032 1945 1112 zu imme kommen, habe er zu imme gesagt, es ist etwas
994 1071 2018 1149 Häxen wärchs by mir, und seye Ime alzeit etwas umb
979 1120 2035 1210 den Kopff geflogen, und habe imme gedünckt, es seye etwas
959 1148 1603 1229 da, der imme ein Kind geben wolle.
956 1205 1990 1313 Hr. Hans Jacob Thorman Züget, daß er gedachten von
977 1284 2007 1364 Rüthi Znacht, in der nachberschafft, etliche mahl habe hören
982 1318 1973 1405 schreyen, und dass er gesagt, der Herr Jesu stand mir by
970 1364 1990 1442 und nach 3 wuchen habe er Imme widrumb hören schreyen,
986 1397 1999 1462 habe aber damahlen seinen bruder gschlagen, und alss der
978 1439 2022 1518 Vatter darzu komen, Vatter gäbt im nammen, namlich meinen
963 1456 1170 1512 bruder
953 1485 1982 1602 Hr. Adrian Gottier Züget er habe inne von Rüthi in
926 1553 1990 1652 der nachberschafft auch ghört schreyen und dass er gesagt
958 1603 1993 1670 Herr Jesu Christ standt mir by, und als sy imm darauf
963 1648 1990 1714 ein liecht gebracht und gefragt worden, was imme seye, habe
960 1664 1346 1721 er geantwortet, Nüt.
935 1705 1938 1790 Den 6. tag febr: 1686 habend meine gnädigen Herren nach dem sy frauw
929 1763 1968 1828 Marguerite D'Aulte mit zustand ihre nechsten anverwandten
940 1807 1972 1870 in Ihren so wol schrifftlich als mündtlich wider Ermelten Hans
935 1846 1978 1899 Rudolff von Rüthi ihren eheman gefüerten klegten vernommen,
935 1890 1990 1949 Inne von Rüethi in seiner verantwortung auch gnugsam verstanden
940 1944 1978 1998 und die wider zue gestelte Kundtschäfften auch gebührend ver-
925 1964 2001 2028 -hört, Obwohlen noch nit gnugsamme ursachen zu einer gesazmessigen
942 2002 2004 2080 schidigung zwüschen Ihnen verhanden, gedachter fr. D'Aulte
925 2063 1955 2119 Jedoch uss erheblichen ursachen zugelassen, und inne von Rütti
926 2078 1972 2155 auch dahingewisen, dass ein Jedes absonderlich für Ein
915 2137 1988 2199 jahr lang underem schirm ihrer elteren wohnen möge; Under
917 2154 2007 2224 dessen solle er von Rütti mit hilff der synigen sich Curieren lassen;
916 2225 1970 2281 Im übrigen solle er dasjenige gält, hausraht und Anders
935 2249 1966 2302 so noch vorhanden, und seiner Ehefr: zuständig ist, hinder
925 2288 1704 2359 meine gnädigen Herren Rahtshr.  Müller zur Sicherheit legen.
2203 689 2299 765 148
2156 1124 2265 1198 149.
2166 1423 2241 1474 150
2251 1410 2312 1464 .
2393 665 3377 758 Ein s. an Hr. Landtvogt zu Lentzburg erkent,
2407 704 3436 794 Hans Bucher von Ammortswyl, welcher von Elssbeth
2399 766 3425 852 Steiner uss der Kilchöri Rynach, so alhier in diensten,
2399 798 3394 895 mit klagender schwängerung der Ehe angesprochen
2363 835 3113 924 wirt, angsicht Brieffs alhar gehalten.
2372 1084 3345 1185 Lorentz Zäller ist über aussgefüerte verrüeff,
2367 1162 3388 1253 Wider Susanna Haldiman sein Ehewyb, die Schedigung
2380 1202 2501 1261 erkent.
2375 1381 3385 1479 Hans Vrech Herzog erklagt sich vermag mitgebrachten
2363 1445 3312 1502 Schrybens von Hr Roßmeister zu Künigsfelden, ab
2360 1477 3306 1533 Anna Margredt Brack seinem Ehewyb, wie dass sy
2348 1515 3322 1580 Ime in Speisen von Ihrem Ch. Menstro zu essen habe
2353 1565 3296 1614 geben wollen, und weilen wie er vernomen, vil
2354 1594 3309 1648 Männer, welche von Ihren wyberen also tractiert
2351 1631 3289 1695 worden seyen, nach und nach habind ausserben und ihr
2350 1666 3310 1730 leben mit dem todt bezahlen müessen, dahero er keine
2345 1690 3361 1765 sicherheit seines läbens Ihrenthalben haben könne und
2339 1744 3329 1805 hiemit uf die Eheschidigung tringen thüye; Welche
2339 1759 3308 1843 sich verantwortet, welche zwar ihrem Man solche
2342 1818 3361 1884 tracht, in gebachnen Küechlenen zu essen zegeben, vor-
2333 1839 3361 1922 -habens gewesen, aber nit zu dem End, Inne dardurch
2345 1881 3333 1961 umb sein leben, wie er vorgeben, zu bringen, sonder
2332 1917 3318 1995 zur liebe gegen sy anzereiten, Weilen er in Zeit seines
2345 1971 3318 2040 Ehestands sich übel mit ihro vertragen, massen sy
2330 1992 3310 2076 von Einem Vallonen höcher vor einem Jahr ghört
2320 2050 3324 2108 sagen, dass kein bessers Medicament alss dises
2317 2071 3309 2135 seye, die liebe eines Mans gegen seinem wyb zu er-
2321 2126 3309 2179 -langen, und Weilen sy solch vorhaben nit wirklich
2327 2156 3313 2218 effectuiert und selbiges zu keinem bösen End thun wollen
2317 2182 3316 2258 so haben meine gnädigen Herren einmahl nit gnügsamme ursachen zur schidigung
2318 2224 3334 2282 finden können, und sy hiemit widrumb zusamen gesprochen, hienet
2327 2253 3344 2324 aber sy Brackin biss uf frytag aben und ein s. an Hr. Hooff-
2320 2304 3291 2356 -meister zu Künigsfelden erkent, sy deswegen vor Chor-
2315 2331 3321 2405 -gricht ernstlich ze Censurieren und aus (depraecade) zehalten,
2306 2371 3195 2448 im übrigen die sach so weit müglich geheim gehalten.
