3024 4032
662 595 713 665 #
675 615 916 709 den bergerten
668 690 929 767 Verruffbrieff
742 1612 822 1685 46.
624 2501 689 2560 #
607 2537 850 2602 etwas wider
612 2586 832 2636 den Wärneri
609 2607 866 2672 bewisen wurde
614 2650 869 2716 Inne auch alhar
620 2688 767 2761 zehalten
962 563 2043 676 desswegen ertheilt, zu handen seiner Dochter
973 629 2037 744 Anna Cathry wider Ermelten Herr Jenner# erkent
972 689 2052 791 Jedoch daß derselbige noch 4. wochen hinder mir
921 762 2051 841 dem Chorschryber verblyben solle. Den 29. Dec: habend
967 816 2066 902 meine gnädigen Herren erkent, daß der verruffbrieff, wylen die 4. wochen
959 866 2057 938 fürüber wol ermeltem Herren Obrist Mey, zu gunsten sy
958 915 1850 1006 seiner Dochter, aussergegeben werden solle.
1074 1220 1975 1321 Mittwuchens den 3. Dec: 1684.
1164 1287 1911 1390 Mein gnädiger Herr Rahtsherr Müller Richter
1174 1358 2006 1460 Herr Decan, Herr Blauwner, Herr. Steiger,
1157 1418 1768 1511 Herr Sultzer, Herr Lerber.
820 1572 2047 1664 Jean Pierre Ruedy mit zustand Herr Demontricher erscheint
954 1655 2019 1719 mit einer procedur von den Ehrbaren zu Morsee vermag
921 1681 2012 1774 Welcheren Sussanne Mussillon ine Ruedy mit zueignung
934 1754 1991 1838 ihrer Leibsfrucht dess byschlaffs beklagt, der aber
951 1786 2015 1889 gantz unschuldig sein will, und sich erklagt, daß er umb diser
946 1825 2035 1922 ungegründten zulag willen, mit großen Costen und unge-
943 1879 2020 1983 legenheit uss Flanderen, alhar habe reisen müessen: Worüber
945 1926 1989 2034 meine gnädigen Herren weilen gedachte Mussillon nit erschinnen ine Ruedy
945 1968 1987 2074 einmahl zürück gewisen, mit einem S. an die Ehrbaren zu
938 2019 1979 2126 Morsee, die jenigen Kundtschafften, so ermelter Herrn
923 2056 1988 2190 Demontricher über disere procedur ernamsen wirt
943 2102 1996 2246 by Ihren Eyden zeverhören, und sy dahin zehalten Ihre
934 2168 1989 2301 Aussag Eydtlich zu bestättigen, die dirnen uf betretten
948 2192 2028 2340 gewarsamlich alhar zehalten, und den Spithalmeister zebefragen,
944 2249 2023 2374 wan und wie er sy alhar geschickt, Item meinen gnädigen Herren zeberichten
944 2328 1534 2421 worumb sy die procedur, so 1
1682 2281 2021 2370 datiert, so lang auf-
937 2390 1189 2471 -gehalten;
1187 2330 1976 2446 der meinung die partheyen allerseits und
943 2383 2017 2497 hiemit auch den  Olivier Warneri nach aufgenommener
936 2436 2024 2546 Kundtschafft, mit dem volligen Bericht alhar für meine gnädigen Herren
937 2492 1991 2583 zehalten. Den 8. Dec: erscheinend sy beiderseits gegen einander
952 2510 1997 2638 da dan sy Mussillon uf ihrer Klag gegen imme Ruedy, er
952 2551 2015 2663 aber uf seiner unschuld verharret; Worüber meine Herren sy beider-
944 2595 2014 2711 -seits aben und ein anderwertig S. an die Ehrbaren zu Morsee erkent,
933 2632 1973 2749 die Kundtschafften so Herr Demontricher ernamsen wirt, by Ihren und
926 2652 2009 2782 der kundtschafften Eyden zeverhören und das angsicht S. und imfahl #
2264 672 2329 766 47.
2227 981 2337 1092 48.
2212 1590 2333 1677 49.
2421 653 3489 762 Cathry Dietschi ist über Ihre aussgestandene gfangenscht
2427 719 3454 816 wegen ihres mit Ludi Lerbers begangenen Ehebruch
2404 774 3463 875 fählers Censuriert, und ein S. an die Ehrbaren zu Ober-
2411 832 3382 920 -burg erkent, ihro die Depracation abzenemmen
2412 878 3431 961 den 8: Dec. hat er Herr Lerber, über aussgestandene gfangenschaft
2419 925 3382 1006 depraciert und meine gnädigen Herren globt innert 14. tagen, die Cösten zebezahlen;
2403 967 3451 1081 Daniel Schindler von Langnauw mit Barbli Jäntzer,
2396 1033 3412 1138 von der Christlichen Gemein zu Bümplitz
2378 1095 2999 1179 Kirchenrecht zethun verwilliget.
2507 1252 3253 1372 Fryttags den 5. Dec: 1684.
2544 1320 3229 1419 Mein gnädiger Herr Rahtsherr Müller. Richter
2546 1383 3158 1457 Herr Decan, Herr Blaugner, Herr Steiger,
2529 1425 2992 1512 Herr Sultzer, Herr Lerber.
2373 1574 3418 1659 Über eingelangete procedur von Savigny, Jean Sigismund
2382 1626 3409 1717 de Wattenwyle Herr von Rospras Knecht oder Rühyer
2374 1670 3401 1759 und Genon Marigley, da dan sy inne mit klagender
2379 1733 3355 1822 Schwängerung der Ehe angesprochen, welcher aber sich
2365 1779 3397 1856 vortgemacht und vor Chorgricht niemahlen gestelt; habend
2376 1834 3372 1924 Meine gnädigen Herren ein antwort S. an die Ehrbaren zu gedachtem Savigny
2376 1876 3387 1978 erkent, umb Inen zeverstehen zegeben, daß es nit rymlich
2365 1928 3336 2015 seye, die Ehe ausprächenden personen, wegen geklagten
2376 1986 3371 2070 byschlaffs, zur abbüessung zehalten, ehe und befohr Ihre
2368 2043 3340 2117 Stryttige Eheansprach decidiert ist, und daß sy die
2350 2113 3346 2188 partheyen und zwar den beklagten de Wattenwyle
2346 2149 3374 2252 uf beträtten gewarsamlich alhar halten sollind, und Imfahl
2354 2211 3344 2294 er de Wattenwyl nit verhanden wäre, mit seinen Rechten
2359 2273 3344 2358 verwandten dahin reden sollind, umb inne zur Stell und für das
2323 2327 3340 2417 Recht alhar zehalten, mit betreüwen, daß uf den widrigen
2371 2376 3355 2469 fahl, ihro ein verruffbrieff wider inne, werde ertheilt
2327 2438 2468 2509 werden.
