5472 7296
1747 479 1885 612 [2]
1185 790 2719 1225 examiniert, alß er aber nichts be¬
1162 886 2717 1331 kennen wollen, da sy nebendts die
1143 1045 2784 1494 Madame Ins gesambt sich schmertzlich beklagt
1180 1180 2776 1605 wie sy von zeit zu zeit ein große menge
1169 1287 2803 1748 tuch zu ihren nit geringen schaden und nach¬
1123 1428 2776 1851 theil ab den bleichen verloren, deßent¬
1149 1642 2758 2025 halb er Trachsel nit in wenigen gezig
1126 1753 1582 1980 us ursach:
1027 1898 2748 2290 Wylen er zu ungewohnten zyten nicht
1156 2099 2772 2373 allein by den bleichen und dern wäschen¬
1134 2201 2732 2520 heüslens herumb sand, alß auch by den waschli¬
1116 2383 2652 2643 nen, da er nichts zethun gehabt gesechen
1163 2539 2731 2802 worden, und also deß orts alles usspächen
1131 2639 2704 2878 können. Habent meine gnedig herren und oberen
1062 2809 2720 3067 dero rahtsglid meinen gnedig herren rahtsherren Schmaltz
1112 2952 2738 3177 verordnet, welcher mit zuthun herren
1101 3089 2728 3334 großweibel Steigers, in by syn etlicher
1164 3239 2686 3477 meine gnedig herren von Burgeren, inne Trachsel zur
1119 3394 2692 3638 strecki füeren und lähr ufziehen laßen,
1149 3572 2737 3738 welcher dann anders nit bekennen wöllen,
1093 3721 2779 3928 denn daß er gemeltem synen minr by 12. ellen
1154 3874 2747 4068 lynigs und anderthalben oder 2. ellen
1104 3987 2786 4230 wulligs tuch: Auch herren alt Castlen Lehrber
1115 4129 2672 4387 synem gewähnen herren ein wäscheseil
1129 4260 2751 4511 entwendt zu haben, mit erpieten solches
1085 4419 2733 4688 zu ersetzen und die persohnen unklagbar
1075 4369 2729 4663 zu machen. Ist er auf ein gute censur
1079 4662 2772 4943 und versprechung sich inskünfftig erlicher
1082 4778 2685 5141 und redlicher zuverhalten, auch umb
1103 4944 2705 5296 allen costen abzuschaffen, ledig und
1079 5099 2764 5508 gelaßen, hiemit uf freyen fuß gestelt
1111 5242 2734 5623 worden. Actum den letsten August 1669.
3988 790 4099 912 [3.]
3458 1102 4848 1448 Maria Sengerin
3517 1392 4845 1611 Monsieur Marthi Berchtolds abgescheidne.
3341 1638 5078 1884 Obwolen mein gnedig herren hienur, obge¬
3413 1786 5014 1991 dachte Sengerin, wegen ihres gefüerten
3386 1896 4985 2154 ergerlichen läbwäsens halb, ins exilium
3390 1998 5019 2243 erkent, habent sy doch us den in irnen
3394 2116 5038 2383 fürtrag begriffnen gründen und con¬
3350 2261 5040 2495 siderationen, ihre erkantnuß us gnaden
3388 2383 5002 2623 mitigiert und erkent, daß sie nur us
3333 2510 5050 2764 der statt sich etwann anderthalbe stund
3394 2662 5019 2863 weit davuon aufzuhalten bannisiert
3399 2778 5011 3019 werden sölle, zu welchem end hatt sy
3362 2902 5031 3156 usgeschworen sich nach verfließung 8. oder
3376 3039 5022 3294 10. tagen us der statt zubegeben, Actum
3283 3199 4327 3419 den 5. November 1669.
3677 3950 4385 4158 Jean Bradi
3472 4116 4211 4319 ein Sauoyer.
3362 4279 5044 4577 Diser Jean Bradi ist in chorgrichtliche
3315 4498 4967 4693 banden kommen, wegen er sich so weit
3342 4604 5015 4821 vergeßen, daß er uf die gsundheit Gottes
3365 4743 5008 4933 getruncken, und darüber von meine gnedigen herren
3365 4873 5032 5069 wegen disers verbrechens, wiewol er
3370 5011 4975 5224 ein mehrers verdienet hette, ohne gnad
3336 5146 4896 5319 von statt und land verwisen worden.
3334 5268 4623 5481 Actum den 20. November 1669.
