5472 7296
1680 590 1916 732 [12.]
1234 847 2858 1211 steckung seines wehrs gegen der Chrütz¬
1223 961 2851 1301 gassen retirirt, die beide er ihne ver¬
1230 1113 2839 1388 folget, biß endtlich er von zweyen oder
1229 1207 2820 1479 dreyen herren, so er nit kenne, ufge¬
1218 1308 2870 1579 halten und zured gestelt worden; was
1244 1384 2827 1674 er mit dem blossen dägen wolle? Darüber
1254 1512 2823 1731 er geantwortet, er seye blehsiert und
1250 1602 2839 1846 begehre quartir, seye er darauf gesun¬
1245 1701 2799 1959 ken und uf ein ehrende gesellschafft
1252 1816 2827 2055 zum affen getragen worden; Diß seye
1236 1967 2826 2214 in wahrheit dasjenige, so ihme deß weg
1225 2039 1692 2178 in müsse.
1418 2217 2793 2459 Über obiges sind auch nachvolgende
1428 2351 2774 2541 personen verhört worden, welche
1430 2429 2784 2658 uf scharpfes zusprechen bey ihren
1427 2565 2475 2735 guten treüwen zeügend.
1126 2692 2822 2909 Anna Hildbold berichtet, daß sy mit Els¬
1228 2815 2760 3006 beth Kohler die obere Mattenstegen
1219 2916 2743 3105 ufgangen, der meinung sich zu ihrer
1219 3032 2825 3208 schwester an der Jungkherngassen ze ver¬
1210 3128 2752 3311 fügen, uf welcher stägen habe sy den
1218 3229 2767 3394 verwundten by koprios magt Jeanne
1216 3336 2815 3506 Mousi von Champagne hinder Grandson
1219 3420 2768 3585 angetroffen, welche beide ihnen nach die
1209 3522 2833 3680 stägen vollends uf, und in den offenen erkel
1198 3628 2807 3787 gegang, underdeßen seye ein steinhauwer
1220 3731 2696 3890 mit einem zimmerknecht auch zu ihnen
1187 3825 2796 4000 kommen, habind einandern dazumahlen kein
1208 3922 2814 4097 bös wort gegeben. Als aber im weggehen
1212 4018 2680 4177 der verwundte sy die Mousi geführt,
1202 4093 2822 4298 habe der steinhauwer gefolget, und selbige
1210 4220 2736 4387 auch führen wollen, welches der ver¬
1197 4303 2817 4480 wundte nicht gestattet, weßen sy endtlichen
1202 4419 2794 4596 zu streichen gerathen, da habe sy zwar die
1204 4494 2750 4690 scheltwort nit gehört, aber wol gesehen,
1205 4575 2694 4779 das nachdem der zimmerman zu boden
1172 4688 2730 4905 gefallen, im aufstehen der verwundte
1198 4779 2705 4979 sich darvon gemacht, und so wol der
1190 4885 2798 5059 steinhauwer, als auch der zimmerknecht
1175 4955 2787 5181 ihme nachgelauffen, und so gutt sy können
1201 5053 2781 5302 uf ihne geschlagen, der einte mit dem dägen,
1189 5161 2793 5360 der ander mit dem winckeleisen, wer
1181 5267 2778 5477 aber zu erst den degen ußgezogen, möge
1183 5427 1814 5612 sy nit wüßen.
1121 5450 2786 5722 Elsbeth Kohler fallt obiger ußag durchaus
1225 5619 2757 5820 bey. Barbara.
3984 786 4159 924 [13.]
3221 1041 5086 1241 Barbara Krumm vermeldet, obgedachte zwey
3413 1197 5029 1371 meidtlin habind ihra gesagt, sy solle sehen,
3428 1292 5065 1455 wie der steinhauwer und der verwundte
3429 1359 4974 1570 beiderseits an der Mousi ziehind, und
3424 1467 5040 1665 sich umbselbige bezanckind, und nachdem
3426 1595 5042 1784 sy die Mousi sich von disen gesellen loos¬
3423 1692 5086 1897 gemacht, seye sy zu ihnen den 3. meydtlenen
3421 1805 5029 1985 kommen, und hernach die schlegerey, wie
3411 1892 5014 2086 hie oben erzelt, hergangen: Fallt hiemit
3421 2013 4950 2192 obiger ussag, und daß der zimmeman
3421 2104 4966 2285 umb etwas sich parteyet, in allem bey.
3382 2270 5066 2515 Vorgedachte Jeanne Mousi zeüget, dass der
3408 2400 5077 2585 verwundte mit ihra uf dem kirchhof reden
3423 2541 5018 2708 wollen, da habe ein neüwenburger Jean¬
3395 2605 5077 2810 Jaques Renauld ihra gesagt, sy könne kein
3418 2735 5060 2893 tütsch, als nun sy die Mattenstegen hinunder
3424 2826 5060 3003 nahen haus gewolt, und der verwundte
3400 2911 5093 3095 ihme Renauld der sprach halber nit getrauet,
3408 2997 5042 3178 seye er ihra uf der stegen vorgeloffen, und sy
3404 3124 5027 3281 daselbs ufgehalten, nachdem seye sy mit obig
3412 3225 4967 3379 zweyen gezeügen zurück obsich und in den
3402 3314 5017 3472 erckel gegangen, und als sy von dannen der
3415 3395 4999 3552 steinigen Mattenstegen zu, und nach haus ge¬
3412 3488 5024 3629 trüng und der schneiderknecht, so ihra un¬
3417 3573 4962 3718 bekandt, mit demme sy auch nit reden könte,
3406 3656 5015 3810 sy geführt, der Nourris sy auch begleiten
3401 3764 4994 3920 wollen, seye darüberhin die schlegerey ander¬
3404 3855 4957 3997 wegs angangen, und das unglück ervolget,
3406 3949 4974 4100 trage aber an allen keine schuld, den sy
3412 4034 4996 4187 weder den einten noch anderen niemahls ge¬
3393 4129 4999 4284 kent, und seye ihra solches zehren und hin und
3404 4201 4848 4389 wider ziehen sehr verdrießlich gewesen;
3408 4315 5007 4459 Fallt hiemit obiger meidtlenen ausag bey,
3399 4395 5029 4572 ussert daß sy nit gesehen, ob der zimmerknecht
3415 4511 4778 4665 auch zugeschlagen, und sich parteyet habe.
3393 4668 4979 4858 Frantz Ludwig Wirth der zimmerknecht,
3405 4792 4958 4962 dißmahls bey monsieur Anders Burg dienend,
3391 4903 4997 5073 zeüget, daß er gestern mit herren Anhers
3395 5002 4790 5167 sohn, und Guillaume Nourri einen
3388 5095 4927 5262 steinhauwer hinder Neüwenburg, diß¬
3401 5183 4812 5358 mahls bey monsieur Abraham Edelsteins sel.
3407 5276 4790 5444 verlassenen in diensten zur cronen ge¬
3390 5397 4948 5549 truncken, hernach umb halb siben uhren
4568 5498 4777 5635 seye
