<?xml version="1.0" encoding="UTF-8" standalone="yes"?>
<PcGts xmlns="http://schema.primaresearch.org/PAGE/gts/pagecontent/2013-07-15" xmlns:xsi="http://www.w3.org/2001/XMLSchema-instance" xsi:schemaLocation="http://schema.primaresearch.org/PAGE/gts/pagecontent/2013-07-15 http://schema.primaresearch.org/PAGE/gts/pagecontent/2013-07-15/pagecontent.xsd">
    <Metadata>
        <Creator>prov=University of Rostock/Institute of Mathematics/CITlab|PLANET AI GmbH/Gundram Leifert/gundram.leifert@planet-ai.de:name=German_Kurrent_XVI-XVIII_M1(htr_id=19584)::::v=2.6.6
prov=University of Rostock/Institute of Mathematics/CITlab|PLANET AI GmbH/Tobias Gruening/tobias.gruening@planet-ai.de:name=de.uros.citlab.module.baseline2polygon.B2PSeamMultiOriented:v=2.6.6
prov=University of Rostock/Institute of Mathematics/CITlab|PLANET AI GmbH/Tobias Gruening/tobias.gruening@planet-ai.de:name=/net_tf/LA73_249_0mod360.pb:de.uros.citlab.segmentation.CITlab_LA_ML:v=2.6.6
Transkribus</Creator>
        <Created>2020-10-05T12:03:37.134+02:00</Created>
        <LastChange>2020-11-30T10:15:21.758+01:00</LastChange>
        <TranskribusMetadata docId="1334836" pageId="52361316" pageNr="6" tsid="114643095" status="GT" userId="68820" imgUrl="https://files.transkribus.eu/Get?id=NVDLLTVWDLXVMVISEXEWUAXS&amp;fileType=view" xmlUrl="https://files.transkribus.eu/Get?id=FBJLTIGRVHIQLFDJPUAERYHR" imageId="16047283"/>
    </Metadata>
    <Page imageFilename="Turmbuch_StAB B IX 481_00006-20200925_095626.jpg" imageWidth="5472" imageHeight="7296">
        <ReadingOrder>
            <OrderedGroup id="ro_1687513700556" caption="Regions reading order">
                <RegionRefIndexed index="0" regionRef="r1"/>
                <RegionRefIndexed index="1" regionRef="r2"/>
            </OrderedGroup>
        </ReadingOrder>
        <TextRegion orientation="0.0" id="r1" custom="readingOrder {index:0;}">
            <Coords points="1046,580 1046,5783 2752,5783 2752,580"/>
            <TextLine id="r1l1" custom="readingOrder {index:0;}">
                <Coords points="1821,658 1835,659 1843,665 1854,658 1860,662 1868,656 1878,661 1889,661 1893,567 1883,567 1871,560 1838,571 1825,570"/>
                <Baseline points="1832,644 1880,646"/>
                <TextEquiv>
                    <Unicode>[4.]</Unicode>
                </TextEquiv>
            </TextLine>
            <TextLine id="r1l2" custom="readingOrder {index:1;} person {offset:0; length:13;} NE {offset:0; length:13;}">
                <Coords points="1337,1089 1529,1141 1691,1121 1793,1188 2114,1230 2217,1289 2326,1237 2501,1300 2543,1092 2371,1055 2093,858 1772,921 1509,652 1427,646"/>
                <Baseline points="1358,1034 1415,1043 1472,1054 1529,1064 1586,1075 1643,1088 1700,1098 1757,1112 1814,1124 1871,1137 1929,1149 1986,1161 2043,1173 2100,1185 2157,1197 2214,1208 2271,1218 2328,1229 2385,1238 2442,1246 2500,1254"/>
                <TextEquiv>
                    <Unicode>Michel Küntzi</Unicode>
                </TextEquiv>
            </TextLine>
            <TextLine id="r1l3" custom="readingOrder {index:2;} NN {offset:4; length:10;} ADV {offset:19; length:4;}">
                <Coords points="1362,1238 1567,1291 1650,1266 1719,1323 1833,1281 1901,1340 2084,1350 2217,1422 2339,1391 2569,1427 2579,1375 2442,1281 2182,1304 2084,1225 1815,1241 1691,1122 1560,1169 1388,1098"/>
                <Baseline points="1376,1214 1435,1218 1494,1223 1553,1230 1613,1237 1672,1247 1731,1257 1791,1268 1850,1279 1909,1291 1969,1303 2028,1316 2087,1328 2146,1339 2206,1352 2265,1364 2324,1376 2384,1386 2443,1395 2502,1406 2562,1414"/>
                <TextEquiv>
                    <Unicode>Der schumacher von hier.</Unicode>
                </TextEquiv>
            </TextLine>
            <TextLine id="r1l4" custom="readingOrder {index:3;} VFINAUX {offset:0; length:3;} ADJ {offset:13; length:16;} NN {offset:30; length:7;}">
                <Coords points="1146,1537 1325,1480 1893,1664 2051,1689 2168,1628 2246,1695 2334,1638 2693,1755 2712,1632 2438,1534 2293,1572 2127,1493 1958,1529 1884,1457 1756,1470 1678,1399 1443,1431 1183,1306"/>
                <Baseline points="1168,1466 1244,1480 1320,1492 1396,1504 1472,1517 1548,1528 1624,1540 1700,1551 1776,1563 1852,1573 1928,1585 2004,1597 2080,1608 2156,1620 2232,1633 2308,1644 2384,1658 2460,1672 2536,1685 2612,1701 2688,1716"/>
                <TextEquiv>
                    <Unicode>Ist über den chorgrichtlichen fürtrag</Unicode>
                </TextEquiv>
            </TextLine>
            <TextLine id="r1l5" custom="readingOrder {index:4;} PRON {offset:6; length:5;} ADJ {offset:18; length:11;} ADJ {offset:30; length:5; continued:true;}">
                <Coords points="1162,1640 1519,1758 1626,1705 2059,1731 2170,1820 2303,1771 2407,1839 2688,1852 2699,1783 2566,1688 1969,1695 1741,1601 1652,1631 1593,1568 1504,1621 1174,1563"/>
                <Baseline points="1178,1608 1253,1619 1328,1631 1403,1642 1478,1652 1553,1664 1628,1675 1703,1685 1778,1695 1853,1707 1929,1719 2004,1728 2079,1740 2154,1751 2229,1762 2304,1773 2379,1786 2454,1797 2529,1810 2604,1824 2680,1836"/>
                <TextEquiv>
                    <Unicode>wegen synes darin beschribnen gott¬</Unicode>
                </TextEquiv>
            </TextLine>
            <TextLine id="r1l6" custom="readingOrder {index:5;} ADJ {offset:0; length:5; continued:true;} ADJ {offset:6; length:11;} NN {offset:18; length:6;} NN {offset:26; length:8;}">
                <Coords points="1164,1799 1253,1842 1473,1803 1564,1877 1670,1845 1754,1924 2046,1884 2245,1973 2365,1920 2427,1988 2520,1937 2622,1994 2756,1980 2763,1928 2491,1846 2415,1886 2341,1808 2167,1847 2052,1761 1933,1806 1851,1749 1565,1780 1183,1657"/>
                <Baseline points="1180,1758 1258,1770 1336,1781 1414,1789 1493,1801 1571,1810 1649,1819 1728,1829 1806,1839 1884,1848 1963,1857 2041,1868 2119,1879 2197,1888 2276,1898 2354,1909 2432,1921 2511,1934 2589,1946 2667,1960 2746,1974"/>
                <TextEquiv>
                    <Unicode>losen ärgerlichen läbens, fluchens</Unicode>
                </TextEquiv>
            </TextLine>
            <TextLine id="r1l7" custom="readingOrder {index:6;} unclear {offset:4; length:9;} unclear {offset:20; length:12;}">
                <Coords points="1140,1913 1343,1939 1446,2029 1556,1968 1618,2021 1703,1979 1953,2098 2162,2052 2216,2102 2301,2046 2516,2092 2597,2174 2681,2159 2695,2041 2338,1923 2206,1996 2115,1929 2004,1978 1874,1911 1662,1911 1458,1804 1222,1850 1153,1799"/>
                <Baseline points="1152,1906 1228,1915 1304,1925 1380,1934 1457,1942 1533,1951 1609,1959 1686,1968 1762,1977 1838,1986 1915,1995 1991,2005 2067,2014 2143,2022 2220,2030 2296,2040 2372,2049 2449,2058 2525,2069 2601,2079 2678,2090"/>
                <TextEquiv>
                    <Unicode>und schwerens, auch angetröüwten</Unicode>
                </TextEquiv>
            </TextLine>
            <TextLine id="r1l8" custom="readingOrder {index:7;} work {offset:0; length:30; continued:true;} NN {offset:0; length:12;} PRON {offset:13; length:5;} unclear {offset:18; length:8;} NN {offset:19; length:7;}">
                <Coords points="1128,2069 1472,2094 1669,2204 1966,2161 2087,2239 2167,2191 2396,2223 2451,2283 2559,2223 2713,2247 2720,2178 2599,2193 2523,2124 2277,2152 2162,2052 2075,2116 1946,2108 1709,2000 1391,2046 1144,1929"/>
                <Baseline points="1140,2052 1218,2062 1296,2073 1374,2081 1452,2091 1531,2099 1609,2109 1687,2117 1765,2126 1843,2133 1922,2142 2000,2151 2078,2159 2156,2169 2234,2177 2313,2187 2391,2197 2469,2206 2547,2216 2625,2226 2704,2236"/>
                <TextEquiv>
                    <Unicode>nidermachung syner frouwen und</Unicode>
                </TextEquiv>
            </TextLine>
            <TextLine id="r1l9" custom="readingOrder {index:8;} work {offset:0; length:6; continued:true;} NN {offset:0; length:6;} PRON {offset:12; length:6;} ADJ {offset:19; length:8;} NN {offset:28; length:6;} NN {offset:39; length:6;}">
                <Coords points="1117,2204 1370,2242 1431,2304 1760,2270 2055,2399 2214,2332 2757,2413 2767,2325 2486,2294 2391,2224 1676,2210 1470,2094 1125,2131"/>
                <Baseline points="1128,2194 1209,2205 1290,2214 1371,2224 1452,2234 1534,2244 1615,2253 1696,2263 1777,2272 1858,2281 1940,2291 2021,2300 2102,2309 2183,2317 2264,2325 2346,2334 2427,2342 2508,2349 2589,2356 2670,2365 2752,2370"/>
                <TextEquiv>
                    <Unicode>kinden, von meinen gnedigen herren und oberen</Unicode>
                </TextEquiv>
            </TextLine>
            <TextLine id="r1l10" custom="readingOrder {index:9;} NN {offset:4; length:5;} NN {offset:14; length:4;} ADJ {offset:19; length:8;}">
                <Coords points="1131,2383 2131,2446 2326,2569 2445,2492 2528,2540 2678,2507 2686,2426 2612,2379 2326,2406 2245,2347 1968,2405 1908,2331 1691,2337 1620,2268 1427,2306 1327,2232 1144,2259"/>
                <Baseline points="1144,2350 1220,2358 1296,2365 1372,2373 1448,2382 1525,2390 1601,2398 1677,2407 1753,2414 1829,2422 1906,2430 1982,2437 2058,2445 2134,2452 2210,2460 2287,2467 2363,2474 2439,2480 2515,2488 2591,2494 2668,2500"/>
                <TextEquiv>
                    <Unicode>von statt und land eidtlich, biß</Unicode>
                </TextEquiv>
            </TextLine>
            <TextLine id="r1l11" custom="readingOrder {index:10;} ADJ {offset:3; length:9;} NN {offset:13; length:9;} VFINAUX {offset:23; length:8;}">
                <Coords points="1151,2563 1203,2596 1310,2536 1478,2608 1798,2567 1887,2648 2088,2592 2523,2701 2643,2652 2715,2692 2723,2612 2602,2560 2432,2596 2273,2525 2154,2580 1873,2449 1663,2493 1165,2410"/>
                <Baseline points="1166,2518 1243,2523 1320,2526 1397,2533 1474,2538 1551,2545 1628,2552 1705,2558 1782,2566 1859,2573 1937,2580 2014,2588 2091,2596 2168,2603 2245,2611 2322,2618 2399,2626 2476,2634 2553,2642 2630,2649 2708,2656"/>
                <TextEquiv>
                    <Unicode>uf schynbare besserung verwisen</Unicode>
                </TextEquiv>
            </TextLine>
            <TextLine id="r1l12" custom="readingOrder {index:11;} VINFZU {offset:0; length:6;} PRON {offset:16; length:4;} NN {offset:25; length:4;}">
                <Coords points="1172,2671 1309,2681 1471,2779 1588,2710 1846,2761 1950,2722 2064,2812 2460,2761 2687,2800 2698,2676 2512,2712 2341,2648 2234,2691 2083,2590 1900,2660 1835,2602 1757,2649 1683,2601 1179,2590"/>
                <Baseline points="1182,2666 1256,2672 1331,2677 1406,2683 1481,2688 1556,2694 1630,2700 1705,2706 1780,2712 1855,2717 1930,2723 2004,2731 2079,2737 2154,2743 2229,2750 2304,2757 2378,2763 2453,2770 2528,2778 2603,2785 2678,2792"/>
                <TextEquiv>
                    <Unicode>worden, da dann imme der eidt</Unicode>
                </TextEquiv>
            </TextLine>
            <TextLine id="r1l13" custom="readingOrder {index:12;} vpar {offset:5; length:11;} NN {offset:17; length:11;} VFINAUX {offset:30; length:5; continued:true;}">
                <Coords points="1179,2831 1429,2912 1537,2838 1610,2903 1694,2852 1911,2858 2035,2954 2120,2886 2680,2951 2690,2814 2499,2761 2161,2838 1920,2744 1837,2787 1747,2724 1444,2763 1188,2713"/>
                <Baseline points="1190,2816 1264,2819 1338,2822 1412,2826 1486,2829 1560,2833 1634,2838 1708,2843 1782,2847 1856,2853 1931,2859 2005,2865 2079,2871 2153,2877 2227,2884 2301,2891 2375,2898 2449,2905 2523,2912 2597,2918 2672,2926"/>
                <TextEquiv>
                    <Unicode>nach geleisteter deprecation, inti¬</Unicode>
                </TextEquiv>
            </TextLine>
            <TextLine id="r1l14" custom="readingOrder {index:13;} VFINAUX {offset:0; length:5; continued:true;} PRON {offset:7; length:2;} vpar {offset:21; length:11;}">
                <Coords points="1172,2997 1521,2997 1734,3102 1889,3006 2029,3111 2148,3068 2358,3124 2553,3047 2738,3074 2741,3029 2572,2939 2461,3000 2203,2903 2033,2965 1494,2860 1433,2912 1176,2932"/>
                <Baseline points="1184,2970 1261,2974 1338,2976 1415,2980 1492,2982 1570,2986 1647,2989 1724,2992 1801,2996 1878,2999 1956,3003 2033,3008 2110,3012 2187,3018 2264,3022 2342,3028 2419,3035 2496,3041 2573,3049 2650,3056 2728,3066"/>
                <TextEquiv>
                    <Unicode>miert, er auch wegen besorgenden</Unicode>
                </TextEquiv>
            </TextLine>
            <TextLine id="r1l15" custom="readingOrder {index:14;} NN {offset:0; length:7;} unclear {offset:12; length:6;} vpar {offset:29; length:6; continued:true;}">
                <Coords points="1139,3157 1272,3212 1382,3141 1488,3189 1948,3157 2155,3259 2450,3168 2733,3237 2737,3153 2418,3093 2026,3110 1890,3007 1775,3102 1504,3016 1367,3067 1146,3011"/>
                <Baseline points="1150,3126 1228,3130 1307,3132 1386,3136 1464,3140 1543,3142 1622,3146 1700,3148 1779,3151 1858,3154 1937,3158 2015,3162 2094,3165 2173,3168 2251,3172 2330,3177 2409,3182 2487,3187 2566,3192 2645,3197 2724,3204"/>
                <TextEquiv>
                    <Unicode>unheils vom korhus also bald wegge¬</Unicode>
                </TextEquiv>
            </TextLine>
            <TextLine id="r1l16" custom="readingOrder {index:15;} vpar {offset:0; length:6; continued:true;} NN {offset:18; length:8;} vpar {offset:27; length:7;}">
                <Coords points="1156,3290 1351,3295 1414,3355 1576,3296 1783,3364 1927,3313 2060,3393 2224,3332 2479,3421 2742,3333 2744,3268 2301,3220 2182,3279 1946,3158 1828,3205 1606,3172 1382,3264 1157,3251"/>
                <Baseline points="1166,3284 1244,3286 1322,3287 1400,3288 1479,3290 1557,3293 1635,3295 1714,3298 1792,3300 1870,3304 1949,3306 2027,3309 2105,3312 2183,3314 2262,3318 2340,3320 2418,3322 2497,3322 2575,3324 2653,3324 2732,3324"/>
                <TextEquiv>
                    <Unicode>nommen und uf die grentzen gefüert</Unicode>
                </TextEquiv>
            </TextLine>
            <TextLine id="r1l17" custom="readingOrder {index:16;} VINFZU {offset:0; length:6;} NN {offset:8; length:5;} latin {offset:8; length:5;} date {offset:18; length:17;} unclear {offset:18; length:2;}">
                <Coords points="1146,3450 1600,3494 1788,3455 1960,3546 2083,3475 2743,3523 2744,3386 2673,3344 2482,3417 2217,3349 2061,3395 1933,3319 1823,3404 1687,3335 1539,3410 1357,3329 1146,3385"/>
                <Baseline points="1156,3444 1234,3444 1313,3444 1392,3444 1471,3444 1550,3446 1629,3446 1708,3448 1787,3450 1866,3450 1945,3452 2023,3453 2102,3454 2181,3454 2260,3456 2339,3456 2418,3454 2497,3454 2576,3452 2655,3450 2734,3446"/>
                <TextEquiv>
                    <Unicode>worden. Actum den 21. December 1669.</Unicode>
                </TextEquiv>
            </TextLine>
            <TextLine id="r1l18" custom="readingOrder {index:17;} person {offset:0; length:13;} NE {offset:0; length:13;}">
                <Coords points="1289,4267 1418,4299 1516,4248 1589,4306 1864,4211 2350,4212 2367,4034 2256,3997 2164,4068 2096,4067 2027,4145 1917,4089 1855,4144 1605,4112 1500,4184 1286,4199"/>
                <Baseline points="1298,4242 1351,4240 1404,4238 1458,4236 1511,4233 1565,4230 1618,4228 1671,4224 1725,4222 1778,4219 1832,4216 1885,4212 1938,4209 1992,4206 2045,4203 2099,4200 2152,4197 2205,4195 2259,4192 2312,4190 2366,4188"/>
                <TextEquiv>
                    <Unicode>Danniel Bolet</Unicode>
                </TextEquiv>
            </TextLine>
            <TextLine id="r1l19" custom="readingOrder {index:18;} NN {offset:4; length:5;} place {offset:13; length:4;}">
                <Coords points="1436,4407 1596,4336 1759,4418 1944,4347 1991,4364 2035,4331 2262,4317 2256,4247 2114,4210 2004,4229 1951,4285 1853,4231 1771,4240 1666,4304 1505,4301 1474,4275 1428,4307"/>
                <Baseline points="1442,4358 1482,4356 1522,4353 1563,4350 1603,4348 1644,4346 1684,4342 1724,4341 1765,4337 1805,4333 1846,4330 1886,4327 1926,4323 1967,4320 2007,4317 2048,4312 2088,4308 2128,4304 2169,4300 2209,4296 2250,4292"/>
                <TextEquiv>
                    <Unicode>Der wirth im Boll.</Unicode>
                </TextEquiv>
            </TextLine>
            <TextLine id="r1l20" custom="readingOrder {index:19;} person {offset:10; length:5;} NE {offset:10; length:5;} ADJ {offset:19; length:15;}">
                <Coords points="1036,4670 1212,4727 1318,4633 1433,4693 1512,4620 1715,4592 1873,4677 2169,4562 2368,4538 2444,4583 2539,4451 2330,4431 2268,4502 2137,4505 2048,4446 1938,4511 1691,4458 1579,4514 1406,4436 1225,4569 1109,4537 1028,4576"/>
                <Baseline points="1046,4654 1120,4646 1194,4639 1269,4632 1343,4627 1418,4620 1492,4614 1566,4608 1641,4604 1715,4598 1790,4592 1864,4586 1938,4579 2013,4573 2087,4566 2162,4560 2236,4551 2310,4543 2385,4534 2459,4523 2534,4512"/>
                <TextEquiv>
                    <Unicode>Alß diser Bolet in chorgrichtliche</Unicode>
                </TextEquiv>
            </TextLine>
            <TextLine id="r1l21" custom="readingOrder {index:20;} NN {offset:0; length:10;} VINFZU {offset:11; length:6;} ADV {offset:23; length:7;}">
                <Coords points="1139,4819 1307,4834 1464,4743 1648,4789 1827,4712 1957,4793 2135,4687 2570,4630 2563,4571 2402,4539 2269,4547 2160,4646 2013,4624 1871,4675 1799,4620 1639,4621 1432,4693 1357,4647 1213,4725 1128,4713"/>
                <Baseline points="1146,4788 1216,4777 1287,4766 1357,4756 1428,4746 1499,4738 1569,4731 1640,4724 1710,4717 1781,4711 1852,4704 1922,4698 1993,4692 2063,4685 2134,4679 2205,4670 2275,4662 2346,4653 2416,4643 2487,4632 2558,4620"/>
                <TextEquiv>
                    <Unicode>gefenckniß kommen, und darüber</Unicode>
                </TextEquiv>
            </TextLine>
            <TextLine id="r1l22" custom="readingOrder {index:21;} PRON {offset:0; length:5;} ADJ {offset:6; length:8;} NN {offset:15; length:6;} PRON {offset:28; length:5;} NN {offset:44; length:5;} NN {offset:50; length:6; continued:true;}">
                <Coords points="1165,4952 1373,4977 1467,4890 1677,4950 1809,4859 1985,4910 2218,4814 2429,4824 2647,4765 2634,4649 2487,4646 2403,4719 2197,4684 2106,4773 1957,4804 1753,4744 1610,4825 1152,4837"/>
                <Baseline points="1170,4900 1243,4897 1316,4892 1389,4889 1462,4885 1536,4878 1609,4872 1682,4866 1755,4858 1828,4852 1902,4843 1975,4835 2048,4826 2121,4817 2194,4808 2268,4797 2341,4786 2414,4776 2487,4764 2560,4753 2634,4740"/>
                <TextEquiv>
                    <Unicode>meine gnedigen herren wegen syner gegen dem herrn predi¬</Unicode>
                </TextEquiv>
            </TextLine>
            <TextLine id="r1l23" custom="readingOrder {index:22;} NN {offset:0; length:6; continued:true;} place {offset:10; length:9;} NE {offset:10; length:9;} vpar {offset:20; length:11;} ADJ {offset:32; length:11;}">
                <Coords points="1150,5091 1316,5048 1398,5104 1575,5027 1688,5095 1775,5036 2156,5004 2227,4947 2376,4963 2456,4894 2650,4931 2624,4777 2369,4801 2142,4894 2042,4856 1898,4918 1816,4875 1679,4951 1463,4891 1373,4979 1136,4983"/>
                <Baseline points="1156,5048 1229,5042 1303,5035 1377,5028 1450,5020 1524,5012 1598,5005 1671,4997 1745,4989 1819,4981 1893,4971 1966,4961 2040,4951 2114,4940 2187,4929 2261,4918 2335,4906 2408,4893 2482,4880 2556,4865 2630,4850"/>
                <TextEquiv>
                    <Unicode>canten zu Vechingen usgegoßenen schandtlich</Unicode>
                </TextEquiv>
            </TextLine>
            <TextLine id="r1l24" custom="readingOrder {index:23;} ADJ {offset:0; length:6;} NN {offset:7; length:12;} VFINAUX {offset:20; length:10;} VFINAUX {offset:31; length:3;} PRON {offset:35; length:2;}">
                <Coords points="1136,5265 1263,5212 1368,5248 1422,5186 1538,5208 1644,5146 1965,5147 2024,5088 2217,5115 2295,5047 2445,5066 2666,4977 2489,4906 2376,4963 2251,4946 2192,5022 2073,4986 1744,5096 1486,5060 1392,5124 1322,5081 1263,5146 1117,5137"/>
                <Baseline points="1138,5204 1213,5195 1289,5187 1365,5178 1441,5168 1517,5160 1592,5150 1668,5140 1744,5130 1820,5118 1896,5109 1971,5098 2047,5085 2123,5073 2199,5060 2275,5047 2350,5033 2426,5018 2502,5002 2578,4986 2654,4968"/>
                <TextEquiv>
                    <Unicode>groben lasterworten berichtet, ist er</Unicode>
                </TextEquiv>
            </TextLine>
            <TextLine id="r1l25" custom="readingOrder {index:24;} ADV {offset:0; length:5;} NN {offset:6; length:6;} NN {offset:19; length:6;} ADJ {offset:30; length:9;}">
                <Coords points="1138,5355 1324,5380 1547,5298 1654,5330 1767,5258 2116,5282 2655,5108 2645,5043 2532,5023 2459,5099 2321,5049 1969,5199 1819,5155 1607,5242 1511,5196 1127,5284"/>
                <Baseline points="1144,5332 1218,5324 1293,5314 1368,5308 1443,5300 1518,5290 1593,5281 1668,5271 1743,5263 1818,5251 1893,5240 1967,5229 2042,5219 2117,5206 2192,5192 2267,5178 2342,5163 2417,5147 2492,5132 2567,5114 2642,5096"/>
                <TextEquiv>
                    <Unicode>neben abtrag aller costen, uf schynbare</Unicode>
                </TextEquiv>
            </TextLine>
            <TextLine id="r1l26" custom="readingOrder {index:25;} NN {offset:0; length:8;} NN {offset:13; length:4;} NN {offset:31; length:3;}">
                <Coords points="1138,5546 1733,5382 2002,5431 2150,5328 2572,5278 2653,5223 2636,5120 2464,5233 2309,5195 2093,5311 1971,5264 1735,5339 1546,5298 1446,5399 1111,5378"/>
                <Baseline points="1136,5470 1211,5459 1286,5451 1361,5441 1437,5433 1512,5422 1587,5414 1663,5404 1738,5394 1813,5384 1889,5374 1964,5362 2039,5349 2114,5336 2190,5323 2265,5309 2340,5293 2416,5275 2491,5258 2566,5238 2642,5216"/>
                <TextEquiv>
                    <Unicode>beßerung und gnad hin, mit dem eyd</Unicode>
                </TextEquiv>
            </TextLine>
            <TextLine id="r1l27" custom="readingOrder {index:26;} NN {offset:4; length:5;} NN {offset:14; length:4;} VFINAUX {offset:19; length:8;} VINFZU {offset:28; length:6;} NN {offset:36; length:5;} latin {offset:36; length:5;}">
                <Coords points="1114,5655 1330,5636 1428,5570 1591,5609 1752,5550 2187,5564 2306,5491 2491,5520 2606,5381 2722,5359 2714,5304 2520,5244 2344,5388 2200,5373 2132,5438 1819,5425 1700,5513 1407,5441 1219,5533 1093,5524"/>
                <Baseline points="1120,5624 1199,5611 1279,5596 1358,5584 1438,5573 1517,5561 1597,5551 1676,5541 1756,5531 1835,5521 1915,5511 1994,5499 2074,5488 2153,5476 2233,5462 2312,5448 2392,5431 2471,5412 2551,5393 2630,5370 2710,5346"/>
                <TextEquiv>
                    <Unicode>von statt und land verwisen worden. Actum</Unicode>
                </TextEquiv>
            </TextLine>
            <TextLine id="r1l28" custom="readingOrder {index:27;} date {offset:4; length:17;}">
                <Coords points="1079,5767 1167,5746 1225,5778 1274,5742 1406,5788 1500,5702 1617,5696 1814,5750 2087,5619 2080,5564 1932,5539 1812,5618 1623,5638 1484,5576 1391,5651 1309,5638 1233,5686 1145,5646 1065,5666"/>
                <Baseline points="1088,5752 1137,5747 1186,5739 1236,5733 1285,5726 1335,5720 1384,5711 1433,5704 1483,5697 1532,5690 1582,5682 1631,5677 1680,5669 1730,5662 1779,5655 1829,5650 1878,5642 1927,5636 1977,5630 2026,5625 2076,5618"/>
                <TextEquiv>
                    <Unicode>den 29. Januarii 1670.</Unicode>
                </TextEquiv>
            </TextLine>
            <TextEquiv>
                <Unicode>[4.]&#13;
Michel Küntzi&#13;
Der schumacher von hier.&#13;
Ist über den chorgrichtlichen fürtrag&#13;
wegen synes darin beschribnen gott¬&#13;
losen ärgerlichen läbens, fluchens&#13;
und schwerens, auch angetröüwten&#13;
nidermachung syner frouwen und&#13;
kinden, von meinen gnedigen herren und oberen&#13;
von statt und land eidtlich, biß&#13;
uf schynbare besserung verwisen&#13;
worden, da dann imme der eidt&#13;
nach geleisteter deprecation, inti¬&#13;
miert, er auch wegen besorgenden&#13;
unheils vom korhus also bald wegge¬&#13;
nommen und uf die grentzen gefüert&#13;
worden. Actum den 21. December 1669.&#13;
Danniel Bolet&#13;
Der wirth im Boll.&#13;
Alß diser Bolet in chorgrichtliche&#13;
gefenckniß kommen, und darüber&#13;
meine gnedigen herren wegen syner gegen dem herrn predi¬&#13;
canten zu Vechingen usgegoßenen schandtlich&#13;
groben lasterworten berichtet, ist er&#13;
neben abtrag aller costen, uf schynbare&#13;
beßerung und gnad hin, mit dem eyd&#13;
von statt und land verwisen worden. Actum&#13;
den 29. Januarii 1670.</Unicode>
            </TextEquiv>
        </TextRegion>
        <TextRegion orientation="0.0" id="r2" custom="readingOrder {index:1;}">
            <Coords points="3218,888 3218,5355 4968,5355 4968,888"/>
            <TextLine id="r2l1" custom="readingOrder {index:0;}">
                <Coords points="3901,1012 3925,1000 3942,1007 3967,983 3982,991 4004,987 4013,995 4033,985 4066,996 4060,888 4027,887 3985,904 3945,884 3927,901 3895,901"/>
                <Baseline points="3908,956 3937,952 3966,950 3995,948 4024,948 4054,946"/>
                <TextEquiv>
                    <Unicode>[5.]</Unicode>
                </TextEquiv>
            </TextLine>
            <TextLine id="r2l2" custom="readingOrder {index:1;} person {offset:0; length:18;} NE {offset:0; length:18;}">
                <Coords points="3278,1293 3553,1374 3697,1371 3800,1433 3864,1379 4184,1361 4238,1414 4337,1383 4505,1465 4624,1378 4718,1385 4746,1425 4943,1373 4957,1325 4965,1287 4723,1182 4608,1181 4526,1128 4358,1195 4138,1167 3993,1244 3836,1141 3785,1099 3786,1088 3774,1087 3720,1247 3759,1087 3747,1081 3711,1081 3613,1092 3558,1208"/>
                <Baseline points="3564,1348 3621,1346 3678,1346 3735,1346 3792,1348 3850,1348 3907,1350 3964,1353 4021,1354 4078,1358 4136,1360 4193,1361 4250,1364 4307,1366 4364,1367 4422,1368 4479,1369 4536,1369 4593,1368 4650,1367 4708,1366"/>
                <TextEquiv>
                    <Unicode>Susanna Walspurger</Unicode>
                </TextEquiv>
            </TextLine>
            <TextLine id="r2l3" custom="readingOrder {index:2;} person {offset:11; length:11;} NE {offset:11; length:11;}">
                <Coords points="3207,1625 3481,1694 3606,1637 3688,1701 3987,1649 4123,1701 4247,1636 4652,1646 4934,1604 4903,1601 4652,1579 4413,1592 4259,1499 4102,1568 3854,1575 3503,1428 3336,1554 3208,1529"/>
                <Baseline points="3218,1630 3289,1629 3360,1628 3431,1628 3502,1628 3574,1630 3645,1630 3716,1632 3787,1632 3858,1634 3930,1634 4001,1636 4072,1636 4143,1636 4214,1636 4286,1636 4357,1636 4428,1634 4499,1634 4570,1631 4642,1628 4865,1617 4910,1598"/>
                <TextEquiv>
                    <Unicode>Wyl disere Walspurgeri in der </Unicode>
                </TextEquiv>
            </TextLine>
            <TextLine id="r2l4" custom="readingOrder {index:3;} ADJ {offset:4; length:16;} NN {offset:21; length:15;}">
                <Coords points="3381,1767 3434,1746 3680,1841 3782,1769 3998,1827 4202,1751 4284,1805 4533,1749 4601,1796 4713,1764 4972,1722 4713,1642 4445,1719 4252,1640 4126,1700 3935,1670 3788,1714 3608,1641 3532,1701 3434,1646 3381,1681"/>
                <Baseline points="3392,1752 3457,1750 3523,1748 3588,1746 3654,1744 3720,1744 3785,1744 3851,1744 3916,1744 3982,1745 4048,1746 4113,1746 4179,1746 4244,1746 4310,1746 4375,1746 4441,1745 4507,1744 4572,1742 4638,1738 4704,1734 4879,1730"/>
                <TextEquiv>
                    <Unicode>der chorgrichtlichen gefangenschafft</Unicode>
                </TextEquiv>
            </TextLine>
            <TextLine id="r2l5" custom="readingOrder {index:4;} ADV {offset:0; length:6;} vpar {offset:7; length:10;} NN {offset:23; length:7;} work {offset:31; length:4; continued:true;} NN {offset:31; length:4; continued:true;}">
                <Coords points="3396,1874 3536,1948 3718,1869 4690,1912 4944,1820 4812,1757 4689,1818 4497,1819 4378,1768 4274,1809 4208,1754 4002,1827 3826,1789 3759,1846 3484,1786 3396,1815"/>
                <Baseline points="3406,1862 3469,1864 3533,1865 3597,1866 3660,1866 3724,1868 3788,1868 3851,1868 3915,1868 3979,1868 4043,1868 4106,1866 4170,1866 4234,1866 4297,1864 4361,1864 4425,1862 4488,1862 4552,1861 4616,1860 4680,1860 4884,1847"/>
                <TextEquiv>
                    <Unicode>alhier enthaltend, deß anderen ehe¬</Unicode>
                </TextEquiv>
            </TextLine>
            <TextLine id="r2l6" custom="readingOrder {index:5;} work {offset:0; length:6; continued:true;} NN {offset:0; length:6; continued:true;} ADJ {offset:7; length:10;} VFINAUX {offset:19; length:3;} PRON {offset:23; length:2;} PRON {offset:30; length:6;} ADJ {offset:37; length:8;} NN {offset:46; length:6;}">
                <Coords points="3398,1998 4102,2072 4393,2000 4712,2087 4880,2021 4879,1884 4808,1911 4720,1839 4597,1948 4478,1969 4317,1877 4257,1918 4079,1874 3891,1944 3719,1868 3398,1955"/>
                <Baseline points="3408,1988 3481,1988 3554,1988 3627,1988 3700,1988 3773,1988 3846,1990 3919,1990 3992,1990 4065,1992 4139,1992 4212,1992 4285,1992 4358,1992 4431,1992 4504,1990 4577,1990 4650,1987 4723,1984 4796,1980 4870,1976"/>
                <TextEquiv>
                    <Unicode>bruchs bekantlich, ist sy von meinen gnedigen herren</Unicode>
                </TextEquiv>
            </TextLine>
            <TextLine id="r2l7" custom="readingOrder {index:6;} unclear {offset:15; length:16;} NN {offset:15; length:16;}">
                <Coords points="3410,2116 3649,2175 3725,2130 3925,2170 4067,2130 4273,2182 4470,2124 4557,2194 4778,2187 4872,2088 4841,2021 4779,2074 4382,2091 4200,2036 4044,2093 3787,2014 3692,2081 3558,1992 3465,2071 3410,2059"/>
                <Baseline points="3420,2112 3487,2112 3554,2110 3622,2110 3689,2111 3757,2112 3824,2112 3891,2114 3959,2114 4026,2116 4094,2118 4161,2118 4228,2118 4296,2120 4363,2120 4431,2120 4498,2118 4565,2118 4633,2116 4700,2113 4768,2110 4839,2104"/>
                <TextEquiv>
                    <Unicode>in drey järige landtsvuerwysung</Unicode>
                </TextEquiv>
            </TextLine>
            <TextLine id="r2l8" custom="readingOrder {index:7;} VFINAUX {offset:0; length:6;} NN {offset:19; length:3;} PRON {offset:23; length:4;}">
                <Coords points="3409,2252 3794,2249 3900,2298 4187,2266 4383,2324 4571,2243 4786,2239 4654,2159 4541,2198 4437,2126 4232,2203 4134,2196 4070,2133 3882,2196 3518,2135 3409,2174"/>
                <Baseline points="3420,2240 3487,2238 3555,2238 3623,2238 3691,2238 3759,2238 3826,2240 3894,2240 3962,2242 4030,2243 4098,2244 4165,2246 4233,2246 4301,2246 4369,2246 4437,2246 4504,2245 4572,2242 4640,2240 4708,2236 4776,2232"/>
                <TextEquiv>
                    <Unicode>erkent, und zu dem end ihre dem</Unicode>
                </TextEquiv>
            </TextLine>
            <TextLine id="r2l9" custom="readingOrder {index:8;} NN {offset:0; length:3;} VFINAUX {offset:4; length:9;} VINFZU {offset:14; length:6;} NN {offset:22; length:5;} latin {offset:22; length:5;}">
                <Coords points="3381,2420 3462,2453 3549,2386 3752,2359 4306,2425 4421,2352 4781,2375 4781,2305 4585,2249 4400,2334 4190,2271 4100,2322 3382,2266"/>
                <Baseline points="3392,2356 3460,2354 3529,2352 3598,2352 3667,2352 3736,2354 3805,2356 3874,2358 3943,2360 4012,2362 4081,2364 4149,2366 4218,2368 4287,2368 4356,2368 4425,2368 4494,2366 4563,2362 4632,2357 4701,2351 4770,2342 4877,2336"/>
                <TextEquiv>
                    <Unicode>eyd intimiert worden. Actum</Unicode>
                </TextEquiv>
            </TextLine>
            <TextLine id="r2l10" custom="readingOrder {index:9;} date {offset:4; length:16;}">
                <Coords points="3328,2522 3471,2537 3634,2508 3678,2539 3731,2522 3784,2546 3919,2511 4050,2545 4105,2523 4104,2429 3877,2409 3807,2359 3721,2360 3623,2414 3572,2388 3464,2455 3396,2419 3327,2434"/>
                <Baseline points="3338,2494 3375,2493 3413,2492 3451,2491 3489,2490 3527,2489 3564,2488 3602,2486 3640,2485 3678,2484 3716,2483 3753,2482 3791,2482 3829,2482 3867,2482 3905,2482 3942,2482 3980,2484 4018,2486 4056,2488 4094,2490"/>
                <TextEquiv>
                    <Unicode>den 10. Februar 1670.</Unicode>
                </TextEquiv>
            </TextLine>
            <TextLine id="r2l11" custom="readingOrder {index:10;} person {offset:0; length:16;} NE {offset:0; length:16;} unclear {offset:5; length:11;}">
                <Coords points="3904,3292 3729,3268 3602,3280 3493,3543 3702,3634 3794,3684 3881,3603 3993,3619 4064,3582 4346,3663 4578,3630 4662,3696 4768,3640 4903,3651 5016,3610 5009,3556 4905,3573 4757,3484 4640,3538 4496,3506 4383,3534 4314,3496 4221,3538 4149,3467 4000,3527 3887,3476 3705,3520"/>
                <Baseline points="3714,3596 3773,3596 3832,3596 3891,3598 3950,3600 4009,3601 4068,3602 4127,3604 4186,3606 4245,3609 4304,3612 4363,3614 4422,3616 4481,3618 4540,3620 4599,3622 4658,3624 4717,3626 4776,3627 4835,3628 4894,3630 4992,3625"/>
                <TextEquiv>
                    <Unicode>Hans Löüvenstein</Unicode>
                </TextEquiv>
            </TextLine>
            <TextLine id="r2l12" custom="readingOrder {index:11;} place {offset:4; length:9;} NE {offset:4; length:9;}">
                <Coords points="3631,3765 3796,3728 3858,3764 3978,3719 4163,3750 4242,3718 4361,3780 4526,3756 4525,3670 4417,3681 4267,3623 4188,3649 4128,3619 4028,3670 3876,3618 3799,3673 3718,3600 3629,3612"/>
                <Baseline points="3640,3726 3680,3724 3720,3723 3760,3722 3800,3720 3840,3718 3880,3718 3920,3717 3960,3716 4000,3716 4040,3714 4080,3714 4120,3714 4160,3714 4200,3714 4240,3714 4280,3714 4320,3714 4360,3714 4400,3714 4440,3714 4541,3712"/>
                <TextEquiv>
                    <Unicode>Von Kratnigen</Unicode>
                </TextEquiv>
            </TextLine>
            <TextLine id="r2l13" custom="readingOrder {index:12;} PRON {offset:8; length:5;} ADJ {offset:14; length:6;} NN {offset:21; length:6;} NN {offset:32; length:6;} PRON {offset:43; length:3;} ADJ {offset:47; length:13;}">
                <Coords points="3324,3901 3442,3988 3729,3906 3824,3997 3960,3944 4157,4010 4419,3913 4778,3952 4971,3885 4780,3813 4647,3788 4513,3879 4367,3777 4104,3843 3945,3804 3774,3876 3510,3748 3325,3788"/>
                <Baseline points="3334,3910 3405,3910 3477,3912 3549,3912 3620,3913 3692,3914 3764,3916 3835,3918 3907,3918 3979,3920 4051,3922 4122,3922 4194,3924 4266,3924 4337,3926 4409,3926 4481,3926 4552,3926 4624,3925 4696,3924 4768,3922 4954,3919"/>
                <TextEquiv>
                    <Unicode>Nachdem meine gnedig herren und oberen von ihr churfürstlich</Unicode>
                </TextEquiv>
            </TextLine>
            <TextLine id="r2l14" custom="readingOrder {index:13;} NN {offset:0; length:11;} place {offset:15; length:10;} person {offset:15; length:10; continued:true;} NE {offset:15; length:10;} ADJ {offset:26; length:12;} VFINAUX {offset:39; length:9;}">
                <Coords points="3262,4044 3547,4032 3685,4113 3839,4033 4236,4086 4390,4033 4634,4131 4739,4050 5062,4056 5010,3943 4418,3914 4196,4006 3961,3944 3815,3996 3730,3936 3613,3986 3554,3938 3490,3993 3367,3942 3263,3982"/>
                <Baseline points="3272,4034 3350,4030 3428,4028 3506,4026 3584,4026 3662,4026 3740,4026 3818,4028 3896,4029 3974,4030 4053,4032 4131,4034 4209,4036 4287,4038 4365,4038 4443,4040 4521,4040 4599,4040 4677,4040 4755,4038 4834,4036 5051,4034"/>
                <TextEquiv>
                    <Unicode>durchleücht zu Heidelberg schrifftlich berichtet</Unicode>
                </TextEquiv>
            </TextLine>
            <TextLine id="r2l15" custom="readingOrder {index:14;} VINFZU {offset:0; length:6;} VFINAUX {offset:11; length:5;} ADJ {offset:17; length:6;} person {offset:24; length:11;} NE {offset:24; length:11;}">
                <Coords points="3368,4164 3429,4204 3536,4158 3660,4207 3785,4184 3844,4228 4089,4155 4176,4212 4324,4148 4418,4203 4768,4179 4995,4128 4749,4068 4603,4134 4327,4126 4121,4041 4053,4098 3929,4041 3690,4126 3562,4040 3369,4078"/>
                <Baseline points="3378,4148 3447,4146 3516,4146 3585,4146 3654,4146 3723,4146 3792,4146 3861,4148 3930,4150 3999,4152 4068,4154 4137,4154 4206,4156 4275,4158 4344,4158 4413,4160 4482,4160 4551,4160 4620,4160 4689,4158 4758,4158 4979,4152"/>
                <TextEquiv>
                    <Unicode>worden, ob solte obiger Löüwenstein</Unicode>
                </TextEquiv>
            </TextLine>
            <TextLine id="r2l16" custom="readingOrder {index:15;} NN {offset:5; length:5;} NN {offset:11; length:7;} ADV {offset:19; length:10;} ADJ {offset:30; length:9; continued:true;}">
                <Coords points="3331,4319 3483,4281 3617,4353 3714,4272 3850,4354 4097,4270 4361,4293 4539,4372 4784,4290 4975,4295 4893,4210 4786,4194 4401,4194 4312,4260 4091,4158 3858,4242 3787,4186 3688,4231 3577,4166 3488,4220 3333,4197"/>
                <Baseline points="3342,4276 3413,4272 3485,4270 3556,4270 3628,4270 3700,4270 3771,4270 3843,4272 3914,4274 3986,4276 4058,4278 4129,4280 4201,4282 4272,4284 4344,4286 4416,4288 4487,4288 4559,4288 4630,4288 4702,4288 4774,4286 4956,4284"/>
                <TextEquiv>
                    <Unicode>dero ehren ynsigel vermitlest falschge¬</Unicode>
                </TextEquiv>
            </TextLine>
            <TextLine id="r2l17" custom="readingOrder {index:16;} ADJ {offset:0; length:9; continued:true;} NN {offset:10; length:8;} VFINAUX {offset:19; length:10;} VINFZU {offset:30; length:5;}">
                <Coords points="3351,4432 3402,4394 4155,4405 4454,4427 4535,4487 4779,4409 5045,4391 4780,4294 4635,4304 4542,4375 4401,4323 4286,4383 4047,4314 3638,4360 3409,4291 3352,4326"/>
                <Baseline points="3362,4404 3432,4400 3502,4398 3573,4396 3643,4396 3714,4396 3784,4396 3854,4397 3925,4398 3995,4400 4066,4402 4136,4404 4206,4406 4277,4406 4347,4408 4418,4408 4488,4408 4558,4406 4629,4404 4699,4401 4770,4396 5000,4400"/>
                <TextEquiv>
                    <Unicode>schribner patenten mißbraucht haben,</Unicode>
                </TextEquiv>
            </TextLine>
            <TextLine id="r2l18" custom="readingOrder {index:17;} VFINAUX {offset:0; length:3;} PRON {offset:4; length:2;} ADV {offset:7; length:6;} ADJ {offset:14; length:9;} unclear {offset:24; length:8;}">
                <Coords points="3348,4586 3458,4556 3517,4606 3612,4543 3916,4597 4052,4532 4193,4599 4467,4550 4588,4598 4668,4531 4780,4543 4937,4510 4781,4498 4673,4435 4554,4488 4446,4433 4390,4488 4288,4412 4177,4466 3990,4411 3881,4478 3652,4410 3482,4439 3417,4394 3349,4440"/>
                <Baseline points="3358,4524 3428,4522 3499,4520 3569,4520 3640,4520 3711,4520 3781,4522 3852,4522 3922,4524 3993,4526 4064,4528 4134,4530 4205,4530 4275,4532 4346,4532 4417,4532 4487,4532 4558,4531 4628,4529 4699,4527 4770,4522 4920,4529"/>
                <TextEquiv>
                    <Unicode>ist er alhier gfenklich zugezogen, und</Unicode>
                </TextEquiv>
            </TextLine>
            <TextLine id="r2l19" custom="readingOrder {index:18;} unclear {offset:12; length:2;} unclear {offset:15; length:7;} unclear {offset:23; length:7;} NN {offset:23; length:7;} NN {offset:37; length:5;}">
                <Coords points="3344,4672 3475,4744 3622,4671 3821,4747 4179,4674 4293,4742 4420,4658 4516,4730 4682,4673 4987,4659 4682,4563 4592,4608 4386,4560 4249,4629 4146,4557 3940,4630 3837,4571 3344,4586"/>
                <Baseline points="3354,4658 3419,4658 3485,4658 3551,4656 3617,4658 3683,4658 3749,4658 3815,4658 3881,4660 3947,4660 4013,4660 4078,4662 4144,4662 4210,4662 4276,4662 4342,4662 4408,4662 4474,4660 4540,4660 4606,4658 4672,4656 4965,4664"/>
                <TextEquiv>
                    <Unicode>volgends us ir gelobte bevelch durch herrn</Unicode>
                </TextEquiv>
            </TextLine>
            <TextLine id="r2l20" custom="readingOrder {index:19;} person {offset:0; length:21;} NE {offset:0; length:21;} NN {offset:22; length:10;}">
                <Coords points="3324,4844 3406,4865 3631,4783 3795,4794 3882,4880 3954,4817 4150,4855 4284,4797 4547,4849 4621,4793 4783,4814 4977,4777 4955,4698 4804,4693 4783,4750 4515,4731 4418,4658 4264,4758 4156,4673 3832,4747 3689,4689 3539,4751 3325,4687"/>
                <Baseline points="3334,4792 3405,4788 3477,4786 3549,4784 3621,4782 3693,4782 3765,4784 3837,4784 3909,4786 3981,4786 4053,4788 4124,4790 4196,4792 4268,4792 4340,4794 4412,4794 4484,4794 4556,4792 4628,4792 4700,4788 4772,4784 4970,4789"/>
                <TextEquiv>
                    <Unicode>Johann Rudolf Steiger großweibel</Unicode>
                </TextEquiv>
            </TextLine>
            <TextLine id="r2l21" custom="readingOrder {index:20;} NN {offset:8; length:14;} VFINAUX {offset:23; length:10;}">
                <Coords points="3331,4965 3574,4922 3914,4971 4269,4916 4339,4961 4613,4917 4685,4951 4844,4921 4966,4896 4844,4858 4511,4881 4379,4813 4226,4882 4054,4818 3882,4879 3798,4796 3653,4869 3583,4820 3395,4875 3329,4845"/>
                <Baseline points="3340,4932 3414,4928 3489,4924 3564,4922 3638,4920 3713,4918 3788,4918 3862,4918 3937,4918 4012,4918 4087,4918 4161,4918 4236,4918 4311,4918 4385,4918 4460,4918 4535,4916 4609,4916 4684,4913 4759,4910 4834,4906 4946,4918"/>
                <TextEquiv>
                    <Unicode>und den grichtschryber examiniert</Unicode>
                </TextEquiv>
            </TextLine>
            <TextLine id="r2l22" custom="readingOrder {index:21;} VINFZU {offset:0; length:6;} VFINAUX {offset:8; length:4;} VFINAUX {offset:16; length:6;} ADJ {offset:27; length:7;}">
                <Coords points="3357,5096 3509,5070 3615,5121 3666,5071 3797,5070 3955,5116 4123,5076 4258,5122 4540,5040 4781,5055 4978,5026 4932,4952 4781,5004 4449,4927 4288,4997 4203,4928 3684,4997 3585,4922 3486,5001 3357,4994"/>
                <Baseline points="3368,5054 3438,5052 3508,5052 3578,5052 3648,5050 3718,5050 3788,5050 3858,5048 3928,5048 3998,5048 4069,5048 4139,5048 4209,5046 4279,5046 4349,5046 4419,5046 4489,5044 4559,5044 4629,5044 4699,5044 4770,5042 4961,5046"/>
                <TextEquiv>
                    <Unicode>worden, hatt er bekent die bewuste</Unicode>
                </TextEquiv>
            </TextLine>
            <TextLine id="r2l23" custom="readingOrder {index:22;} NN {offset:0; length:6;} ADJ {offset:10; length:10;} NN {offset:21; length:4;} PRON {offset:30; length:4;} PRON {offset:35; length:4; continued:true;}">
                <Coords points="3319,5269 3553,5193 3738,5269 3915,5190 4311,5278 4478,5181 4624,5243 4939,5209 4973,5137 4618,5075 4537,5141 4467,5087 4285,5143 4097,5096 3903,5137 3804,5074 3317,5105"/>
                <Baseline points="3328,5192 3409,5190 3491,5188 3573,5186 3655,5184 3737,5182 3818,5180 3900,5180 3982,5178 4064,5178 4146,5177 4227,5176 4309,5176 4391,5176 4473,5176 4555,5176 4636,5176 4718,5176 4800,5176 4882,5176 4964,5176"/>
                <TextEquiv>
                    <Unicode>patent us tringender noth und sich der¬</Unicode>
                </TextEquiv>
            </TextLine>
            <TextLine id="r2l24" custom="readingOrder {index:23;} PRON {offset:0; length:8; continued:true;} PRON {offset:12; length:5;} unclear {offset:18; length:10;} unclear {offset:32; length:9;}">
                <Coords points="3346,5396 3661,5347 3823,5381 3937,5319 4334,5406 4819,5303 4979,5351 4978,5222 4753,5269 4695,5216 4640,5255 4474,5217 4311,5280 3836,5197 3638,5286 3345,5224"/>
                <Baseline points="3356,5326 3436,5323 3517,5318 3597,5316 3678,5312 3759,5310 3839,5308 3920,5308 4000,5306 4081,5306 4162,5306 4242,5306 4323,5306 4403,5306 4484,5306 4565,5308 4645,5308 4726,5310 4806,5310 4887,5311 4968,5312"/>
                <TextEquiv>
                    <Unicode>selbigen in syner alhar weiß by reformirt</Unicode>
                </TextEquiv>
            </TextLine>
            <TextEquiv>
                <Unicode>[5.]&#13;
Susanna Walspurger&#13;
Wyl disere Walspurgeri in der &#13;
der chorgrichtlichen gefangenschafft&#13;
alhier enthaltend, deß anderen ehe¬&#13;
bruchs bekantlich, ist sy von meinen gnedigen herren&#13;
in drey järige landtsvuerwysung&#13;
erkent, und zu dem end ihre dem&#13;
eyd intimiert worden. Actum&#13;
den 10. Februar 1670.&#13;
Hans Löüvenstein&#13;
Von Kratnigen&#13;
Nachdem meine gnedig herren und oberen von ihr churfürstlich&#13;
durchleücht zu Heidelberg schrifftlich berichtet&#13;
worden, ob solte obiger Löüwenstein&#13;
dero ehren ynsigel vermitlest falschge¬&#13;
schribner patenten mißbraucht haben,&#13;
ist er alhier gfenklich zugezogen, und&#13;
volgends us ir gelobte bevelch durch herrn&#13;
Johann Rudolf Steiger großweibel&#13;
und den grichtschryber examiniert&#13;
worden, hatt er bekent die bewuste&#13;
patent us tringender noth und sich der¬&#13;
selbigen in syner alhar weiß by reformirt</Unicode>
            </TextEquiv>
        </TextRegion>
    </Page>
</PcGts>
