5472 7296
1770 571 1922 631 [6.]
1186 734 2834 1231 perdianten (nicht aber hinder Wormbs
1240 992 2724 1303 noch Pfaltz) zubedienen, geschriben
1175 1128 2811 1463 und der churfürstliche durchlaucht ynsigel, welches
1227 1282 2798 1593 er ab einem alten brief genommen, mit
1174 1395 2769 1657 dürem färbkraut und öhl ernüeret,
1194 1563 2733 1807 daran gehenckt zu haben, habe aber
1184 1671 2743 1979 zwüschen Rohrbach und Heidelberg,
1217 1817 2697 2053 aus trunkenheit geschlaffen, und im
1216 1922 2747 2231 fortgehen, solches us unfürsichtigkeit
1213 2119 2699 2396 ligen laßen, habe im übrigen einich
1196 2257 2728 2489 virner damit bekomen, und seye
1181 2389 2723 2651 ime hertzlich leid, bätte ein hoche gelobte
1189 2544 2721 2799 obrekeit umb gnad und verzeichung.
1025 2923 2711 3128 Alß hierüber obiger Hans Löüwen¬
1145 3058 2749 3262 steins gethane bekantnuß hochgedacht
1213 3195 2779 3408 meinen gelobten herren fürgebracht, habent
1185 3299 2738 3511 sy darüber erkent, daß sy zwar
1174 3456 2717 3664 ursachgen ihme Löüewenstein der that
1191 3573 2760 3809 gemäs zuuerfahren, auf fürpitliches
1221 3726 2739 3915 anhalten aber seiner nechsten verwandten
1207 3833 2729 4065 auch in ansehen seiner leibsgebrechlich¬
1203 3975 2696 4157 keit, die straf dahin gemilteret,
1186 4110 2690 4346 daß er neben abtrag deß costens,
1151 4253 2704 4500 der fädern priviert und darbey
1205 4390 2686 4632 ehr und wehrloß erkent syn, solle
1200 4485 2774 4759 und zugleich sich deß begangen fählers
1190 4614 2786 4906 halben erkennen und ir churfürstliche durchlaucht
1190 4789 2759 5025 von Heidelberg umb gnad und verzychung
1178 4912 2750 5194 pitten sölle, welches er Löüwenstein
1200 5011 2608 5357 alßbald mit vöüwendem hertzen
1138 5144 2723 5500 willig erstattet. Actum 21. Junii 1670.
4101 828 4224 916 [7.]
3527 964 4867 1301 Heinrich Wild
3314 1330 4900 1532 Nachdem mein gnedig herren über
3349 1458 4969 1637 den angehörten chorgrichtlichen vortrag
3382 1554 4936 1793 gnugsam ursach gehabt, den unbendigen
3399 1689 5026 1886 in chorgrichtlicher gefangenschaft ligenden
3381 1808 5005 2034 obangedeütn Wild mit einer seineren
3362 1931 5005 2150 verbrechen gewesen straf anzusechen,
3356 2058 5035 2286 habent sy doch, us dero angebohrnen gnad,
3348 2189 4992 2388 imme noch uf dißmal verschonet und
3387 2330 5041 2532 anstatt derselben inne y die landtvuer¬
3403 2467 4841 2688 wysung uf gnad und schinbare
3393 2621 5081 2834 beßerung hin erkent, so an imme exequiert
3402 2754 4657 2978 worden. Actum 5. Julii 1670.
3405 3504 4770 3894 Christen Büelman
3602 3857 4431 4024 Von Höchstetten
3185 4078 4885 4334 Alß derselbige im underen spital
3382 4247 4946 4426 alhier (alß er alda ab den wägen
3316 4372 4964 4568 kettenen abgemacht) erdapet und in ge¬
3359 4466 4996 4678 fenklich verhafftung gesetzt worden, ist
3372 4624 5001 4816 er, alß ein gezigter böser bub, und der
3358 4749 4940 4934 sich hieuer schon underschidenlich mit
3352 4866 4935 5089 diebstählen vergriffen, durch die hoch¬
3374 4988 4949 5220 geachten ehrenursten, fürnemmen, fürsichtigen
3388 5115 5012 5346 weißen herren, der Rath Ludwig Stüeler
