5472 7296
1799 597 1968 705 [20]
1521 864 2764 1235 Bendicht Riedli
1481 1082 2643 1363 Von Rüegsouw pürtig.
1217 1373 2779 1725 Nachdem diser Bendicht Riedli bestia¬
1184 1507 2766 1824 lischer verdrabung gezigt und solches
1199 1683 2755 1959 von herren Niclaus Roht synem herren und
1196 1828 2742 2084 meister, meinen gnedigen herren und
1179 1951 2743 2213 oberen fürbracht worden, habend die¬
1185 2102 2767 2367 selbigen dero beiden dieneren herren
1182 2239 2765 2474 Johan Rudolf Steiger großweibel
1191 2363 2756 2632 und grichtschreiber Haas in beuelch
1211 2549 2747 2779 geben sich hinaus gahn Habstetten zube¬
1203 2715 2722 2918 geben, und deßwegen information
1204 2828 2737 3051 aufzunemen, welches dann den
1176 2968 2659 3210 letsten Augusti 1679. geschächen
1196 3128 2649 3346 worüber volgende persohnen bey
1161 3266 2419 3504 ihren guten trüwen zeüget:
1097 3536 2713 3865 Gerdrut Lyniger von Üttligen,
1156 3770 2643 3979 dißmal by gemeltem herrn Roht in
1153 3898 2734 4113 diensten, hatt für warhafft auch darbey
1145 4035 2650 4242 zuuerbleiben erhalten, daß alß sy
1146 4156 2740 4398 gestrigen tags morgens umb 7. uhren
1159 4318 2714 4538 vom mälchen nachen haus gegangen,
1158 4453 2750 4700 habe sy ein geiß oder bocks geblär gehört,
1141 4615 2742 4847 da sy anfencklich gemeint dergleichen
1150 4721 2725 5005 vych werde in der matten syn und die
1144 4878 2738 5142 jungen böüm verderben, alß sy aber
1133 4981 2772 5284 daselbst nichts gesechen, und nächer zum
1136 5140 2779 5436 haus kommen, habe sy durch die offne stallthüren
3883 784 4090 920 [21.]
3379 1009 5068 1285 die Geiß (sht nit an ihrem gewohnten orth,
3381 1187 5005 1394 sondern vor dem pferdt nacht by dem bock
3396 1290 5042 1565 etwann fünf schritt bas vornen leuig: und
3401 1481 4970 1699 endtlich imme Bendicht Riedli über der
3372 1601 5037 1837 geiß sich buckend, selbige umb etwas umb¬
3408 1737 5037 1983 faßend, und mit der fürsten hinder ihnen
3378 1901 4949 2120 stehend, angetroffen, obwolen sy kein
3394 2026 5049 2272 entblößung mögen erkennen. Eh sy aber
3370 2176 5012 2428 völlig hinzukommen, seye er Riedli in
3326 2329 5052 2585 die kuchi geflochen, hernach widerumb her¬
3334 2486 5069 2716 aus kommen, alßwann er us der stuben
3342 2652 4992 2883 köme, habe sy inne gefragt, was
3381 2785 5029 2999 er mit der geiß mache, und was das
3370 2975 5042 3172 sölle syn? Darüber er erbleichet
3365 3119 5033 3359 und erstummet nichts geantwortet, doch
3336 3273 4988 3511 darüber vermeldet, habe selbige fangen
3346 3429 4762 3683 und an gehörige stell binden wollen.
3344 3611 5056 3874 Es seye aber die geiß wider ire gewonheit
3229 3807 5042 4063 und etwas erscheücht gsin, daß sy sich nit alsbald
3316 3975 5032 4185 wollen fangen laßen. Im ubrigen habe
3346 4100 4993 4332 sy geschloßen, daß es der geiß halb, nit
3337 4254 4357 4499 recht müeße zugangen syn:
3059 4481 4995 4705 1. Wylen er Riedli sich obigermaßen über die
3317 4573 3883 4779 geiß gebukt.
3053 4741 4284 4964 2. Wylen er geflochen war.
3034 4908 4936 5107 3. Wylen er über obige zu und stellung er¬
3341 5036 4997 5233 bleichet und erstummet, auch nichts zu antworten gwüßt.
3033 5162 4936 5404 4. Wylen die geiß sich nit lychtlich habe fangen laßen,
3355 5306 3653 5421 wollen.
