5472 7296
581 2953 1104 3134 Blutstürzung
1729 630 1881 762 [18]
1210 893 2797 1188 die dritte spondel oder rückgrads ge¬
1197 1016 2522 1219 wäeb von unden uf gegangen;
1089 1149 2831 1386 2. In dem holen leib sich viel gestocktes blutt
1202 1243 2701 1447 gesetzt, und hin und her underloffen.
1125 1368 2787 1563 3. Daß die vena gliara schier ein zoll breit
1217 1469 2800 1647 in die länge verwundt, und umb und
1203 1584 2814 1763 umb in selbige gegend heüffig gelüffenes
1200 1698 1970 1845 blutt sich ergoßen.
1366 1937 2833 2217 Judicium medico - chirurgicum
1097 2084 2789 2392 Wan dan nun bey so bewandte wundt¬
1181 2286 2806 2500 that, was die anathomici einhälig statu¬
1206 2357 2745 2613 irend, sich befund, daß under anderen
1183 2491 2804 2703 grossen aderen im undern leib, sonder¬
1189 2608 2773 2774 lich die verletzung der venarum ilia¬
1201 2714 2770 2877 carum absolutè ex perse tödtlich so
1200 2818 2782 2992 wol in ansehen der großen blutstür¬
1194 2915 2789 3112 tzung, als auch daß hier kein rath, hilf
1189 3012 2744 3194 noch dexteritet derselben verhinderen
1172 3116 2777 3291 kan noch verminderen kan; Als ist auch
1186 3219 2774 3390 unser schluß und aussag bey unserem
1165 3326 2785 3497 guten gewüßen, dass der todt noth¬
1176 3432 2673 3603 sächlich ohne andere zufähl allhier
1192 3545 1612 3688 ervolget.
1962 3661 2782 3820 A. Wilhelmi M. Doctor
1305 3681 1803 3885 Underschriben
1900 3785 2769 3927 Martinus Bogdanus M.D.
1887 3904 2593 4069 Abraham Andres
1882 4005 2718 4163 Albrecht Baurenküng
2432 4097 2764 4244 chirurgus
1761 4158 2754 4367 Nicolaus Lang Operator
3964 721 4155 851 [19.]
3304 1022 4802 1245 Den 12. November 1670; Ist über
3322 1173 4846 1424 nechsthieuornermelten thodschlag der
3397 1293 4875 1558 erst und ander landtag nach alter
3369 1451 4620 1703 gewohnheit verfüert worden.
3136 2935 4823 3205 Volgendts den 21. dito ist der dridt und
3368 3115 4785 3310 letste landtag gehalten, da dan der
3366 3235 4828 3422 beklagte Guillaume Nourris (nachdem
3353 3345 4852 3557 imme förmcklich zur verantwortung
3355 3472 4948 3673 deß an Geörg Hürsch gethanen thodschlags,
3355 3604 4912 3811 herfürgerüefften, aber ohngeacht deßen
3378 3733 4798 3934 nit erschinnen) von meinen gnedigen herren räht und
3352 3862 4806 4074 burgeren, hundert und ein jahr
3353 3990 4934 4189 von dero statt und landt banihsiert
3364 4157 3826 4316 worden.
