<?xml version="1.0" encoding="UTF-8" standalone="yes"?>
<PcGts xmlns="http://schema.primaresearch.org/PAGE/gts/pagecontent/2013-07-15" xmlns:xsi="http://www.w3.org/2001/XMLSchema-instance" xsi:schemaLocation="http://schema.primaresearch.org/PAGE/gts/pagecontent/2013-07-15 http://schema.primaresearch.org/PAGE/gts/pagecontent/2013-07-15/pagecontent.xsd">
    <Metadata>
        <Creator>prov=University of Rostock/Institute of Mathematics/CITlab|PLANET AI GmbH/Gundram Leifert/gundram.leifert@planet-ai.de:name=German_Kurrent_XVI-XVIII_M1(htr_id=19584)::::v=2.6.6
prov=University of Rostock/Institute of Mathematics/CITlab|PLANET AI GmbH/Tobias Gruening/tobias.gruening@planet-ai.de:name=de.uros.citlab.module.baseline2polygon.B2PSeamMultiOriented:v=2.6.6
prov=University of Rostock/Institute of Mathematics/CITlab|PLANET AI GmbH/Tobias Gruening/tobias.gruening@planet-ai.de:name=/net_tf/LA73_249_0mod360.pb:de.uros.citlab.segmentation.CITlab_LA_ML:v=2.6.6
Transkribus</Creator>
        <Created>2020-10-05T12:03:38.824+02:00</Created>
        <LastChange>2020-11-30T11:41:08.442+01:00</LastChange>
        <TranskribusMetadata docId="1334836" pageId="52361354" pageNr="12" tsid="114643133" status="GT" userId="68820" imgUrl="https://files.transkribus.eu/Get?id=GUBMHCAVNHYORHLXOBHKFSCX&amp;fileType=view" xmlUrl="https://files.transkribus.eu/Get?id=WTBAOQVHKRZSFRSTLKHJWFVM" imageId="16047310"/>
    </Metadata>
    <Page imageFilename="Turmbuch_StAB B IX 481_00012-20200925_095652.jpg" imageWidth="5472" imageHeight="7296">
        <ReadingOrder>
            <OrderedGroup id="ro_1687513700585" caption="Regions reading order">
                <RegionRefIndexed index="0" regionRef="r1"/>
                <RegionRefIndexed index="1" regionRef="r2"/>
                <RegionRefIndexed index="2" regionRef="r3"/>
                <RegionRefIndexed index="3" regionRef="r4"/>
                <RegionRefIndexed index="4" regionRef="r5"/>
            </OrderedGroup>
        </ReadingOrder>
        <TextRegion orientation="0.0" id="r1" custom="readingOrder {index:0;}">
            <Coords points="1172,564 1172,5725 2842,5725 2842,564"/>
            <TextLine id="r1l1" custom="readingOrder {index:0;}">
                <Coords points="1844,642 1854,642 1868,652 1893,643 1915,646 1934,634 1942,636 1959,621 1967,622 1984,606 1995,607 1998,548 1951,533 1893,552 1863,535 1851,535"/>
                <Baseline points="1856,610 1881,617 1907,618 1932,618 1958,620 1984,622"/>
                <TextEquiv>
                    <Unicode>[16.]</Unicode>
                </TextEquiv>
            </TextLine>
            <TextLine id="r1l2" custom="readingOrder {index:1;}">
                <Coords points="1242,889 1440,894 1513,975 1618,925 1946,1017 2030,978 2304,1026 2542,1135 2644,1095 2829,1179 2841,1105 2773,1062 2304,931 2167,949 1793,844 1532,855 1383,740 1263,765"/>
                <Baseline points="1256,862 1334,874 1412,886 1491,898 1569,910 1648,921 1726,932 1804,943 1883,955 1961,966 2040,979 2118,992 2196,1005 2275,1019 2353,1035 2432,1052 2510,1068 2588,1086 2667,1105 2745,1126 2824,1148"/>
                <TextEquiv>
                    <Unicode>Als hierüber auch die tagwächter by dem</Unicode>
                </TextEquiv>
            </TextLine>
            <TextLine id="r1l3" custom="readingOrder {index:2;}">
                <Coords points="1283,993 1535,1031 1578,1086 1655,1042 1827,1134 1964,1070 2068,1148 2292,1112 2827,1268 2859,1159 2548,1137 2034,980 1738,1009 1621,930 1514,975 1295,915"/>
                <Baseline points="1296,980 1373,990 1450,1001 1527,1013 1604,1023 1681,1033 1758,1042 1835,1053 1912,1061 1989,1073 2066,1084 2143,1095 2220,1108 2297,1120 2374,1134 2451,1149 2528,1165 2605,1182 2682,1202 2759,1222 2836,1244"/>
                <TextEquiv>
                    <Unicode>obern thor zu red gesetzt worden, worumb</Unicode>
                </TextEquiv>
            </TextLine>
            <TextLine id="r1l4" custom="readingOrder {index:3;}">
                <Coords points="1256,1164 1399,1114 1568,1199 1771,1146 1909,1221 2173,1209 2302,1293 2461,1257 2815,1356 2858,1287 2758,1229 2623,1255 2425,1157 2102,1164 1998,1080 1837,1126 1281,998"/>
                <Baseline points="1276,1092 1354,1100 1432,1108 1510,1115 1588,1124 1667,1134 1745,1143 1823,1152 1901,1162 1979,1173 2058,1183 2136,1195 2214,1207 2292,1220 2370,1234 2449,1249 2527,1264 2605,1281 2683,1299 2761,1317 2840,1336"/>
                <TextEquiv>
                    <Unicode>sy deß herren großweibels gethaner anstalt</Unicode>
                </TextEquiv>
            </TextLine>
            <TextLine id="r1l5" custom="readingOrder {index:4;}">
                <Coords points="1267,1206 1431,1209 1541,1297 1739,1245 1804,1304 2196,1309 2253,1371 2452,1350 2817,1438 2724,1326 2291,1292 2176,1208 1968,1246 1876,1185 1775,1220 1704,1146 1569,1199 1437,1122 1280,1120"/>
                <Baseline points="1280,1194 1356,1201 1432,1210 1509,1218 1585,1227 1662,1236 1738,1244 1814,1252 1891,1262 1967,1271 2044,1282 2120,1293 2196,1304 2273,1316 2349,1328 2426,1342 2502,1356 2578,1371 2655,1387 2731,1403 2808,1420"/>
                <TextEquiv>
                    <Unicode>und empfangenen bevelch gemäs, allen</Unicode>
                </TextEquiv>
            </TextLine>
            <TextLine id="r1l6" custom="readingOrder {index:5;}">
                <Coords points="1253,1359 1452,1313 1811,1419 2085,1424 2139,1477 2241,1421 2431,1435 2818,1549 2843,1456 2220,1332 2090,1368 2016,1312 1793,1302 1738,1243 1596,1303 1431,1210 1269,1243"/>
                <Baseline points="1272,1294 1349,1305 1427,1315 1504,1325 1582,1335 1660,1343 1737,1352 1815,1361 1892,1370 1970,1379 2048,1390 2125,1399 2203,1411 2280,1421 2358,1433 2436,1446 2513,1460 2591,1474 2668,1488 2746,1505 2824,1524"/>
                <TextEquiv>
                    <Unicode>handwercks gesellen by den thoren ufzu¬</Unicode>
                </TextEquiv>
            </TextLine>
            <TextLine id="r1l7" custom="readingOrder {index:6;} unclear {offset:12; length:7;} person {offset:12; length:7;}">
                <Coords points="1251,1437 1542,1416 1706,1504 1869,1466 2339,1539 2417,1603 2506,1547 2848,1661 2863,1552 2476,1513 2318,1436 2233,1480 2147,1422 1570,1394 1432,1322 1262,1354"/>
                <Baseline points="1268,1390 1346,1405 1425,1418 1504,1429 1582,1439 1661,1448 1740,1457 1818,1465 1897,1473 1976,1480 2055,1489 2133,1497 2212,1506 2291,1515 2369,1527 2448,1539 2527,1553 2605,1571 2684,1588 2763,1609 2842,1632"/>
                <TextEquiv>
                    <Unicode>halten; den Nourris nit ufgehalten habind,</Unicode>
                </TextEquiv>
            </TextLine>
            <TextLine id="r1l8" custom="readingOrder {index:7;}">
                <Coords points="1239,1592 1484,1530 1619,1621 1739,1562 1895,1623 1973,1586 2104,1666 2368,1628 2835,1758 2853,1664 2416,1602 2342,1543 1990,1549 1866,1464 1723,1526 1541,1416 1386,1464 1259,1430"/>
                <Baseline points="1260,1502 1338,1513 1417,1523 1496,1532 1575,1541 1654,1550 1732,1557 1811,1564 1890,1573 1969,1580 2048,1588 2126,1598 2205,1607 2284,1618 2363,1628 2442,1642 2520,1655 2599,1670 2678,1685 2757,1702 2836,1724"/>
                <TextEquiv>
                    <Unicode>habend sy, uf sein herrn großweibel ernst¬</Unicode>
                </TextEquiv>
            </TextLine>
            <TextLine id="r1l9" custom="readingOrder {index:8;}">
                <Coords points="1254,1642 1340,1695 1419,1643 1551,1709 1768,1666 1895,1760 2176,1715 2530,1829 2672,1786 2843,1836 2852,1763 2664,1691 2303,1695 2204,1634 2120,1672 1754,1575 1620,1621 1424,1549 1262,1578"/>
                <Baseline points="1268,1612 1346,1622 1424,1632 1503,1641 1581,1649 1660,1659 1738,1666 1816,1673 1895,1681 1973,1689 2052,1697 2130,1704 2208,1712 2287,1722 2365,1730 2444,1741 2522,1751 2600,1763 2679,1776 2757,1790 2836,1808"/>
                <TextEquiv>
                    <Unicode>liches zusprechen, sich volgender gestalt be¬</Unicode>
                </TextEquiv>
            </TextLine>
            <TextLine id="r1l10" custom="readingOrder {index:9;}">
                <Coords points="1236,1748 2414,1884 2425,1765 2283,1782 2186,1715 2073,1761 1896,1761 1631,1680 1497,1722 1403,1658 1341,1695 1245,1657"/>
                <Baseline points="1248,1722 1306,1728 1364,1734 1422,1740 1480,1746 1538,1751 1596,1756 1654,1760 1712,1767 1770,1772 1828,1777 1886,1782 1944,1788 2002,1794 2060,1799 2118,1806 2176,1811 2234,1817 2292,1824 2350,1830 2408,1838"/>
                <TextEquiv>
                    <Unicode>antwortet und entschuldiget.</Unicode>
                </TextEquiv>
            </TextLine>
            <TextLine id="r1l11" custom="readingOrder {index:10;} unclear {offset:0; length:8;} person {offset:9; length:11;} unclear {offset:36; length:8;} person {offset:45; length:7; continued:true;}">
                <Coords points="1199,1976 1383,1930 1579,2009 1778,1966 1944,2063 2098,2013 2205,2073 2431,2043 2844,2124 2852,2042 2636,1983 2430,2011 2292,1919 2229,1960 1585,1910 1304,1789 1216,1811"/>
                <Baseline points="1216,1916 1297,1928 1378,1937 1459,1946 1540,1954 1621,1961 1702,1969 1783,1976 1864,1984 1945,1990 2026,1997 2107,2005 2188,2013 2269,2021 2350,2029 2431,2038 2512,2047 2593,2059 2674,2071 2755,2083 2836,2098"/>
                <TextEquiv>
                    <Unicode>Monsieur Daniel Tößi berichtet, als monsieur Niklaus</Unicode>
                </TextEquiv>
            </TextLine>
            <TextLine id="r1l12" custom="readingOrder {index:11;} person {offset:0; length:6; continued:true;} unclear {offset:15; length:8;} person {offset:24; length:17;}">
                <Coords points="1239,2066 2241,2115 2793,2222 2802,2141 2432,2044 2284,2089 1937,2006 1851,2047 1800,1990 1652,2043 1387,1930 1248,1955"/>
                <Baseline points="1252,2036 1328,2044 1405,2050 1482,2057 1559,2062 1636,2069 1712,2074 1789,2080 1866,2084 1943,2088 2020,2094 2096,2100 2173,2105 2250,2112 2327,2118 2404,2128 2480,2136 2557,2146 2634,2157 2711,2169 2788,2182"/>
                <TextEquiv>
                    <Unicode>Hafner anstatt monsieur Rodolf Langhansen,</Unicode>
                </TextEquiv>
            </TextLine>
            <TextLine id="r1l13" custom="readingOrder {index:12;}">
                <Coords points="1265,2187 1337,2150 1457,2228 1637,2179 1820,2254 1905,2181 2031,2239 2100,2189 2239,2249 2289,2214 2805,2294 2809,2237 2740,2208 2419,2189 2305,2128 1844,2154 1629,2066 1488,2137 1274,2066"/>
                <Baseline points="1278,2148 1353,2152 1429,2156 1505,2161 1581,2165 1657,2169 1733,2174 1809,2178 1885,2183 1961,2188 2037,2193 2112,2199 2188,2205 2264,2211 2340,2217 2416,2225 2492,2232 2568,2240 2644,2249 2720,2258 2796,2268"/>
                <TextEquiv>
                    <Unicode>so zu predig gangen, deß morgens die</Unicode>
                </TextEquiv>
            </TextLine>
            <TextLine id="r1l14" custom="readingOrder {index:13;}">
                <Coords points="1263,2275 1408,2265 1549,2340 1984,2277 2252,2359 2333,2314 2554,2399 2654,2341 2821,2392 2826,2321 2287,2216 2133,2266 1905,2180 1821,2252 1770,2205 1422,2230 1270,2172"/>
                <Baseline points="1276,2246 1352,2250 1429,2254 1506,2258 1583,2263 1660,2266 1736,2270 1813,2274 1890,2280 1967,2284 2044,2290 2120,2294 2197,2299 2274,2306 2351,2312 2428,2318 2504,2325 2581,2333 2658,2341 2735,2351 2812,2360"/>
                <TextEquiv>
                    <Unicode>stündtliche wacht verrichtet, seye einer</Unicode>
                </TextEquiv>
            </TextLine>
            <TextLine id="r1l15" custom="readingOrder {index:14;}">
                <Coords points="1268,2383 1646,2374 1815,2442 1893,2386 1972,2421 2048,2383 2209,2469 2395,2409 2785,2475 2788,2424 2690,2377 2552,2401 1858,2304 1805,2346 1500,2339 1276,2267"/>
                <Baseline points="1280,2346 1354,2351 1429,2356 1504,2360 1579,2366 1654,2370 1728,2374 1803,2378 1878,2382 1953,2386 2028,2390 2102,2394 2177,2398 2252,2402 2327,2409 2402,2413 2476,2419 2551,2425 2626,2433 2701,2441 2776,2448"/>
                <TextEquiv>
                    <Unicode>dahar kommen, so ein mässtab under dem</Unicode>
                </TextEquiv>
            </TextLine>
            <TextLine id="r1l16" custom="readingOrder {index:15;} unclear {offset:11; length:8;}">
                <Coords points="1252,2479 1688,2479 2066,2550 2188,2503 2475,2561 2573,2517 2838,2571 2841,2506 2718,2443 2610,2497 2469,2436 2185,2477 2042,2386 1910,2383 1821,2450 1628,2373 1499,2445 1255,2412"/>
                <Baseline points="1264,2454 1342,2459 1420,2463 1498,2468 1576,2470 1655,2474 1733,2478 1811,2480 1889,2484 1967,2487 2046,2490 2124,2493 2202,2496 2280,2501 2358,2506 2437,2511 2515,2516 2593,2522 2671,2529 2749,2535 2828,2544"/>
                <TextEquiv>
                    <Unicode>arm und ein fürfähl an - auch ein käppli</Unicode>
                </TextEquiv>
            </TextLine>
            <TextLine id="r1l17" custom="readingOrder {index:16;} person {offset:25; length:6;}">
                <Coords points="1252,2595 1380,2632 1656,2561 2191,2645 2290,2611 2402,2678 2669,2629 2816,2686 2820,2609 2662,2593 2575,2519 2288,2579 2158,2533 1833,2551 1748,2495 1695,2537 1611,2492 1447,2514 1383,2460 1258,2488"/>
                <Baseline points="1264,2554 1341,2558 1418,2563 1495,2566 1572,2568 1650,2572 1727,2574 1804,2578 1881,2581 1958,2584 2036,2587 2113,2592 2190,2594 2267,2599 2344,2604 2422,2609 2499,2615 2576,2622 2653,2628 2730,2636 2808,2644"/>
                <TextEquiv>
                    <Unicode>ufgehabt, vor welchem er Hafner den</Unicode>
                </TextEquiv>
            </TextLine>
            <TextLine id="r1l18" custom="readingOrder {index:17;}">
                <Coords points="1227,2728 1593,2664 1715,2747 2137,2700 2547,2777 2838,2770 2841,2710 2580,2644 2396,2682 2283,2616 2015,2658 1810,2587 1739,2625 1647,2561 1232,2619"/>
                <Baseline points="1240,2660 1319,2664 1398,2668 1478,2670 1557,2674 1637,2676 1716,2678 1795,2680 1875,2682 1954,2685 2034,2688 2113,2690 2192,2694 2272,2697 2351,2703 2431,2709 2510,2714 2589,2722 2669,2728 2748,2738 2828,2748"/>
                <TextEquiv>
                    <Unicode>gatter zugethan, als aber derselbige ge¬</Unicode>
                </TextEquiv>
            </TextLine>
            <TextLine id="r1l19" custom="readingOrder {index:18;}">
                <Coords points="1261,2771 1320,2809 1467,2758 1670,2837 1774,2770 2079,2839 2236,2789 2845,2864 2849,2785 2761,2742 2421,2772 2057,2706 1877,2749 1599,2667 1482,2729 1402,2666 1266,2674"/>
                <Baseline points="1272,2746 1350,2752 1428,2759 1506,2763 1584,2766 1663,2770 1741,2772 1819,2776 1897,2778 1975,2780 2054,2783 2132,2786 2210,2788 2288,2791 2366,2795 2445,2800 2523,2804 2601,2809 2679,2816 2757,2823 2836,2832"/>
                <TextEquiv>
                    <Unicode>sagt, er seye in deß steinig werchmeisters</Unicode>
                </TextEquiv>
            </TextLine>
            <TextLine id="r1l20" custom="readingOrder {index:19;}">
                <Coords points="1256,2875 1316,2845 1536,2917 1879,2868 2169,2952 2550,2902 2753,2960 2812,2950 2815,2879 2275,2792 2132,2859 1777,2771 1669,2837 1503,2770 1388,2824 1259,2794"/>
                <Baseline points="1268,2844 1344,2849 1421,2853 1498,2856 1575,2860 1652,2863 1728,2866 1805,2868 1882,2872 1959,2874 2036,2876 2112,2878 2189,2882 2266,2884 2343,2887 2420,2891 2496,2896 2573,2900 2650,2905 2727,2909 2804,2916"/>
                <TextEquiv>
                    <Unicode>diensten, und daß er an sein arbeit gehen</Unicode>
                </TextEquiv>
            </TextLine>
            <TextLine id="r1l21" custom="readingOrder {index:20;} person {offset:10; length:6;}">
                <Coords points="1270,2954 1507,3014 1640,2973 1699,3020 2657,2991 2755,3044 2814,3026 2817,2951 1998,2932 1879,2870 1681,2920 1272,2880"/>
                <Baseline points="1280,2940 1356,2946 1432,2950 1508,2954 1584,2958 1661,2961 1737,2964 1813,2966 1889,2969 1965,2970 2042,2972 2118,2974 2194,2976 2270,2979 2346,2982 2423,2985 2499,2988 2575,2993 2651,2998 2727,3004 2804,3010"/>
                <TextEquiv>
                    <Unicode>wolle, er Hafner auch vermeint, daß</Unicode>
                </TextEquiv>
            </TextLine>
            <TextLine id="r1l22" custom="readingOrder {index:21;}">
                <Coords points="1252,3080 2034,3140 2258,3081 2555,3153 2615,3107 2833,3141 2837,3050 2500,3050 2360,2994 1902,3035 1653,2975 1487,3020 1256,2965"/>
                <Baseline points="1264,3032 1342,3038 1420,3042 1498,3046 1576,3050 1654,3052 1732,3054 1810,3056 1888,3058 1966,3060 2044,3061 2122,3062 2200,3064 2278,3068 2356,3070 2434,3074 2512,3079 2590,3084 2668,3090 2746,3097 2824,3106"/>
                <TextEquiv>
                    <Unicode>disem also seye, habe er ihne gehen laßen.</Unicode>
                </TextEquiv>
            </TextLine>
            <TextLine id="r1l23" custom="readingOrder {index:22;} unclear {offset:0; length:8;} person {offset:9; length:14;} person {offset:35; length:5;}">
                <Coords points="1198,3265 1345,3201 1802,3221 1852,3271 2305,3236 2420,3293 2561,3212 2637,3270 2797,3245 2770,3158 2315,3117 2133,3194 2001,3117 1732,3176 1391,3098 1200,3142"/>
                <Baseline points="1208,3206 1287,3208 1366,3208 1445,3208 1524,3208 1603,3210 1682,3210 1761,3210 1840,3212 1919,3212 1998,3214 2077,3214 2156,3216 2235,3216 2314,3218 2393,3220 2472,3222 2551,3224 2630,3226 2709,3228 2788,3230"/>
                <TextEquiv>
                    <Unicode>Monsieur Niclaus Hafner hat obigen Tößis</Unicode>
                </TextEquiv>
            </TextLine>
            <TextLine id="r1l24" custom="readingOrder {index:23;}">
                <Coords points="1245,3315 1501,3380 1711,3318 1820,3367 1955,3307 2081,3353 2613,3329 2784,3394 2805,3275 2628,3295 2492,3235 2411,3298 2242,3251 2038,3291 1940,3238 1854,3273 1799,3216 1246,3262"/>
                <Baseline points="1256,3302 1332,3305 1409,3308 1486,3310 1563,3312 1640,3313 1716,3314 1793,3316 1870,3318 1947,3318 2024,3320 2100,3321 2177,3322 2254,3324 2331,3326 2408,3328 2484,3331 2561,3334 2638,3337 2715,3341 2792,3346"/>
                <TextEquiv>
                    <Unicode>aussag bestätiget, mit vermelden, daß er</Unicode>
                </TextEquiv>
            </TextLine>
            <TextLine id="r1l25" custom="readingOrder {index:24;}">
                <Coords points="1235,3418 1406,3482 1498,3425 1629,3474 1938,3429 2213,3469 2374,3415 2503,3464 2837,3452 2838,3393 2240,3327 1819,3368 1713,3317 1412,3383 1354,3329 1236,3373"/>
                <Baseline points="1246,3404 1325,3404 1404,3406 1483,3407 1562,3408 1641,3408 1720,3410 1799,3410 1878,3412 1957,3412 2037,3414 2116,3414 2195,3416 2274,3418 2353,3420 2432,3422 2511,3424 2590,3426 2669,3430 2748,3433 2828,3438"/>
                <TextEquiv>
                    <Unicode>nit gewüßt, daß es gefehlt, weilen andere</Unicode>
                </TextEquiv>
            </TextLine>
            <TextLine id="r1l26" custom="readingOrder {index:25;}">
                <Coords points="1243,3528 1378,3576 1768,3522 1822,3571 1887,3527 1980,3566 2063,3521 2706,3575 2755,3484 2568,3444 2461,3489 2382,3415 2212,3469 2147,3433 2070,3497 1243,3437"/>
                <Baseline points="1252,3510 1326,3512 1401,3512 1475,3514 1550,3516 1625,3516 1699,3518 1774,3518 1848,3518 1923,3518 1998,3518 2072,3518 2147,3518 2221,3518 2296,3518 2371,3518 2445,3518 2520,3518 2594,3518 2669,3518 2744,3518"/>
                <TextEquiv>
                    <Unicode>dergleichen personen, darunder auch ein</Unicode>
                </TextEquiv>
            </TextLine>
            <TextLine id="r1l27" custom="readingOrder {index:26;} person {offset:9; length:8;}">
                <Coords points="1228,3674 1313,3619 1824,3675 2105,3624 2472,3689 2800,3632 2800,3575 2172,3537 2052,3592 1764,3519 1617,3585 1228,3583"/>
                <Baseline points="1238,3622 1315,3622 1393,3624 1470,3624 1548,3624 1626,3622 1703,3622 1781,3622 1858,3622 1936,3620 2014,3620 2091,3620 2169,3618 2246,3618 2324,3618 2402,3616 2479,3616 2557,3616 2634,3616 2712,3616 2790,3616"/>
                <TextEquiv>
                    <Unicode>gewüsser Spengler, mit rath obigen seines</Unicode>
                </TextEquiv>
            </TextLine>
            <TextLine id="r1l28" custom="readingOrder {index:27;} unclear {offset:13; length:6;}">
                <Coords points="1216,3794 1430,3725 1566,3771 1971,3733 2310,3771 2425,3725 2614,3795 2764,3769 2716,3638 2473,3688 2205,3634 2058,3686 1942,3632 1632,3675 1350,3632 1215,3678"/>
                <Baseline points="1226,3734 1302,3730 1378,3726 1455,3724 1531,3720 1608,3720 1684,3718 1760,3718 1837,3718 1913,3718 1990,3718 2066,3718 2142,3718 2219,3719 2295,3720 2372,3718 2448,3718 2524,3717 2601,3716 2677,3713 2754,3710"/>
                <TextEquiv>
                    <Unicode>gespanen auch ußher gelaßen worden seye.</Unicode>
                </TextEquiv>
            </TextLine>
            <TextLine id="r1l29" custom="readingOrder {index:28;}">
                <Coords points="1389,3932 1851,3930 1964,3873 2253,3858 2574,3867 2650,3924 2786,3825 2588,3777 2393,3823 2248,3767 2115,3804 1623,3753 1388,3841"/>
                <Baseline points="1398,3878 1466,3878 1535,3876 1604,3875 1673,3874 1742,3872 1811,3870 1880,3869 1949,3868 2018,3866 2087,3864 2155,3862 2224,3861 2293,3860 2362,3859 2431,3858 2500,3858 2569,3858 2638,3858 2707,3858 2776,3858"/>
                <TextEquiv>
                    <Unicode>Sonst habind sy die wächter all drey ge¬</Unicode>
                </TextEquiv>
            </TextLine>
            <TextLine id="r1l30" custom="readingOrder {index:29;}">
                <Coords points="1225,4009 1331,4037 1506,3973 1704,4040 1824,3971 2555,4001 2633,3947 2818,4010 2816,3905 2635,3876 2377,3910 2252,3859 2026,3925 1948,3877 1591,3945 1223,3900"/>
                <Baseline points="1234,3974 1312,3974 1391,3974 1470,3974 1548,3972 1627,3972 1706,3970 1784,3968 1863,3966 1942,3962 2021,3960 2099,3958 2178,3956 2257,3954 2335,3952 2414,3952 2493,3950 2571,3950 2650,3950 2729,3952 2808,3954"/>
                <TextEquiv>
                    <Unicode>stehen müßen, daß ihnen uf der wacht ange¬</Unicode>
                </TextEquiv>
            </TextLine>
            <TextLine id="r1l31" custom="readingOrder {index:30;}">
                <Coords points="1247,4063 1384,4119 1462,4057 1615,4111 1796,4058 2210,4114 2291,4060 2618,4115 2777,4064 2776,4017 2676,3986 2128,4028 1904,3975 1814,4035 1630,4038 1436,3970 1334,4035 1246,4018"/>
                <Baseline points="1258,4062 1333,4064 1408,4064 1484,4066 1559,4066 1635,4066 1710,4064 1785,4064 1861,4062 1936,4061 2012,4060 2087,4057 2162,4056 2238,4053 2313,4052 2389,4050 2464,4048 2539,4046 2615,4046 2690,4044 2766,4044"/>
                <TextEquiv>
                    <Unicode>ezeigt worden; Des morgens einiche hand¬</Unicode>
                </TextEquiv>
            </TextLine>
            <TextLine id="r1l32" custom="readingOrder {index:31;}">
                <Coords points="1233,4198 1389,4169 1483,4226 1684,4229 1824,4162 1984,4213 2075,4157 2246,4149 2344,4203 2627,4151 2578,4085 2322,4064 2212,4115 2039,4081 1576,4120 1514,4079 1231,4123"/>
                <Baseline points="1242,4162 1310,4162 1379,4164 1448,4164 1516,4162 1585,4162 1654,4160 1722,4158 1791,4156 1860,4153 1929,4150 1997,4148 2066,4145 2135,4142 2203,4140 2272,4138 2341,4137 2409,4136 2478,4136 2547,4136 2616,4136"/>
                <TextEquiv>
                    <Unicode>wercks bursch nit hinaus ze laßen.</Unicode>
                </TextEquiv>
            </TextLine>
            <TextLine id="r1l34" custom="readingOrder {index:32;} unclear {offset:0; length:8;} person {offset:9; length:12;} person {offset:27; length:12;}">
                <Coords points="1163,4404 1330,4330 1383,4372 1419,4339 1575,4328 1744,4389 1786,4364 1839,4382 1899,4332 2043,4339 2724,4303 2806,4303 2812,4244 2705,4242 2040,4201 1858,4215 1704,4281 1502,4220 1379,4269 1160,4248"/>
                <Baseline points="1172,4336 1215,4334 1258,4332 1301,4330 1344,4328 1387,4328 1430,4326 1473,4326 1516,4326 1559,4326 1602,4324 1645,4324 1688,4324 1731,4324 1774,4324 1817,4322 1860,4322 1903,4320 1946,4318 1989,4316 2032,4314 2797,4306"/>
                <TextEquiv>
                    <Unicode>Monsieur Jacob im Hof, und Eichelberger</Unicode>
                </TextEquiv>
            </TextLine>
            <TextLine id="r1l35" custom="readingOrder {index:33;} unclear {offset:6; length:8;}">
                <Coords points="1230,4473 1643,4429 1737,4481 1941,4426 2037,4470 2309,4408 2465,4470 2765,4421 2789,4309 2474,4375 2376,4331 2290,4384 2191,4332 2146,4378 1745,4389 1532,4327 1228,4378"/>
                <Baseline points="1240,4434 1317,4432 1394,4430 1471,4428 1548,4426 1625,4425 1702,4424 1779,4422 1856,4420 1933,4420 2010,4418 2087,4416 2164,4414 2241,4412 2318,4409 2395,4406 2472,4402 2549,4399 2626,4394 2703,4389 2780,4384"/>
                <TextEquiv>
                    <Unicode>beide provosen (welche von dem herren groß¬</Unicode>
                </TextEquiv>
            </TextLine>
            <TextLine id="r1l36" custom="readingOrder {index:34;}">
                <Coords points="1229,4545 1757,4576 1857,4521 2367,4551 2459,4500 2547,4552 2645,4499 2783,4522 2782,4457 2685,4398 2470,4473 2134,4411 2058,4469 1895,4437 1736,4482 1636,4435 1228,4484"/>
                <Baseline points="1240,4528 1316,4526 1393,4524 1469,4522 1546,4520 1623,4520 1699,4518 1776,4516 1852,4516 1929,4514 2006,4512 2082,4510 2159,4508 2235,4506 2312,4504 2389,4502 2465,4500 2542,4496 2618,4492 2695,4488 2772,4484"/>
                <TextEquiv>
                    <Unicode>weibel bevelchert worden dem gethätern</Unicode>
                </TextEquiv>
            </TextLine>
            <TextLine id="r1l37" custom="readingOrder {index:35;}">
                <Coords points="1214,4645 1439,4691 1555,4633 1637,4679 2190,4606 2302,4655 2355,4608 2532,4638 2801,4570 2799,4520 2555,4560 2462,4503 2017,4585 1211,4556"/>
                <Baseline points="1224,4634 1302,4631 1380,4628 1458,4624 1537,4622 1615,4620 1693,4618 1772,4616 1850,4614 1928,4613 2007,4611 2085,4610 2163,4606 2241,4603 2320,4601 2398,4596 2476,4590 2555,4585 2633,4577 2711,4569 2790,4558"/>
                <TextEquiv>
                    <Unicode>steinhauwer eilends nachzesetzen) habend</Unicode>
                </TextEquiv>
            </TextLine>
            <TextLine id="r1l38" custom="readingOrder {index:36;}">
                <Coords points="1227,4756 1402,4796 1580,4728 2441,4734 2564,4671 2824,4721 2774,4594 2423,4658 2190,4606 2100,4661 1651,4688 1567,4642 1446,4694 1293,4646 1223,4687"/>
                <Baseline points="1236,4748 1314,4744 1393,4741 1472,4736 1550,4732 1629,4728 1708,4724 1786,4720 1865,4716 1944,4712 2023,4708 2101,4703 2180,4698 2259,4693 2337,4686 2416,4682 2495,4676 2573,4671 2652,4664 2731,4659 2810,4652"/>
                <TextEquiv>
                    <Unicode>berichtet; Sy habind underwegs vernommen,</Unicode>
                </TextEquiv>
            </TextLine>
            <TextLine id="r1l39" custom="readingOrder {index:37;}">
                <Coords points="1213,4864 1601,4897 1701,4840 1872,4869 2120,4799 2249,4859 2446,4780 2674,4789 2716,4695 2564,4671 2443,4739 2329,4709 2163,4768 2011,4726 1844,4793 1724,4737 1588,4794 1207,4787"/>
                <Baseline points="1222,4850 1296,4848 1370,4846 1445,4842 1519,4838 1594,4834 1668,4830 1742,4826 1817,4821 1891,4815 1966,4810 2040,4804 2114,4798 2189,4792 2263,4785 2338,4778 2412,4772 2486,4765 2561,4759 2635,4751 2710,4742"/>
                <TextEquiv>
                    <Unicode>daß diser steinhauwer zum anderen</Unicode>
                </TextEquiv>
            </TextLine>
            <TextLine id="r1l40" custom="readingOrder {index:38;} place {offset:26; length:8;}">
                <Coords points="1223,4962 1461,5014 1628,4920 1778,4990 1884,4909 2163,4952 2368,4869 2803,4866 2796,4771 2609,4770 2450,4843 2337,4811 2248,4858 2121,4798 1838,4895 1700,4842 1633,4902 1218,4892"/>
                <Baseline points="1232,4940 1309,4938 1387,4938 1465,4936 1543,4932 1621,4930 1699,4926 1777,4921 1855,4918 1933,4912 2011,4907 2088,4900 2166,4894 2244,4887 2322,4879 2400,4871 2478,4863 2556,4855 2634,4844 2712,4836 2790,4826"/>
                <TextEquiv>
                    <Unicode>mahl in dem wirthshaus in Bümplitz</Unicode>
                </TextEquiv>
            </TextLine>
            <TextLine id="r1l41" custom="readingOrder {index:39;}">
                <Coords points="1187,5075 1385,5091 1475,5021 2026,5072 2114,5004 2322,5037 2445,4969 2509,5015 2649,4958 2708,4991 2779,4957 2773,4870 2385,4870 2297,4946 1991,4932 1875,4987 1628,4920 1519,5008 1282,4964 1182,5010"/>
                <Baseline points="1194,5046 1272,5044 1351,5040 1429,5036 1508,5032 1587,5028 1665,5025 1744,5020 1822,5015 1901,5010 1980,5005 2058,5000 2137,4994 2215,4986 2294,4979 2373,4972 2451,4964 2530,4956 2608,4947 2687,4936 2766,4926"/>
                <TextEquiv>
                    <Unicode>kommen, und allda sehr angsthafftig dem</Unicode>
                </TextEquiv>
            </TextLine>
            <TextLine id="r1l42" custom="readingOrder {index:40;}">
                <Coords points="1216,5198 1326,5227 1557,5140 1839,5188 2108,5095 2200,5153 2330,5070 2483,5133 2765,5046 2761,4997 2324,5053 2115,5005 2031,5078 1879,5032 1566,5105 1456,5031 1309,5119 1208,5107"/>
                <Baseline points="1222,5154 1298,5152 1375,5150 1451,5146 1528,5141 1605,5137 1681,5132 1758,5126 1834,5122 1911,5114 1988,5108 2064,5101 2141,5093 2217,5086 2294,5078 2371,5070 2447,5062 2524,5054 2600,5044 2677,5037 2754,5028"/>
                <TextEquiv>
                    <Unicode>rechten weg (zweifelsohn nach seinem</Unicode>
                </TextEquiv>
            </TextLine>
            <TextLine id="r1l43" custom="readingOrder {index:41;}">
                <Coords points="1189,5316 1438,5250 1607,5294 1767,5230 1856,5282 2009,5201 2128,5255 2230,5190 2418,5220 2510,5158 2818,5125 2811,5055 2694,5045 2489,5132 2302,5088 2204,5156 1938,5120 1847,5188 1179,5203"/>
                <Baseline points="1194,5266 1274,5261 1355,5255 1435,5250 1516,5245 1597,5239 1677,5233 1758,5227 1838,5220 1919,5214 2000,5207 2080,5199 2161,5192 2241,5184 2322,5174 2403,5166 2483,5156 2564,5146 2644,5134 2725,5123 2806,5110"/>
                <TextEquiv>
                    <Unicode>heimat) gefragt, volgends seye er über</Unicode>
                </TextEquiv>
            </TextLine>
            <TextLine id="r1l44" custom="readingOrder {index:42;} unclear {offset:36; length:3;}">
                <Coords points="1208,5404 1438,5423 1638,5346 1805,5388 2005,5305 2141,5346 2250,5277 2466,5330 2803,5247 2795,5173 2611,5207 2542,5165 2264,5258 1200,5330"/>
                <Baseline points="1216,5378 1294,5373 1373,5368 1452,5363 1530,5358 1609,5350 1688,5345 1766,5339 1845,5332 1924,5323 2003,5315 2081,5306 2160,5299 2239,5289 2317,5279 2396,5269 2475,5257 2553,5247 2632,5235 2711,5222 2790,5210"/>
                <TextEquiv>
                    <Unicode>alle zeün ausgesprungen; Als sy nun gen</Unicode>
                </TextEquiv>
            </TextLine>
            <TextLine id="r1l45" custom="readingOrder {index:43;} place {offset:0; length:8;}">
                <Coords points="1179,5492 1323,5542 1743,5452 1883,5485 1940,5428 2282,5441 2390,5384 2459,5420 2737,5333 2699,5286 2243,5365 1999,5310 1885,5408 1757,5354 1645,5430 1427,5451 1267,5383 1171,5417"/>
                <Baseline points="1188,5488 1264,5485 1341,5482 1418,5478 1495,5473 1572,5467 1649,5461 1726,5455 1803,5448 1880,5441 1957,5432 2033,5424 2110,5415 2187,5405 2264,5395 2341,5385 2418,5373 2495,5361 2572,5350 2649,5337 2726,5324"/>
                <TextEquiv>
                    <Unicode>Kappelen kommen, und ihnen ein frauw</Unicode>
                </TextEquiv>
            </TextLine>
            <TextLine id="r1l46" custom="readingOrder {index:44;}">
                <Coords points="1206,5596 1334,5631 1417,5569 1529,5630 1648,5541 1799,5598 1977,5530 2270,5559 2417,5488 2794,5473 2784,5378 2649,5354 2230,5474 1936,5436 1884,5485 1828,5452 1202,5562"/>
                <Baseline points="1216,5592 1294,5586 1372,5580 1450,5574 1528,5568 1606,5562 1684,5556 1762,5549 1840,5541 1918,5534 1997,5525 2075,5518 2153,5509 2231,5499 2309,5490 2387,5479 2465,5468 2543,5456 2621,5443 2699,5430 2778,5414"/>
                <TextEquiv>
                    <Unicode>angezeigt, daß diser steinhauwer by dem</Unicode>
                </TextEquiv>
            </TextLine>
            <TextLine id="r1l48" custom="readingOrder {index:45;} place {offset:0; length:11;} unclear {offset:12; length:6;}">
                <Coords points="1177,5709 1661,5720 2019,5619 2194,5666 2283,5605 2486,5617 2802,5528 2796,5471 2694,5470 2323,5564 2213,5527 1812,5609 1739,5570 1534,5636 1413,5569 1171,5649"/>
                <Baseline points="1186,5702 1266,5693 1346,5684 1426,5677 1506,5670 1587,5663 1667,5655 1747,5649 1827,5642 1907,5635 1988,5627 2068,5620 2148,5611 2228,5603 2308,5593 2389,5581 2469,5570 2549,5558 2629,5544 2709,5529 2790,5510"/>
                <TextEquiv>
                    <Unicode>Murtenholtz rechts einichem weg nach,</Unicode>
                </TextEquiv>
            </TextLine>
            <TextLine id="r1l49" custom="readingOrder {index:46;}">
                <Coords points="2548,5704 2603,5653 2654,5650 2676,5659 2705,5639 2736,5650 2757,5632 2802,5626 2784,5528 2716,5582 2667,5588 2654,5603 2590,5569 2534,5626"/>
                <Baseline points="2550,5662 2576,5656 2603,5649 2630,5643 2656,5638 2683,5635 2710,5630 2736,5627 2763,5622 2790,5618"/>
                <TextEquiv>
                    <Unicode>starck</Unicode>
                </TextEquiv>
            </TextLine>
            <TextEquiv>
                <Unicode>[16.]&#13;
Als hierüber auch die tagwächter by dem&#13;
obern thor zu red gesetzt worden, worumb&#13;
sy deß herren großweibels gethaner anstalt&#13;
und empfangenen bevelch gemäs, allen&#13;
handwercks gesellen by den thoren ufzu¬&#13;
halten; den Nourris nit ufgehalten habind,&#13;
habend sy, uf sein herrn großweibel ernst¬&#13;
liches zusprechen, sich volgender gestalt be¬&#13;
antwortet und entschuldiget.&#13;
Monsieur Daniel Tößi berichtet, als monsieur Niklaus&#13;
Hafner anstatt monsieur Rodolf Langhansen,&#13;
so zu predig gangen, deß morgens die&#13;
stündtliche wacht verrichtet, seye einer&#13;
dahar kommen, so ein mässtab under dem&#13;
arm und ein fürfähl an - auch ein käppli&#13;
ufgehabt, vor welchem er Hafner den&#13;
gatter zugethan, als aber derselbige ge¬&#13;
sagt, er seye in deß steinig werchmeisters&#13;
diensten, und daß er an sein arbeit gehen&#13;
wolle, er Hafner auch vermeint, daß&#13;
disem also seye, habe er ihne gehen laßen.&#13;
Monsieur Niclaus Hafner hat obigen Tößis&#13;
aussag bestätiget, mit vermelden, daß er&#13;
nit gewüßt, daß es gefehlt, weilen andere&#13;
dergleichen personen, darunder auch ein&#13;
gewüsser Spengler, mit rath obigen seines&#13;
gespanen auch ußher gelaßen worden seye.&#13;
Sonst habind sy die wächter all drey ge¬&#13;
stehen müßen, daß ihnen uf der wacht ange¬&#13;
ezeigt worden; Des morgens einiche hand¬&#13;
wercks bursch nit hinaus ze laßen.&#13;
Monsieur Jacob im Hof, und Eichelberger&#13;
beide provosen (welche von dem herren groß¬&#13;
weibel bevelchert worden dem gethätern&#13;
steinhauwer eilends nachzesetzen) habend&#13;
berichtet; Sy habind underwegs vernommen,&#13;
daß diser steinhauwer zum anderen&#13;
mahl in dem wirthshaus in Bümplitz&#13;
kommen, und allda sehr angsthafftig dem&#13;
rechten weg (zweifelsohn nach seinem&#13;
heimat) gefragt, volgends seye er über&#13;
alle zeün ausgesprungen; Als sy nun gen&#13;
Kappelen kommen, und ihnen ein frauw&#13;
angezeigt, daß diser steinhauwer by dem&#13;
Murtenholtz rechts einichem weg nach,&#13;
starck</Unicode>
            </TextEquiv>
        </TextRegion>
        <TextRegion orientation="0.0" id="r2" custom="readingOrder {index:1;}">
            <Coords points="3332,5276 3332,5428 3372,5428 3372,5276"/>
            <TextEquiv>
                <Unicode></Unicode>
            </TextEquiv>
        </TextRegion>
        <TextRegion orientation="0.0" id="r3" custom="readingOrder {index:2;}">
            <Coords points="3234,768 3226,5635 5087,5655 5095,788"/>
            <TextLine id="r3l1" custom="readingOrder {index:0;} textStyle {offset:1; length:3;strikethrough:true;}">
                <Coords points="3942,827 3989,826 3996,834 4037,838 4081,880 4162,888 4178,790 4161,728 4141,727 4134,734 4131,746 4141,758 4131,764 4141,777 4109,785 4126,737 4119,734 4104,730 4074,735 4087,771 4029,800 3977,730 3958,731"/>
                <Baseline points="3954,816 3979,814 4005,817 4031,821 4057,826 4082,832 4108,837 4134,842 4160,842"/>
                <TextEquiv>
                    <Unicode>[16. 17.]</Unicode>
                </TextEquiv>
            </TextLine>
            <TextLine id="r3l2" custom="readingOrder {index:1;}">
                <Coords points="3409,1173 3561,1143 3648,1192 3739,1134 3853,1186 3903,1157 4331,1169 5043,1112 5016,1006 4330,1059 4279,1084 4166,1061 4109,1096 3800,1014 3521,1076 3408,1041"/>
                <Baseline points="3418,1138 3463,1136 3508,1134 3553,1132 3598,1131 3643,1130 3688,1128 3733,1128 3778,1126 3823,1126 3869,1126 3914,1126 3959,1126 4004,1126 4049,1126 4094,1126 4139,1126 4184,1126 4229,1126 4274,1126 4320,1124 5052,1089"/>
                <TextEquiv>
                    <Unicode>starck hiedurch gegangen, habind sy sich, weil</Unicode>
                </TextEquiv>
            </TextLine>
            <TextLine id="r3l3" custom="readingOrder {index:2;} unclear {offset:15; length:4;}">
                <Coords points="3421,1275 3532,1246 3625,1305 3664,1267 3725,1280 3835,1224 3974,1259 4215,1227 4682,1221 4870,1248 5012,1227 4939,1124 4723,1150 4611,1158 4322,1173 4201,1179 3886,1203 3814,1164 3614,1206 3518,1157 3419,1168"/>
                <Baseline points="3430,1246 3468,1245 3507,1244 3546,1241 3584,1240 3623,1238 3662,1236 3700,1236 3739,1234 3778,1232 3817,1231 3855,1230 3894,1230 3933,1228 3971,1228 4010,1228 4049,1228 4087,1227 4126,1228 4165,1228 4204,1228 5000,1213"/>
                <TextEquiv>
                    <Unicode>keine hoffnung wann ihne zeergreiffen,</Unicode>
                </TextEquiv>
            </TextLine>
            <TextLine id="r3l4" custom="readingOrder {index:3;}">
                <Coords points="3430,1363 3490,1393 3523,1357 3564,1374 3675,1345 3748,1395 3824,1373 3867,1394 3959,1345 4108,1335 4333,1343 4524,1345 4449,1251 4350,1257 4232,1251 4106,1279 4046,1291 3950,1240 3836,1225 3736,1306 3694,1312 3612,1303 3529,1247 3426,1276"/>
                <Baseline points="3440,1348 3472,1346 3505,1344 3538,1343 3571,1342 3604,1340 3637,1338 3670,1338 3703,1335 3736,1334 3769,1332 3801,1331 3834,1330 3867,1328 3900,1327 3933,1326 3966,1325 3999,1324 4032,1324 4065,1322 4098,1322 4536,1346"/>
                <TextEquiv>
                    <Unicode>widerumb zu rück begeben.</Unicode>
                </TextEquiv>
            </TextLine>
            <TextLine id="r3l5" custom="readingOrder {index:4;} person {offset:0; length:18;} unclear {offset:23; length:7;} place {offset:23; length:7;}">
                <Coords points="3225,1615 3587,1569 3718,1578 3791,1641 3858,1644 3931,1569 3978,1591 4140,1565 4397,1563 4599,1580 4798,1591 4909,1589 5054,1554 5086,1552 5074,1449 4971,1435 4864,1469 4736,1473 4594,1475 4440,1469 4237,1460 4138,1506 3854,1458 3788,1506 3639,1472 3485,1549 3223,1556"/>
                <Baseline points="3234,1586 3278,1580 3323,1577 3368,1572 3413,1570 3458,1568 3502,1566 3547,1566 3592,1564 3637,1564 3682,1564 3726,1564 3771,1564 3816,1564 3861,1564 3906,1564 3950,1562 3995,1562 4040,1560 4085,1558 4130,1554 5081,1550"/>
                <TextEquiv>
                    <Unicode>Daniel Charbonnier von Corsier zeüget,</Unicode>
                </TextEquiv>
            </TextLine>
            <TextLine id="r3l6" custom="readingOrder {index:5;} date {offset:4; length:23;} unclear {offset:29; length:2;}">
                <Coords points="3424,1703 3565,1746 3615,1710 3780,1683 3877,1713 3963,1680 4018,1703 4044,1678 4196,1675 4465,1678 4599,1687 4773,1664 5024,1585 5070,1626 5008,1668 4906,1656 4909,1592 4780,1587 4682,1596 4535,1601 4391,1589 4194,1611 4123,1621 4043,1588 3943,1610 3914,1590 3850,1645 3777,1640 3717,1598 3422,1616"/>
                <Baseline points="3434,1680 3471,1680 3509,1678 3546,1678 3584,1677 3622,1676 3659,1676 3697,1674 3734,1674 3772,1673 3810,1672 3847,1671 3885,1670 3922,1668 3960,1668 3998,1666 4035,1665 4073,1664 4110,1662 4148,1660 4186,1658 5056,1645"/>
                <TextEquiv>
                    <Unicode>daß gestern (den 22. August: d.) vom mittag er</Unicode>
                </TextEquiv>
            </TextLine>
            <TextLine id="r3l7" custom="readingOrder {index:6;} place {offset:4; length:6;}">
                <Coords points="3425,1829 3481,1791 3584,1780 3743,1823 3955,1770 4043,1807 4121,1760 4190,1778 4528,1761 4682,1749 4858,1749 4955,1747 5078,1737 5003,1680 4876,1668 4747,1673 4643,1686 4502,1677 4188,1691 4082,1735 4010,1702 3923,1721 3738,1697 3694,1729 3645,1704 3549,1747 3422,1697"/>
                <Baseline points="3434,1778 3471,1778 3508,1778 3545,1778 3583,1778 3620,1776 3657,1776 3695,1774 3732,1773 3769,1772 3807,1770 3844,1770 3881,1768 3918,1766 3956,1766 3993,1764 4030,1764 4068,1764 4105,1762 4142,1762 4180,1764 5054,1737"/>
                <TextEquiv>
                    <Unicode>zur Sensen einen maurer mit dem mäs¬</Unicode>
                </TextEquiv>
            </TextLine>
            <TextLine id="r3l8" custom="readingOrder {index:7;} place {offset:17; length:21;}">
                <Coords points="3408,1914 3462,1895 3531,1918 3569,1883 3679,1908 3959,1894 4343,1879 4530,1885 4675,1871 4895,1777 4967,1777 4957,1842 4846,1848 4796,1865 4715,1772 4583,1786 4419,1772 4303,1791 3958,1811 3884,1782 3834,1811 3809,1797 3737,1843 3641,1812 3587,1837 3548,1817 3502,1832 3471,1802 3407,1837"/>
                <Baseline points="3418,1878 3444,1877 3471,1876 3497,1876 3524,1876 3550,1875 3577,1874 3603,1874 3630,1874 3656,1874 3683,1874 3709,1874 3736,1874 3762,1874 3789,1874 3815,1872 3842,1872 3868,1872 3895,1870 3921,1869 3948,1868 5008,1858"/>
                <TextEquiv>
                    <Unicode>stab, der uß der Grafschaft Neüwenburg</Unicode>
                </TextEquiv>
            </TextLine>
            <TextLine id="r3l9" custom="readingOrder {index:8;}">
                <Coords points="3425,2031 3494,2030 3550,1991 3625,2012 3675,1976 3710,2005 3753,1996 3825,2031 3892,1984 3941,1991 3999,1959 4266,1983 4460,1959 4553,1961 4675,1969 4770,1959 4877,1961 4948,1962 5050,1936 5024,1878 4911,1879 4802,1901 4722,1906 4594,1902 4484,1899 4375,1913 4260,1902 3998,1920 3939,1902 3818,1944 3732,1901 3593,1952 3523,1917 3422,1914"/>
                <Baseline points="3434,1984 3461,1984 3489,1982 3517,1982 3545,1980 3573,1980 3600,1979 3628,1978 3656,1976 3684,1976 3712,1976 3739,1974 3767,1974 3795,1972 3823,1972 3851,1972 3878,1972 3906,1970 3934,1970 3962,1970 3990,1970 5046,1948"/>
                <TextEquiv>
                    <Unicode>zesein vorgabe, angetroffen, welcher in dem</Unicode>
                </TextEquiv>
            </TextLine>
            <TextLine id="r3l10" custom="readingOrder {index:9;}">
                <Coords points="3389,2142 3443,2110 3516,2124 3589,2098 3652,2131 3748,2124 3906,2067 4003,2067 4084,2125 4126,2112 4338,2087 4500,2068 4592,2077 4752,2072 4874,2063 4967,2072 4969,1983 4886,1978 4773,1989 4636,1989 4507,2003 4361,2001 4225,1996 4123,2007 3826,2037 3752,1996 3682,2033 3594,2004 3539,2049 3475,2026 3387,2048"/>
                <Baseline points="3398,2084 3433,2083 3469,2080 3505,2078 3541,2077 3577,2076 3612,2074 3648,2074 3684,2074 3720,2072 3756,2072 3791,2072 3827,2072 3863,2072 3899,2071 3935,2070 3970,2068 4006,2066 4042,2064 4078,2062 4114,2058 5013,2040"/>
                <TextEquiv>
                    <Unicode>fryburgischen wirtshaus sich ufgehalten,</Unicode>
                </TextEquiv>
            </TextLine>
            <TextLine id="r3l11" custom="readingOrder {index:10;} place {offset:33; length:4;}">
                <Coords points="3424,2210 3552,2180 3602,2216 3681,2218 3812,2187 3885,2231 3998,2173 4077,2231 4162,2175 4211,2182 4448,2156 4617,2149 4715,2164 4825,2157 4939,2152 5048,2151 5008,2071 4874,2082 4767,2070 4650,2083 4496,2085 4338,2073 4209,2123 4134,2099 4090,2127 3894,2105 3715,2142 3421,2125"/>
                <Baseline points="3432,2188 3470,2187 3508,2186 3547,2184 3585,2184 3624,2182 3662,2181 3700,2180 3739,2178 3777,2178 3816,2176 3854,2174 3892,2173 3931,2172 3969,2170 4008,2170 4046,2167 4084,2166 4123,2165 4161,2164 4200,2164 5024,2148"/>
                <TextEquiv>
                    <Unicode>und offters zum fenster aus nach Bern</Unicode>
                </TextEquiv>
            </TextLine>
            <TextLine id="r3l12" custom="readingOrder {index:11;}">
                <Coords points="3398,2336 3466,2355 3505,2325 3590,2333 3651,2290 3693,2320 3869,2262 3941,2285 3985,2269 4064,2314 4428,2198 4541,2202 4694,2207 4818,2182 4892,2186 5044,2187 5009,2272 4885,2242 4835,2271 4717,2269 4645,2248 4551,2255 4472,2218 4482,2269 4428,2265 4376,2285 4371,2225 4318,2271 4190,2272 4295,2218 4249,2207 4188,2227 4112,2206 4034,2226 3984,2196 3899,2246 3702,2210 3617,2247 3502,2223 3394,2253"/>
                <Baseline points="3406,2296 3444,2294 3483,2292 3522,2290 3560,2289 3599,2286 3638,2285 3676,2282 3715,2281 3754,2279 3793,2276 3831,2274 3870,2272 3909,2270 3947,2270 3986,2268 4025,2266 4063,2266 4102,2266 4141,2264 4180,2264 5043,2258"/>
                <TextEquiv>
                    <Unicode>gesehen habe. Als nun er gezeüg ihne ge¬</Unicode>
                </TextEquiv>
            </TextLine>
            <TextLine id="r3l13" custom="readingOrder {index:12;}">
                <Coords points="3421,2419 3457,2400 3543,2438 3714,2385 3761,2392 3802,2426 3864,2393 3919,2431 3950,2424 4245,2380 4405,2374 4543,2369 4700,2362 4753,2348 4919,2355 5023,2341 4921,2277 4822,2288 4714,2300 4554,2277 4409,2300 4285,2298 4097,2302 3949,2339 3922,2346 3875,2308 3829,2347 3766,2307 3693,2328 3652,2292 3598,2336 3505,2325 3463,2355 3420,2334"/>
                <Baseline points="3430,2386 3455,2384 3481,2384 3506,2382 3532,2382 3557,2382 3583,2382 3608,2382 3634,2380 3659,2380 3685,2380 3710,2380 3736,2380 3761,2380 3787,2380 3812,2380 3838,2380 3863,2378 3889,2378 3914,2378 3940,2376 5013,2345"/>
                <TextEquiv>
                    <Unicode>fragt, was e ihme oblige? habe er ihme</Unicode>
                </TextEquiv>
            </TextLine>
            <TextLine id="r3l14" custom="readingOrder {index:13;}">
                <Coords points="3426,2489 3578,2480 3664,2516 3712,2479 3819,2497 3843,2478 3864,2498 3910,2470 3943,2492 4002,2483 4275,2457 4490,2459 4635,2450 4748,2406 4914,2434 5092,2418 4949,2364 4757,2353 4617,2371 4529,2392 4338,2367 4187,2383 4000,2426 3966,2439 3866,2409 3802,2428 3764,2395 3711,2430 3667,2403 3502,2447 3425,2431"/>
                <Baseline points="3436,2478 3463,2478 3491,2478 3519,2478 3547,2478 3575,2478 3602,2478 3630,2477 3658,2476 3686,2476 3714,2474 3741,2474 3769,2474 3797,2472 3825,2472 3853,2470 3880,2470 3908,2469 3936,2468 3964,2468 3992,2468 5059,2428"/>
                <TextEquiv>
                    <Unicode>erzelt, wie er mit einem schneider von</Unicode>
                </TextEquiv>
            </TextLine>
            <TextLine id="r3l15" custom="readingOrder {index:14;} unclear {offset:0; length:7;}">
                <Coords points="3422,2625 3506,2590 3624,2611 3708,2568 3951,2620 5081,2513 5002,2473 3947,2484 3851,2521 3726,2490 3686,2514 3585,2523 3515,2476 3419,2521"/>
                <Baseline points="3430,2568 3455,2570 3480,2572 3506,2575 3531,2576 3557,2576 3582,2576 3607,2576 3633,2574 3658,2573 3684,2571 3709,2570 3734,2569 3760,2567 3785,2566 3811,2564 3836,2564 3861,2562 3887,2562 3912,2562 3938,2562 5010,2529"/>
                <TextEquiv>
                    <Unicode>schinen sontag händel gehabt, und ihme</Unicode>
                </TextEquiv>
            </TextLine>
            <TextLine id="r3l16" custom="readingOrder {index:15;}">
                <Coords points="3420,2687 3513,2674 3666,2719 3799,2693 3840,2724 3952,2665 4014,2681 4080,2645 4127,2678 4202,2664 4580,2678 4716,2632 4929,2632 4917,2582 4813,2568 4682,2577 4615,2597 4465,2605 4200,2600 4032,2626 3975,2593 3937,2629 3845,2586 3781,2608 3727,2581 3637,2634 3418,2628"/>
                <Baseline points="3430,2666 3468,2668 3506,2670 3544,2670 3582,2670 3620,2670 3658,2670 3696,2670 3734,2669 3772,2668 3811,2666 3849,2664 3887,2662 3925,2661 3963,2660 4001,2658 4039,2656 4077,2655 4115,2654 4153,2654 4192,2652 4921,2632"/>
                <TextEquiv>
                    <Unicode>einen stoß geben, darvon er schwärlich</Unicode>
                </TextEquiv>
            </TextLine>
            <TextLine id="r3l17" custom="readingOrder {index:16;} unclear {offset:20; length:9;}">
                <Coords points="3426,2815 3515,2786 3673,2786 3708,2806 3806,2762 3926,2796 3968,2776 4044,2795 4080,2776 4287,2750 4483,2743 4661,2736 4813,2755 4917,2725 5023,2729 5025,2665 4944,2665 4836,2664 4700,2651 4571,2676 4455,2667 4285,2697 4077,2666 4042,2655 4015,2684 3963,2663 3849,2723 3740,2709 3686,2733 3512,2673 3423,2700"/>
                <Baseline points="3434,2764 3465,2765 3497,2768 3529,2769 3561,2770 3593,2770 3624,2770 3656,2770 3688,2770 3720,2768 3752,2768 3783,2766 3815,2765 3847,2762 3879,2761 3911,2760 3942,2758 3974,2756 4006,2754 4038,2754 4070,2752 5021,2721"/>
                <TextEquiv>
                    <Unicode>uf kommen werde; Im verweisen aber habe </Unicode>
                </TextEquiv>
            </TextLine>
            <TextLine id="r3l18" custom="readingOrder {index:17;}">
                <Coords points="3416,2885 3451,2888 3523,2940 3600,2877 3680,2908 3760,2873 3810,2899 3853,2865 3902,2882 3945,2865 4082,2851 4284,2849 4426,2844 4542,2846 4723,2846 4839,2842 4928,2839 4951,2774 4872,2779 4760,2774 4646,2779 4516,2775 4409,2775 4284,2784 4226,2823 4074,2789 3944,2818 3909,2807 3794,2836 3737,2809 3647,2801 3623,2818 3558,2787 3518,2814 3467,2809 3415,2835"/>
                <Baseline points="3426,2868 3451,2868 3476,2868 3502,2868 3527,2868 3553,2868 3578,2868 3603,2866 3629,2866 3654,2866 3680,2866 3705,2864 3730,2864 3756,2862 3781,2862 3807,2862 3832,2860 3857,2860 3883,2859 3908,2858 3934,2858 4959,2824"/>
                <TextEquiv>
                    <Unicode>er ihme einen brief gegeben an seinen</Unicode>
                </TextEquiv>
            </TextLine>
            <TextLine id="r3l19" custom="readingOrder {index:18;}">
                <Coords points="3414,2986 3588,2987 3698,2948 3738,2971 4014,3000 4541,2937 4821,2932 4934,2907 4916,2870 4813,2868 4551,2868 4270,2875 4011,2886 3947,2910 3918,2889 3860,2933 3788,2888 3734,2924 3562,2919 3516,2941 3411,2899"/>
                <Baseline points="3424,2964 3452,2964 3481,2964 3510,2964 3539,2964 3568,2964 3597,2963 3626,2962 3655,2962 3684,2960 3713,2959 3741,2958 3770,2958 3799,2957 3828,2956 3857,2954 3886,2954 3915,2952 3944,2952 3973,2950 4002,2950 4929,2921"/>
                <TextEquiv>
                    <Unicode>bruder, welcher deß inhalts sein soll,</Unicode>
                </TextEquiv>
            </TextLine>
            <TextLine id="r3l20" custom="readingOrder {index:19;}">
                <Coords points="3382,3107 3461,3067 3523,3093 3564,3055 3736,3108 3829,3047 3888,3049 3978,3111 4025,3062 4140,3044 4560,3018 4751,3037 4909,3028 4995,3030 4937,2949 4774,2954 4576,2961 4490,2965 4137,2979 4079,3006 4024,2977 3956,3014 3743,2967 3623,3011 3494,2975 3378,3006"/>
                <Baseline points="3390,3066 3427,3064 3464,3064 3501,3062 3538,3060 3575,3058 3612,3057 3649,3056 3686,3054 3723,3053 3760,3052 3797,3050 3834,3049 3871,3048 3908,3046 3945,3044 3982,3043 4019,3042 4056,3041 4093,3040 4130,3038 4964,3013"/>
                <TextEquiv>
                    <Unicode>daß er ihme seine kleider, sampt ge¬</Unicode>
                </TextEquiv>
            </TextLine>
            <TextLine id="r3l21" custom="readingOrder {index:20;} unclear {offset:7; length:9;}">
                <Coords points="3423,3160 3531,3195 3674,3157 3785,3211 3851,3184 3888,3206 3956,3153 4159,3186 4208,3179 4595,3107 4777,3126 4934,3118 4930,3060 4781,3053 4667,3062 4576,3074 4205,3063 4128,3080 4089,3056 3979,3110 3879,3074 3724,3119 3678,3078 3589,3070 3460,3122 3421,3107"/>
                <Baseline points="3432,3148 3470,3148 3508,3148 3546,3148 3584,3147 3623,3146 3661,3144 3699,3144 3737,3142 3775,3140 3814,3140 3852,3138 3890,3136 3928,3135 3966,3134 4005,3133 4043,3132 4081,3132 4119,3132 4157,3132 4196,3132 4967,3099"/>
                <TextEquiv>
                    <Unicode>wüsser pahseport hernach schicken solle;</Unicode>
                </TextEquiv>
            </TextLine>
            <TextLine id="r3l22" custom="readingOrder {index:21;}">
                <Coords points="3396,3263 3524,3274 3598,3249 3729,3273 3884,3238 3999,3287 4079,3260 4283,3235 4490,3226 4714,3221 4878,3223 5034,3234 4960,3142 4827,3156 4699,3156 4528,3156 4402,3162 4267,3165 4077,3179 3969,3166 3883,3212 3850,3194 3822,3214 3755,3197 3644,3217 3476,3157 3394,3211"/>
                <Baseline points="3406,3242 3439,3243 3472,3244 3505,3244 3538,3244 3571,3244 3604,3244 3637,3244 3670,3242 3703,3242 3737,3240 3770,3239 3803,3238 3836,3236 3869,3234 3902,3233 3935,3230 3968,3229 4001,3228 4034,3226 4068,3224 5032,3226"/>
                <TextEquiv>
                    <Unicode>Als er nun disen brief hütt um 10. uhren</Unicode>
                </TextEquiv>
            </TextLine>
            <TextLine id="r3l23" custom="readingOrder {index:22;}">
                <Coords points="3407,3358 3473,3338 3575,3362 3599,3341 3634,3371 3688,3331 3751,3362 3870,3332 4026,3396 4148,3344 4479,3360 4706,3328 4871,3314 5016,3305 5007,3256 4874,3244 4723,3244 4542,3244 4377,3263 4146,3267 4126,3263 3960,3294 3838,3238 3649,3303 3518,3270 3480,3301 3405,3269"/>
                <Baseline points="3416,3336 3452,3336 3488,3336 3524,3334 3560,3334 3596,3334 3632,3334 3668,3332 3704,3332 3740,3332 3777,3330 3813,3330 3849,3328 3885,3327 3921,3326 3957,3326 3993,3324 4029,3323 4065,3322 4101,3320 4138,3318 5029,3305"/>
                <TextEquiv>
                    <Unicode>seinem bruder gegeben, habe er gesagt, daß</Unicode>
                </TextEquiv>
            </TextLine>
            <TextLine id="r3l24" custom="readingOrder {index:23;}">
                <Coords points="3412,3439 3518,3460 3586,3423 3637,3453 3795,3427 3929,3462 4004,3423 4180,3415 4406,3424 4734,3389 4858,3397 4951,3408 4986,3417 4979,3390 4951,3341 4865,3348 4753,3315 4655,3329 4586,3404 4456,3331 4305,3347 4180,3368 4129,3346 4026,3394 3918,3391 3804,3342 3736,3393 3600,3399 3411,3352"/>
                <Baseline points="3422,3426 3459,3424 3496,3422 3534,3421 3571,3420 3609,3420 3646,3420 3683,3420 3721,3420 3758,3420 3796,3420 3833,3420 3870,3420 3908,3418 3945,3418 3983,3418 4020,3418 4057,3418 4095,3416 4132,3414 4170,3412 4981,3394"/>
                <TextEquiv>
                    <Unicode>sy einen verwandten in der statt habind,</Unicode>
                </TextEquiv>
            </TextLine>
            <TextLine id="r3l25" custom="readingOrder {index:24;}">
                <Coords points="3411,3533 3891,3510 3984,3569 4142,3523 4423,3497 4567,3503 4685,3513 4778,3497 4918,3494 4843,3433 4776,3461 4688,3461 4572,3445 4435,3441 4284,3440 4142,3472 4098,3484 4066,3454 4031,3468 3976,3443 3918,3470 3820,3431 3711,3463 3608,3444 3539,3481 3496,3452 3411,3476"/>
                <Baseline points="3422,3508 3457,3508 3493,3508 3528,3508 3564,3508 3599,3506 3635,3506 3670,3506 3706,3506 3741,3506 3777,3506 3812,3506 3848,3506 3883,3506 3919,3507 3954,3508 3990,3508 4025,3508 4061,3510 4096,3511 4132,3512 4910,3494"/>
                <TextEquiv>
                    <Unicode>der bereits dahin gereiset ware, die </Unicode>
                </TextEquiv>
            </TextLine>
            <TextLine id="r3l26" custom="readingOrder {index:25;} unclear {offset:0; length:6;}">
                <Coords points="3396,3619 3437,3601 3664,3629 3710,3600 4105,3620 4134,3610 4402,3601 4741,3582 4827,3589 4953,3592 5055,3576 4971,3519 4837,3519 4749,3550 4704,3554 4398,3529 4134,3519 4059,3567 3826,3539 3718,3578 3623,3517 3548,3509 3396,3560"/>
                <Baseline points="3406,3606 3441,3604 3477,3602 3513,3600 3549,3600 3585,3600 3621,3600 3657,3600 3693,3600 3729,3600 3765,3602 3800,3602 3836,3602 3872,3602 3908,3604 3944,3603 3980,3602 4016,3602 4052,3601 4088,3598 4124,3596 5043,3577"/>
                <TextEquiv>
                    <Unicode>Hardes aber werdind noch hier sein, wolle</Unicode>
                </TextEquiv>
            </TextLine>
            <TextLine id="r3l27" custom="readingOrder {index:26;} unclear {offset:21; length:8;}">
                <Coords points="3418,3720 3525,3736 3596,3694 3663,3747 3703,3709 3813,3687 3912,3748 3959,3704 4226,3705 4483,3691 4737,3692 4921,3685 4941,3610 4839,3620 4716,3627 4507,3619 4370,3645 4253,3661 4105,3666 4030,3625 3943,3645 3918,3623 3793,3669 3696,3628 3418,3616"/>
                <Baseline points="3428,3686 3468,3686 3509,3688 3550,3688 3590,3688 3631,3688 3672,3688 3712,3690 3753,3690 3794,3690 3835,3690 3875,3690 3916,3692 3957,3692 3997,3692 4038,3692 4079,3690 4119,3690 4160,3690 4201,3689 4242,3688 4940,3683"/>
                <TextEquiv>
                    <Unicode>sich selbiger nichts annemmen, weilen ihme</Unicode>
                </TextEquiv>
            </TextLine>
            <TextLine id="r3l28" custom="readingOrder {index:27;} unclear {offset:22; length:11;}">
                <Coords points="3407,3799 3494,3820 3678,3784 3798,3835 3907,3775 4039,3839 4146,3766 4258,3779 4577,3794 4723,3789 4839,3784 4920,3784 4927,3717 4844,3708 4728,3708 4599,3710 4469,3712 4258,3698 4136,3740 3964,3704 3913,3747 3822,3712 3745,3746 3705,3707 3658,3749 3610,3709 3460,3742 3407,3724"/>
                <Baseline points="3416,3766 3457,3766 3499,3768 3540,3768 3582,3770 3624,3770 3665,3770 3707,3772 3748,3772 3790,3772 3832,3772 3873,3772 3915,3772 3956,3772 3998,3772 4040,3772 4081,3772 4123,3772 4164,3772 4206,3770 4248,3770 4913,3772"/>
                <TextEquiv>
                    <Unicode>solches durch etliche bevelchnete weibel</Unicode>
                </TextEquiv>
            </TextLine>
            <TextLine id="r3l29" custom="readingOrder {index:28;}">
                <Coords points="3409,3916 3703,3901 3808,3931 3947,3872 4044,3875 4119,3909 4120,3820 4086,3801 4043,3835 3972,3828 3922,3783 3797,3836 3662,3797 3554,3833 3411,3790"/>
                <Baseline points="3420,3854 3454,3856 3488,3858 3523,3859 3557,3860 3592,3861 3626,3862 3660,3862 3695,3862 3729,3862 3764,3862 3798,3862 3832,3862 3867,3862 3901,3864 3936,3864 3970,3864 4004,3864 4039,3866 4073,3866 4108,3868"/>
                <TextEquiv>
                    <Unicode>insinuirt worden.</Unicode>
                </TextEquiv>
            </TextLine>
            <TextLine id="r3l30" custom="readingOrder {index:29;} latin {offset:0; length:9;}">
                <Coords points="3518,4378 3688,4342 3712,4361 3786,4339 3828,4356 3980,4342 4012,4367 4053,4347 4148,4356 4149,4265 4119,4279 4064,4248 3953,4264 3893,4209 3824,4210 3761,4179 3519,4245"/>
                <Baseline points="3528,4334 3558,4331 3589,4328 3619,4327 3650,4326 3680,4326 3711,4326 3741,4326 3772,4326 3802,4327 3833,4328 3863,4329 3894,4331 3924,4332 3955,4332 3985,4334 4016,4334 4046,4334 4077,4334 4107,4334 4138,4334"/>
                <TextEquiv>
                    <Unicode>Visitatio</Unicode>
                </TextEquiv>
            </TextLine>
            <TextLine id="r3l31" custom="readingOrder {index:30;} unclear {offset:1; length:8;} date {offset:29; length:8; continued:true;}">
                <Coords points="3431,4557 3568,4519 3626,4562 3682,4565 3784,4561 3891,4520 4140,4526 4997,4526 4992,4491 4843,4522 4968,4454 4910,4420 4841,4419 4504,4434 4141,4492 4004,4408 3797,4468 3702,4471 3583,4378 3437,4381"/>
                <Baseline points="3444,4478 3478,4487 3512,4495 3546,4502 3581,4507 3615,4510 3649,4512 3684,4514 3718,4514 3752,4516 3787,4516 3821,4516 3855,4514 3889,4514 3924,4514 3958,4514 3992,4514 4027,4514 4061,4514 4095,4517 4130,4520 4922,4522"/>
                <TextEquiv>
                    <Unicode>Geschehen und verrichtet den 23 Augu¬</Unicode>
                </TextEquiv>
            </TextLine>
            <TextLine id="r3l32" custom="readingOrder {index:31;} date {offset:0; length:8; continued:true;}">
                <Coords points="3507,4639 3611,4672 3680,4626 3744,4644 3844,4610 4328,4637 4437,4613 4592,4615 4754,4600 4880,4604 4830,4552 4744,4543 4617,4552 4492,4559 4329,4457 4258,4458 4122,4577 4004,4538 3949,4572 3897,4540 3844,4570 3641,4569 3577,4518 3508,4560"/>
                <Baseline points="3518,4592 3558,4594 3598,4596 3638,4596 3678,4598 3718,4600 3758,4600 3798,4602 3838,4602 3878,4602 3918,4602 3958,4602 3998,4602 4038,4602 4078,4602 4118,4602 4158,4601 4198,4600 4238,4598 4278,4596 4318,4596 4844,4603"/>
                <TextEquiv>
                    <Unicode>sti 1670. umb ein uhr nachmittag.</Unicode>
                </TextEquiv>
            </TextLine>
            <TextLine id="r3l33" custom="readingOrder {index:32;}">
                <Coords points="3421,4807 3484,4851 3551,4852 3682,4796 3877,4814 3976,4779 4037,4831 4130,4809 4216,4831 4868,4778 4989,4778 4881,4706 4580,4695 4214,4725 4145,4696 4105,4731 3945,4694 3716,4741 3580,4676 3459,4746 3420,4740"/>
                <Baseline points="3430,4782 3468,4782 3507,4782 3546,4780 3584,4780 3623,4780 3662,4778 3700,4778 3739,4778 3778,4776 3817,4776 3855,4776 3894,4776 3933,4776 3971,4775 4010,4774 4049,4774 4087,4774 4126,4774 4165,4775 4204,4776 4913,4783"/>
                <TextEquiv>
                    <Unicode>Auf den von unsern gnädigen herren</Unicode>
                </TextEquiv>
            </TextLine>
            <TextLine id="r3l34" custom="readingOrder {index:33;}">
                <Coords points="3424,4895 3633,4879 3763,4915 3846,4883 3925,4924 4000,4880 4065,4923 4123,4880 4271,4873 4554,4876 4741,4872 4954,4898 4980,4813 4765,4802 4618,4802 4483,4791 4270,4828 4219,4815 3727,4847 3664,4807 3557,4858 3423,4810"/>
                <Baseline points="3434,4874 3475,4876 3516,4876 3557,4878 3599,4878 3640,4878 3681,4878 3723,4878 3764,4878 3805,4878 3847,4876 3888,4876 3929,4874 3970,4872 4012,4872 4053,4869 4094,4868 4136,4866 4177,4864 4218,4862 4260,4860 4961,4879"/>
                <TextEquiv>
                    <Unicode>und obern ergangenen und uns commu¬</Unicode>
                </TextEquiv>
            </TextLine>
            <TextLine id="r3l35" custom="readingOrder {index:34;} unclear {offset:9; length:8;}">
                <Coords points="3409,5001 3528,4973 3805,5023 3902,4965 4021,5008 4115,4960 4165,4995 4224,4952 4278,4971 4533,4963 4792,4967 4968,4963 4804,4893 4559,4876 4417,4893 4275,4896 4200,4882 4057,4929 3866,4907 3713,4943 3639,4896 3557,4950 3508,4919 3407,4950"/>
                <Baseline points="3418,4972 3460,4974 3502,4975 3545,4976 3587,4976 3630,4976 3672,4976 3714,4974 3757,4974 3799,4972 3842,4970 3884,4968 3926,4966 3969,4964 4011,4961 4054,4960 4096,4958 4138,4956 4181,4954 4223,4952 4266,4950 4880,4963"/>
                <TextEquiv>
                    <Unicode>nicirten gelobten bevelch, ist der cörper des</Unicode>
                </TextEquiv>
            </TextLine>
            <TextLine id="r3l36" custom="readingOrder {index:35;} date {offset:11; length:7;}">
                <Coords points="3392,5078 3578,5077 3667,5132 3853,5067 3921,5091 4050,5062 4104,5099 4177,5050 4328,5077 4667,5061 5048,5072 4959,4995 4665,4987 4478,4991 4326,5012 4215,5023 4166,4994 4097,5016 3890,4981 3764,5042 3700,4999 3587,5043 3498,5039 3448,4996 3390,5025"/>
                <Baseline points="3402,5066 3447,5068 3493,5070 3539,5072 3585,5072 3631,5072 3676,5072 3722,5072 3768,5070 3814,5068 3860,5066 3905,5065 3951,5062 3997,5061 4043,5059 4089,5056 4134,5055 4180,5054 4226,5053 4272,5052 4318,5052 4994,5063"/>
                <TextEquiv>
                    <Unicode>verwichnen sontags entlibten schneiders¬</Unicode>
                </TextEquiv>
            </TextLine>
            <TextLine id="r3l37" custom="readingOrder {index:36;}">
                <Coords points="3404,5217 3481,5219 3541,5178 3631,5212 3759,5167 3839,5174 3922,5231 3971,5198 4017,5223 4138,5158 4226,5170 4654,5156 4947,5149 4932,5093 4655,5097 4416,5079 4224,5123 4044,5117 4000,5082 3900,5112 3781,5083 3700,5141 3498,5107 3402,5132"/>
                <Baseline points="3414,5174 3454,5174 3494,5174 3534,5172 3574,5172 3614,5170 3654,5170 3694,5168 3734,5166 3774,5164 3815,5164 3855,5161 3895,5160 3935,5158 3975,5156 4015,5156 4055,5154 4095,5154 4135,5152 4175,5152 4216,5152 4919,5159"/>
                <TextEquiv>
                    <Unicode>gesellen ordenlicher weis exentrirt und</Unicode>
                </TextEquiv>
            </TextLine>
            <TextLine id="r3l38" custom="readingOrder {index:37;}">
                <Coords points="3397,5302 3642,5312 3815,5258 4002,5275 4068,5312 4129,5255 4271,5261 4713,5261 4968,5244 4739,5172 4552,5193 4269,5184 3930,5231 3767,5195 3675,5236 3609,5201 3395,5221"/>
                <Baseline points="3406,5266 3448,5267 3491,5268 3534,5268 3576,5268 3619,5268 3662,5266 3704,5266 3747,5266 3790,5264 3833,5263 3875,5261 3918,5260 3961,5259 4003,5256 4046,5255 4089,5252 4131,5250 4174,5249 4217,5247 4260,5244 4889,5246"/>
                <TextEquiv>
                    <Unicode>besichtiget worden, da sich dan befunden</Unicode>
                </TextEquiv>
            </TextLine>
            <TextLine id="r3l39" custom="readingOrder {index:38;}">
                <Coords points="3306,5344 3301,5380 3427,5391 3507,5413 3780,5385 3823,5418 3919,5377 4017,5372 4073,5415 4163,5380 4239,5409 4327,5382 4809,5378 5016,5366 4842,5266 4659,5296 4325,5315 4268,5313 4214,5261 4023,5330 3791,5293 3720,5344 3605,5307 3426,5334"/>
                <Baseline points="3348,5373 3436,5376 3480,5376 3524,5376 3568,5376 3612,5376 3656,5376 3700,5376 3744,5374 3788,5374 3832,5372 3876,5370 3920,5370 3964,5368 4008,5366 4052,5364 4096,5362 4140,5360 4184,5358 4228,5357 4272,5355 4316,5354 4979,5357"/>
                <TextEquiv>
                    <Unicode>1. Daß der stich drey finger breit von dem</Unicode>
                </TextEquiv>
            </TextLine>
            <TextLine id="r3l40" custom="readingOrder {index:39;}">
                <Coords points="3406,5474 3579,5487 3617,5523 3789,5464 4400,5486 4844,5488 5007,5436 5003,5389 4919,5387 4703,5371 4397,5379 4218,5408 4174,5382 4076,5430 3984,5400 3882,5431 3779,5383 3651,5435 3469,5397 3405,5419"/>
                <Baseline points="3416,5470 3464,5471 3513,5472 3561,5472 3610,5472 3659,5472 3707,5470 3756,5470 3804,5468 3853,5466 3902,5465 3950,5464 3999,5462 4047,5460 4096,5458 4145,5456 4193,5454 4242,5453 4290,5452 4339,5450 4388,5450 5003,5450"/>
                <TextEquiv>
                    <Unicode>nabel, uf der lincken seithe, underwerts</Unicode>
                </TextEquiv>
            </TextLine>
            <TextLine id="r3l41" custom="readingOrder {index:40;}">
                <Coords points="3411,5597 3573,5560 3726,5626 3889,5557 4051,5564 4123,5613 4266,5572 4636,5567 4858,5562 5014,5564 4890,5464 4669,5474 4479,5480 4264,5455 4192,5505 4100,5462 3987,5510 3940,5485 3827,5523 3738,5498 3663,5532 3573,5489 3410,5533"/>
                <Baseline points="3420,5562 3461,5562 3503,5562 3545,5562 3587,5561 3629,5560 3670,5560 3712,5560 3754,5558 3796,5558 3838,5556 3879,5556 3921,5554 3963,5554 4005,5553 4047,5552 4088,5552 4130,5550 4172,5550 4214,5550 4256,5550 4937,5552"/>
                <TextEquiv>
                    <Unicode>in die cavitet und höle des ribs bis uf</Unicode>
                </TextEquiv>
            </TextLine>
            <TextLine id="line_1602420544174_202" custom="readingOrder {index:41;}">
                <Coords points="4798,5639 4631,5639 4631,5585 4798,5585"/>
                <TextEquiv>
                    <Unicode>die</Unicode>
                </TextEquiv>
            </TextLine>
            <TextEquiv>
                <Unicode>[16. 17.]
starck hiedurch gegangen, habind sy sich, weil
keine hoffnung wann ihne zeergreiffen,
widerumb zu rück begeben.
Daniel Charbonnier von Corsier zeüget,
daß gestern (den 22. August: d.) vom mittag er
zur Sensen einen maurer mit dem mäs¬
stab, der uß der Grafschaft Neüwenburg
zesein vorgabe, angetroffen, welcher in dem
fryburgischen wirtshaus sich ufgehalten,
und offters zum fenster aus nach Bern
gesehen habe. Als nun er gezeüg ihne ge¬
fragt, was e ihme oblige? habe er ihme
erzelt, wie er mit einem schneider von
schinen sontag händel gehabt, und ihme
einen stoß geben, darvon er schwärlich
uf kommen werde; Im verweisen aber habe 
er ihme einen brief gegeben an seinen
bruder, welcher deß inhalts sein soll,
daß er ihme seine kleider, sampt ge¬
wüsser pahseport hernach schicken solle;
Als er nun disen brief hütt um 10. uhren
seinem bruder gegeben, habe er gesagt, daß
sy einen verwandten in der statt habind,
der bereits dahin gereiset ware, die 
Hardes aber werdind noch hier sein, wolle
sich selbiger nichts annemmen, weilen ihme
solches durch etliche bevelchnete weibel
insinuirt worden.
Visitatio
Geschehen und verrichtet den 23 Augu¬
sti 1670. umb ein uhr nachmittag.
Auf den von unsern gnädigen herren
und obern ergangenen und uns commu¬
nicirten gelobten bevelch, ist der cörper des
verwichnen sontags entlibten schneiders¬
gesellen ordenlicher weis exentrirt und
besichtiget worden, da sich dan befunden
1. Daß der stich drey finger breit von dem
nabel, uf der lincken seithe, underwerts
in die cavitet und höle des ribs bis uf
die</Unicode>
            </TextEquiv>
        </TextRegion>
        <TextRegion orientation="0.0" id="r4" custom="readingOrder {index:3;}">
            <Coords points="4540,1648 4540,1806 4696,1806 4696,1648"/>
            <TextEquiv>
                <Unicode></Unicode>
            </TextEquiv>
        </TextRegion>
        <TextRegion orientation="0.0" id="r5" custom="readingOrder {index:4;}">
            <Coords points="4852,1788 4852,1962 4898,1962 4898,1788"/>
            <TextEquiv>
                <Unicode></Unicode>
            </TextEquiv>
        </TextRegion>
    </Page>
</PcGts>
