<?xml version="1.0" encoding="UTF-8" standalone="yes"?>
<PcGts xmlns="http://schema.primaresearch.org/PAGE/gts/pagecontent/2013-07-15" xmlns:xsi="http://www.w3.org/2001/XMLSchema-instance" xsi:schemaLocation="http://schema.primaresearch.org/PAGE/gts/pagecontent/2013-07-15 http://schema.primaresearch.org/PAGE/gts/pagecontent/2013-07-15/pagecontent.xsd">
    <Metadata>
        <Creator>prov=University of Rostock/Institute of Mathematics/CITlab|PLANET AI GmbH/Gundram Leifert/gundram.leifert@planet-ai.de:name=German_Kurrent_XVI-XVIII_M1(htr_id=19584)::::v=2.6.6
prov=University of Rostock/Institute of Mathematics/CITlab|PLANET AI GmbH/Tobias Gruening/tobias.gruening@planet-ai.de:name=de.uros.citlab.module.baseline2polygon.B2PSeamMultiOriented:v=2.6.6
prov=University of Rostock/Institute of Mathematics/CITlab|PLANET AI GmbH/Tobias Gruening/tobias.gruening@planet-ai.de:name=/net_tf/LA73_249_0mod360.pb:de.uros.citlab.segmentation.CITlab_LA_ML:v=2.6.6
Transkribus</Creator>
        <Created>2020-10-05T12:03:38.621+02:00</Created>
        <LastChange>2020-10-27T17:56:34.333+01:00</LastChange>
        <TranskribusMetadata docId="1334836" pageId="52361346" pageNr="11" tsid="114643125" status="GT" userId="68499" imgUrl="https://files.transkribus.eu/Get?id=CHJQZKOJCZZKEFPAYBUYUOQW&amp;fileType=view" xmlUrl="https://files.transkribus.eu/Get?id=MZMTIQMUIUVUYGACITQZVBVH" imageId="16047305"/>
    </Metadata>
    <Page imageFilename="Turmbuch_StAB B IX 481_00011-20200925_095648.jpg" imageWidth="5472" imageHeight="7296">
        <ReadingOrder>
            <OrderedGroup id="ro_1687513700580" caption="Regions reading order">
                <RegionRefIndexed index="0" regionRef="r1"/>
                <RegionRefIndexed index="1" regionRef="r2"/>
            </OrderedGroup>
        </ReadingOrder>
        <TextRegion orientation="0.0" id="r1" custom="readingOrder {index:0;}">
            <Coords points="1090,575 1090,5822 2856,5822 2856,575"/>
            <TextLine id="r1l1" custom="readingOrder {index:0;}">
                <Coords points="1730,647 1814,661 1855,711 1869,704 1900,711 1920,697 1930,699 1948,588 1910,586 1845,558 1790,567 1745,557"/>
                <Baseline points="1744,626 1770,624 1796,626 1822,631 1849,637 1875,642 1901,647 1928,650"/>
                <TextEquiv>
                    <Unicode>[14.]</Unicode>
                </TextEquiv>
            </TextLine>
            <TextLine id="r1l2" custom="readingOrder {index:1;} unclear {offset:17; length:7;} person {offset:17; length:7;}">
                <Coords points="1264,981 1596,944 1795,1029 1914,995 2252,1045 2369,1123 2530,1092 2821,1156 2706,1012 2615,1028 2477,936 2356,997 1795,861 1648,910 1381,849 1295,780"/>
                <Baseline points="1284,920 1360,929 1436,936 1512,944 1588,952 1665,960 1741,968 1817,976 1893,986 1969,995 2046,1006 2122,1017 2198,1028 2274,1042 2350,1056 2427,1072 2503,1088 2579,1105 2655,1124 2731,1144 2808,1166"/>
                <TextEquiv>
                    <Unicode>seye er mit ihme Nourris, so truncken</Unicode>
                </TextEquiv>
            </TextLine>
            <TextLine id="r1l3" custom="readingOrder {index:2;} unclear {offset:36; length:7;} person {offset:36; length:7;}">
                <Coords points="1272,1052 1594,1124 1820,1087 2049,1197 2336,1169 2682,1234 2833,1317 2848,1218 2530,1091 2369,1123 2252,1045 2067,1060 1963,1008 1829,1059 1668,959 1503,1016 1285,968"/>
                <Baseline points="1288,1026 1365,1036 1442,1044 1519,1054 1596,1061 1673,1070 1750,1077 1827,1086 1904,1094 1981,1104 2058,1113 2135,1124 2212,1134 2289,1148 2366,1160 2443,1176 2520,1193 2597,1211 2674,1232 2751,1255 2828,1278"/>
                <TextEquiv>
                    <Unicode>war, uf den kirchhof spacirt, da er Nourris</Unicode>
                </TextEquiv>
            </TextLine>
            <TextLine id="r1l4" custom="readingOrder {index:3;}">
                <Coords points="1260,1168 1487,1155 1786,1269 2089,1231 2258,1265 2349,1347 2575,1305 2808,1389 2818,1313 2726,1255 2438,1198 2056,1193 1973,1138 1420,1068 1270,1101"/>
                <Baseline points="1276,1132 1352,1141 1428,1151 1504,1159 1580,1167 1657,1176 1733,1183 1809,1191 1885,1199 1961,1206 2038,1215 2114,1226 2190,1236 2266,1247 2342,1259 2419,1273 2495,1286 2571,1303 2647,1320 2723,1340 2800,1362"/>
                <TextEquiv>
                    <Unicode>mit den zweyen meidtlenen, so der ver¬</Unicode>
                </TextEquiv>
            </TextLine>
            <TextLine id="r1l5" custom="readingOrder {index:4;} unclear {offset:23; length:6;}">
                <Coords points="1271,1258 1612,1264 1666,1331 1724,1306 1820,1362 2502,1382 2816,1468 2826,1388 2645,1384 2574,1304 2312,1330 1964,1226 1621,1248 1488,1153 1282,1173"/>
                <Baseline points="1284,1240 1360,1249 1436,1255 1512,1262 1588,1269 1665,1278 1741,1285 1817,1293 1893,1301 1969,1310 2046,1318 2122,1328 2198,1339 2274,1350 2350,1361 2427,1373 2503,1386 2579,1401 2655,1416 2731,1431 2808,1448"/>
                <TextEquiv>
                    <Unicode>wundte geführt, in der erckel des</Unicode>
                </TextEquiv>
            </TextLine>
            <TextLine id="r1l6" custom="readingOrder {index:5;}">
                <Coords points="1274,1371 1432,1425 1586,1391 1683,1451 1935,1425 2224,1523 2552,1500 2833,1576 2856,1513 2596,1420 2326,1427 2180,1344 1829,1366 1624,1278 1422,1317 1288,1264"/>
                <Baseline points="1288,1342 1365,1351 1443,1361 1520,1368 1598,1375 1676,1382 1753,1390 1831,1397 1908,1405 1986,1411 2064,1421 2141,1428 2219,1439 2296,1449 2374,1460 2452,1473 2529,1486 2607,1501 2684,1518 2762,1536 2840,1556"/>
                <TextEquiv>
                    <Unicode>kirchhofs herrumb springen wollen, weilen</Unicode>
                </TextEquiv>
            </TextLine>
            <TextLine id="r1l7" custom="readingOrder {index:6;}">
                <Coords points="1284,1474 1431,1459 1776,1557 1913,1517 2059,1589 2511,1607 2629,1664 2689,1623 2799,1670 2742,1572 2597,1568 2536,1510 2217,1516 1980,1437 1752,1471 1477,1396 1290,1419"/>
                <Baseline points="1296,1458 1370,1463 1445,1471 1520,1476 1595,1482 1670,1489 1744,1494 1819,1501 1894,1507 1969,1514 2044,1521 2118,1529 2193,1538 2268,1548 2343,1558 2418,1569 2492,1582 2567,1594 2642,1609 2717,1625 2792,1642"/>
                <TextEquiv>
                    <Unicode>er vermeint, daß eins derselben seine</Unicode>
                </TextEquiv>
            </TextLine>
            <TextLine id="r1l8" custom="readingOrder {index:7;}">
                <Coords points="1257,1561 1380,1608 1646,1591 1769,1662 1881,1609 2206,1641 2354,1717 2450,1671 2780,1740 2816,1678 1266,1472"/>
                <Baseline points="1268,1554 1344,1562 1421,1569 1497,1577 1574,1583 1651,1590 1727,1596 1804,1603 1880,1610 1957,1616 2034,1624 2110,1630 2187,1639 2263,1647 2340,1655 2417,1664 2493,1676 2570,1687 2646,1699 2723,1712 2800,1726"/>
                <TextEquiv>
                    <Unicode>landtsmännin were, welches aber der</Unicode>
                </TextEquiv>
            </TextLine>
            <TextLine id="r1l9" custom="readingOrder {index:8;}">
                <Coords points="1267,1673 1781,1691 2040,1796 2478,1764 2758,1882 2818,1858 2826,1773 2712,1723 2048,1649 1976,1683 1919,1630 1775,1672 1594,1585 1411,1638 1277,1580"/>
                <Baseline points="1280,1656 1356,1663 1433,1671 1509,1677 1586,1684 1663,1689 1739,1696 1816,1702 1892,1707 1969,1714 2046,1720 2122,1728 2199,1735 2275,1743 2352,1750 2429,1760 2505,1770 2582,1780 2658,1793 2735,1805 2812,1818"/>
                <TextEquiv>
                    <Unicode>verwundte nit gern gestattet, die welsche</Unicode>
                </TextEquiv>
            </TextLine>
            <TextLine id="r1l10" custom="readingOrder {index:9;}">
                <Coords points="1284,1768 1443,1828 1521,1786 1745,1805 1896,1877 2014,1822 2315,1891 2388,1840 2821,1943 2827,1877 2478,1763 2195,1805 1935,1785 1782,1708 1599,1755 1515,1694 1424,1736 1290,1711"/>
                <Baseline points="1296,1760 1371,1767 1447,1774 1523,1780 1599,1786 1675,1792 1750,1796 1826,1802 1902,1806 1978,1812 2054,1817 2129,1824 2205,1830 2281,1837 2357,1846 2433,1855 2508,1865 2584,1877 2660,1889 2736,1904 2812,1920"/>
                <TextEquiv>
                    <Unicode>magt auch zu ihme gesagt; Arriere de</Unicode>
                </TextEquiv>
            </TextLine>
            <TextLine id="r1l11" custom="readingOrder {index:10;} person {offset:4; length:6;}">
                <Coords points="1293,1876 1495,1871 1603,1935 1673,1902 1814,1956 2070,1919 2264,1999 2664,1975 2754,2038 2762,1937 2543,1934 2387,1840 2315,1888 2001,1831 1913,1883 1805,1875 1745,1806 1672,1836 1597,1794 1496,1854 1298,1811"/>
                <Baseline points="1304,1870 1376,1875 1448,1879 1520,1884 1592,1889 1665,1894 1737,1898 1809,1904 1881,1906 1953,1912 2026,1917 2098,1923 2170,1928 2242,1934 2314,1941 2387,1948 2459,1956 2531,1964 2603,1973 2675,1982 2748,1992"/>
                <TextEquiv>
                    <Unicode>moy Sathan, darüber sy ein anderen</Unicode>
                </TextEquiv>
            </TextLine>
            <TextLine id="r1l12" custom="readingOrder {index:11;} unclear {offset:0; length:10;}">
                <Coords points="1270,2013 1576,2002 1678,2076 2010,2052 2094,2109 2206,2055 2316,2103 2413,2069 2864,2173 2874,2063 2662,1980 2029,2001 1958,1945 1774,1976 1281,1891"/>
                <Baseline points="1284,1970 1362,1979 1441,1988 1519,1993 1598,2000 1677,2006 1755,2010 1834,2014 1912,2019 1991,2024 2070,2028 2148,2034 2227,2040 2305,2046 2384,2056 2463,2064 2541,2074 2620,2087 2698,2102 2777,2118 2856,2136"/>
                <TextEquiv>
                    <Unicode>hunds etc: gescholten, gestoßen, und endtlich mit</Unicode>
                </TextEquiv>
            </TextLine>
            <TextLine id="r1l13" custom="readingOrder {index:12;}">
                <Coords points="1276,2091 1629,2113 1682,2165 1774,2112 1840,2165 2019,2132 2099,2196 2312,2173 2384,2226 2674,2196 2848,2253 2839,2158 2640,2166 2406,2085 2333,2122 2274,2061 2093,2109 2032,2052 1691,2084 1557,2003 1340,2058 1281,2026"/>
                <Baseline points="1288,2080 1365,2087 1443,2094 1520,2100 1598,2104 1676,2109 1753,2113 1831,2118 1908,2123 1986,2128 2064,2132 2141,2138 2219,2143 2296,2149 2374,2157 2452,2165 2529,2173 2607,2185 2684,2195 2762,2208 2840,2222"/>
                <TextEquiv>
                    <Unicode>ein andern den kirchhof abgangen, und by</Unicode>
                </TextEquiv>
            </TextLine>
            <TextLine id="r1l14" custom="readingOrder {index:13;} unclear {offset:11; length:6;} unclear {offset:22; length:9;}">
                <Coords points="1263,2203 1963,2231 2059,2307 2222,2259 2608,2335 2711,2298 2834,2383 2841,2292 2774,2248 2165,2173 2044,2202 1893,2124 1827,2176 1590,2110 1445,2164 1272,2090"/>
                <Baseline points="1276,2178 1353,2185 1431,2191 1508,2198 1586,2202 1664,2207 1741,2212 1819,2216 1896,2220 1974,2224 2052,2229 2129,2233 2207,2238 2284,2245 2362,2252 2440,2261 2517,2271 2595,2281 2672,2293 2750,2307 2828,2324"/>
                <TextEquiv>
                    <Unicode>dem undern erckel zun streichen gerathen,</Unicode>
                </TextEquiv>
            </TextLine>
            <TextLine id="r1l15" custom="readingOrder {index:14;}">
                <Coords points="1247,2298 2161,2339 2300,2418 2430,2357 2507,2412 2599,2372 2648,2420 2817,2417 2823,2331 2772,2357 2713,2295 2415,2330 2206,2270 2045,2299 1897,2226 1559,2276 1254,2205"/>
                <Baseline points="1260,2276 1337,2283 1414,2288 1492,2294 1569,2300 1647,2304 1724,2308 1801,2312 1879,2316 1956,2321 2034,2325 2111,2330 2188,2335 2266,2340 2343,2347 2421,2354 2498,2362 2575,2371 2653,2382 2730,2392 2808,2404"/>
                <TextEquiv>
                    <Unicode>da dan der verwundte zum ersten den</Unicode>
                </TextEquiv>
            </TextLine>
            <TextLine id="r1l16" custom="readingOrder {index:15;} unclear {offset:28; length:7;} person {offset:28; length:7;}">
                <Coords points="1259,2388 1392,2454 1549,2401 1683,2458 1787,2408 1883,2467 2196,2434 2457,2501 2539,2453 2677,2536 2846,2532 2815,2427 2575,2388 2303,2417 2156,2342 1885,2382 1797,2330 1264,2319"/>
                <Baseline points="1272,2364 1350,2375 1428,2382 1506,2389 1584,2396 1663,2401 1741,2406 1819,2409 1897,2413 1975,2418 2054,2421 2132,2424 2210,2429 2288,2434 2366,2440 2445,2447 2523,2456 2601,2466 2679,2477 2757,2490 2836,2506"/>
                <TextEquiv>
                    <Unicode>dägen ausgezogen und uf den Nourris in¬</Unicode>
                </TextEquiv>
            </TextLine>
            <TextLine id="r1l17" custom="readingOrder {index:16;}">
                <Coords points="1244,2539 1623,2497 1857,2566 2012,2503 2164,2583 2318,2529 2787,2612 2849,2546 2503,2471 2401,2507 2195,2434 2013,2480 1799,2413 1716,2472 1251,2431"/>
                <Baseline points="1260,2474 1338,2479 1417,2484 1496,2488 1575,2492 1654,2496 1732,2499 1811,2502 1890,2506 1969,2510 2048,2514 2126,2518 2205,2522 2284,2528 2363,2533 2442,2540 2520,2548 2599,2557 2678,2565 2757,2576 2836,2588"/>
                <TextEquiv>
                    <Unicode>gestoßen, auch ihne unfählbar verwundet</Unicode>
                </TextEquiv>
            </TextLine>
            <TextLine id="r1l18" custom="readingOrder {index:17;} unclear {offset:13; length:8;}">
                <Coords points="1277,2628 1371,2584 1483,2632 1770,2600 1881,2668 2031,2607 2138,2661 2298,2623 2370,2690 2462,2642 2841,2703 2841,2605 2517,2616 2370,2549 2191,2589 1507,2561 1286,2490"/>
                <Baseline points="1292,2568 1369,2574 1446,2579 1523,2585 1600,2588 1677,2593 1754,2596 1831,2599 1908,2603 1985,2606 2062,2610 2139,2614 2216,2618 2293,2621 2370,2627 2447,2633 2524,2639 2601,2646 2678,2656 2755,2664 2832,2676"/>
                <TextEquiv>
                    <Unicode>hette, wan er gezeüg mit seinem winckel¬</Unicode>
                </TextEquiv>
            </TextLine>
            <TextLine id="r1l19" custom="readingOrder {index:18;} unclear {offset:36; length:3;}">
                <Coords points="1280,2710 1370,2747 1766,2692 1895,2767 2011,2705 2235,2779 2303,2740 2578,2796 2663,2747 2823,2773 2786,2679 2314,2684 2243,2624 2153,2679 2034,2607 1921,2656 1771,2601 1663,2657 1577,2603 1494,2647 1372,2583 1285,2628"/>
                <Baseline points="1294,2670 1370,2673 1446,2676 1522,2678 1598,2681 1674,2684 1750,2686 1826,2690 1902,2694 1978,2697 2054,2700 2130,2704 2206,2708 2282,2713 2358,2718 2434,2724 2510,2729 2586,2736 2662,2742 2738,2749 2814,2756"/>
                <TextEquiv>
                    <Unicode>eysen den streich nit usgeschlagen, hr. nach</Unicode>
                </TextEquiv>
            </TextLine>
            <TextLine id="r1l20" custom="readingOrder {index:19;}">
                <Coords points="1259,2828 1428,2798 1807,2863 1914,2806 1986,2863 2163,2801 2486,2836 2543,2886 2803,2866 2808,2758 2753,2751 2579,2798 2046,2719 1893,2765 1773,2693 1653,2756 1573,2694 1499,2744 1265,2707"/>
                <Baseline points="1272,2764 1348,2768 1424,2772 1500,2776 1576,2778 1652,2782 1728,2784 1804,2786 1880,2789 1956,2792 2033,2794 2109,2796 2185,2800 2261,2804 2337,2808 2413,2813 2489,2818 2565,2824 2641,2831 2717,2840 2794,2850"/>
                <TextEquiv>
                    <Unicode>disem seyend sy zusamen kommen, habind</Unicode>
                </TextEquiv>
            </TextLine>
            <TextLine id="r1l21" custom="readingOrder {index:20;} unclear {offset:33; length:7;}">
                <Coords points="1248,2872 2811,2968 2815,2892 2713,2845 2576,2902 2345,2815 2122,2811 2053,2873 1914,2805 1816,2864 1251,2821"/>
                <Baseline points="1260,2856 1337,2863 1414,2869 1491,2876 1568,2880 1645,2884 1722,2886 1799,2888 1876,2891 1953,2893 2031,2895 2108,2898 2185,2900 2262,2904 2339,2906 2416,2911 2493,2915 2570,2921 2647,2928 2724,2937 2802,2948"/>
                <TextEquiv>
                    <Unicode>ein andern mit feüsten und dägen gefeßen</Unicode>
                </TextEquiv>
            </TextLine>
            <TextLine id="r1l22" custom="readingOrder {index:21;}">
                <Coords points="1261,2965 1765,2993 1888,3051 2289,3026 2316,2989 2557,3010 2616,3072 2802,3031 2806,2946 2721,2934 2499,2976 2378,2924 2121,2962 1893,2888 1553,2939 1265,2882"/>
                <Baseline points="1272,2954 1348,2959 1424,2962 1500,2966 1576,2969 1652,2973 1728,2976 1804,2979 1880,2982 1956,2984 2032,2986 2108,2990 2184,2992 2260,2996 2336,3000 2412,3003 2488,3006 2564,3010 2640,3015 2716,3020 2792,3026"/>
                <TextEquiv>
                    <Unicode>umb den kopf geschlagen, hernach seyend</Unicode>
                </TextEquiv>
            </TextLine>
            <TextLine id="r1l23" custom="readingOrder {index:22;}">
                <Coords points="1248,3106 1480,3063 2140,3086 2598,3165 2654,3112 2793,3157 2796,3078 2321,2988 1888,3051 1830,3010 1659,3039 1568,2968 1379,3034 1252,2977"/>
                <Baseline points="1260,3056 1336,3058 1412,3060 1488,3062 1564,3064 1641,3066 1717,3068 1793,3070 1869,3072 1945,3074 2022,3076 2098,3078 2174,3080 2250,3083 2326,3086 2403,3088 2479,3093 2555,3097 2631,3100 2707,3106 2784,3110"/>
                <TextEquiv>
                    <Unicode>sy widerumb mit den bloßen dägen an</Unicode>
                </TextEquiv>
            </TextLine>
            <TextLine id="r1l24" custom="readingOrder {index:23;} unclear {offset:22; length:8;}">
                <Coords points="1265,3172 1654,3163 1911,3225 2169,3166 2322,3245 2790,3208 2791,3155 2652,3113 2596,3167 2144,3087 2005,3130 1762,3073 1653,3131 1480,3063 1267,3117"/>
                <Baseline points="1276,3156 1351,3158 1426,3160 1501,3162 1576,3164 1652,3166 1727,3167 1802,3168 1877,3170 1952,3172 2028,3174 2103,3174 2178,3177 2253,3178 2328,3181 2404,3184 2479,3186 2554,3189 2629,3193 2704,3196 2780,3200"/>
                <TextEquiv>
                    <Unicode>ein ander kommen, und ergezeüg uf das</Unicode>
                </TextEquiv>
            </TextLine>
            <TextLine id="r1l25" custom="readingOrder {index:24;}">
                <Coords points="1250,3305 1366,3259 1780,3336 1949,3259 2259,3271 2374,3340 2500,3286 2736,3340 2807,3304 2809,3226 2340,3250 2153,3167 1937,3233 1764,3176 1664,3222 1253,3185"/>
                <Baseline points="1262,3248 1338,3252 1415,3254 1492,3257 1569,3260 1646,3262 1722,3263 1799,3264 1876,3266 1953,3268 2030,3270 2106,3271 2183,3272 2260,3274 2337,3276 2414,3278 2490,3280 2567,3283 2644,3286 2721,3289 2798,3292"/>
                <TextEquiv>
                    <Unicode>schinbein gestochen worden, wüße aber nicht</Unicode>
                </TextEquiv>
            </TextLine>
            <TextLine id="r1l26" custom="readingOrder {index:25;}">
                <Coords points="1257,3363 1407,3400 1527,3356 1632,3405 1679,3368 1727,3411 1993,3351 2178,3433 2315,3379 2484,3427 2799,3384 2800,3323 2369,3335 2243,3271 2062,3325 1932,3265 1792,3330 1346,3257 1258,3298"/>
                <Baseline points="1268,3338 1344,3342 1420,3343 1496,3346 1572,3348 1648,3348 1724,3350 1800,3352 1876,3352 1952,3354 2028,3356 2104,3356 2180,3358 2256,3360 2332,3361 2408,3362 2484,3364 2560,3366 2636,3369 2712,3372 2788,3374"/>
                <TextEquiv>
                    <Unicode>von welchem, und als ihme dahar das</Unicode>
                </TextEquiv>
            </TextLine>
            <TextLine id="r1l27" custom="readingOrder {index:26;}">
                <Coords points="1237,3442 1506,3442 1579,3503 1757,3435 1900,3500 1996,3460 2088,3503 2249,3462 2364,3522 2499,3468 2814,3501 2817,3384 2775,3379 2485,3427 2338,3381 2139,3415 1982,3351 1730,3409 1678,3367 1633,3405 1525,3357 1239,3368"/>
                <Baseline points="1248,3422 1325,3426 1403,3428 1481,3432 1559,3433 1637,3435 1714,3437 1792,3438 1870,3440 1948,3442 2026,3442 2103,3444 2181,3446 2259,3448 2337,3449 2415,3452 2492,3454 2570,3456 2648,3458 2726,3462 2804,3466"/>
                <TextEquiv>
                    <Unicode>winckelysen entfallen, er solches auch ufge¬</Unicode>
                </TextEquiv>
            </TextLine>
            <TextLine id="r1l28" custom="readingOrder {index:27;} unclear {offset:11; length:8;}">
                <Coords points="1236,3578 1318,3520 1473,3589 1623,3531 2176,3552 2265,3605 2575,3550 2661,3613 2823,3588 2824,3519 2729,3495 2353,3522 2244,3462 2169,3512 1992,3460 1900,3500 1757,3438 1579,3502 1409,3435 1239,3455"/>
                <Baseline points="1248,3518 1326,3520 1404,3522 1482,3525 1560,3528 1639,3529 1717,3532 1795,3532 1873,3534 1951,3536 2030,3537 2108,3538 2186,3540 2264,3542 2342,3543 2421,3544 2499,3546 2577,3546 2655,3548 2733,3548 2812,3550"/>
                <TextEquiv>
                    <Unicode>hebt, seye underdeß der schneiderknecht ge¬</Unicode>
                </TextEquiv>
            </TextLine>
            <TextLine id="r1l29" custom="readingOrder {index:28;}">
                <Coords points="1243,3672 1315,3622 1489,3669 1568,3614 1875,3673 2083,3632 2138,3681 2448,3628 2670,3692 2787,3627 2788,3561 2247,3603 2047,3543 1752,3581 1674,3530 1483,3593 1314,3520 1243,3575"/>
                <Baseline points="1254,3622 1330,3620 1406,3620 1482,3620 1558,3620 1634,3620 1710,3621 1786,3622 1862,3622 1938,3622 2015,3624 2091,3624 2167,3624 2243,3626 2319,3626 2395,3626 2471,3626 2547,3626 2623,3626 2699,3626 2776,3626"/>
                <TextEquiv>
                    <Unicode>flohen und vom steinhauwer biß zu herren</Unicode>
                </TextEquiv>
            </TextLine>
            <TextLine id="r1l30" custom="readingOrder {index:29;} person {offset:0; length:9;} unclear {offset:33; length:5;}">
                <Coords points="1262,3726 1654,3776 2036,3731 2149,3795 2291,3731 2567,3775 2656,3726 2798,3777 2798,3657 2758,3652 2579,3694 2448,3628 2217,3685 2079,3631 1788,3692 1262,3642"/>
                <Baseline points="1272,3714 1347,3716 1423,3718 1499,3720 1575,3720 1651,3722 1726,3722 1802,3722 1878,3722 1954,3722 2030,3722 2105,3722 2181,3722 2257,3722 2333,3722 2409,3720 2484,3721 2560,3722 2636,3722 2712,3722 2788,3724"/>
                <TextEquiv>
                    <Unicode>Tribolets haus vervolget worden, maßen</Unicode>
                </TextEquiv>
            </TextLine>
            <TextLine id="r1l31" custom="readingOrder {index:30;}">
                <Coords points="1243,3832 1659,3893 1725,3836 1943,3837 2043,3892 2452,3815 2563,3868 2783,3846 2783,3776 2675,3736 2571,3779 2352,3732 2214,3790 2032,3729 1956,3784 1243,3773"/>
                <Baseline points="1254,3812 1329,3815 1405,3818 1481,3820 1557,3820 1633,3822 1709,3822 1785,3820 1861,3820 1937,3818 2013,3818 2088,3816 2164,3815 2240,3814 2316,3814 2392,3814 2468,3814 2544,3814 2620,3816 2696,3819 2772,3822"/>
                <TextEquiv>
                    <Unicode>dazumahl, als er sich gebuckt, dem ver¬</Unicode>
                </TextEquiv>
            </TextLine>
            <TextLine id="r1l32" custom="readingOrder {index:31;} unclear {offset:16; length:7;} person {offset:16; length:7;}">
                <Coords points="1257,3949 1543,3970 1619,3918 1804,3961 1923,3918 2150,3978 2220,3922 2603,3913 2701,3948 2750,3922 2749,3831 2542,3879 2448,3816 2300,3881 2208,3831 2052,3889 1933,3839 1814,3889 1725,3835 1608,3889 1364,3823 1256,3874"/>
                <Baseline points="1266,3914 1339,3914 1413,3914 1487,3916 1560,3916 1634,3916 1708,3916 1781,3916 1855,3916 1929,3916 2003,3914 2076,3914 2150,3914 2224,3912 2297,3912 2371,3910 2445,3908 2518,3908 2592,3906 2666,3904 2740,3902"/>
                <TextEquiv>
                    <Unicode>wundten von dem Nourris der stoß</Unicode>
                </TextEquiv>
            </TextLine>
            <TextLine id="r1l33" custom="readingOrder {index:32;} unclear {offset:37; length:7;} person {offset:37; length:7;}">
                <Coords points="1253,4030 1744,4088 1849,4016 2026,4083 2284,4009 2838,4025 2837,3940 1252,3975"/>
                <Baseline points="1264,4020 1342,4020 1420,4020 1498,4020 1576,4018 1654,4018 1732,4016 1810,4014 1888,4013 1966,4012 2045,4010 2123,4008 2201,4006 2279,4006 2357,4004 2435,4002 2513,4002 2591,4000 2669,4000 2747,4000 2826,4000"/>
                <TextEquiv>
                    <Unicode>müße gegeben worden sein, da dan des Nourris</Unicode>
                </TextEquiv>
            </TextLine>
            <TextLine id="r1l34" custom="readingOrder {index:33;}">
                <Coords points="1261,4150 1702,4118 2327,4170 2455,4093 2519,4133 2805,4104 2803,4023 2374,4070 2283,4010 1990,4081 1849,4016 1695,4089 1259,4046"/>
                <Baseline points="1272,4122 1348,4120 1424,4118 1500,4116 1576,4116 1652,4114 1728,4112 1804,4112 1880,4110 1956,4110 2033,4108 2109,4106 2185,4106 2261,4104 2337,4102 2413,4100 2489,4099 2565,4097 2641,4096 2717,4094 2794,4090"/>
                <TextEquiv>
                    <Unicode>dägen ab ein ander gesprungen, wüße aber</Unicode>
                </TextEquiv>
            </TextLine>
            <TextLine id="r1l35" custom="readingOrder {index:34;}">
                <Coords points="1255,4260 1494,4234 1563,4283 1782,4212 2325,4264 2579,4193 2770,4242 2822,4213 2818,4105 2448,4094 2326,4170 1888,4145 1756,4189 1652,4138 1252,4187"/>
                <Baseline points="1264,4226 1341,4224 1418,4222 1495,4220 1573,4218 1650,4216 1727,4214 1805,4212 1882,4210 1959,4208 2037,4206 2114,4204 2191,4202 2268,4198 2346,4196 2423,4192 2500,4188 2578,4184 2655,4179 2732,4175 2810,4168"/>
                <TextEquiv>
                    <Unicode>nit, wan und wie es geschechen; Nach disem seye</Unicode>
                </TextEquiv>
            </TextLine>
            <TextLine id="r1l36" custom="readingOrder {index:35;} unclear {offset:18; length:7;} person {offset:18; length:7;}">
                <Coords points="1238,4340 1365,4386 1464,4326 1596,4363 1807,4304 1954,4349 2183,4300 2478,4347 2814,4310 2810,4228 2595,4206 2464,4260 2173,4220 1989,4279 1810,4219 1683,4278 1236,4298"/>
                <Baseline points="1248,4334 1325,4330 1403,4326 1481,4322 1558,4318 1636,4316 1714,4314 1791,4310 1869,4308 1947,4306 2025,4302 2102,4300 2180,4296 2258,4292 2335,4290 2413,4285 2491,4281 2568,4275 2646,4270 2724,4263 2802,4258"/>
                <TextEquiv>
                    <Unicode>er gezeüg mit dem Nourris in ihr gnaden</Unicode>
                </TextEquiv>
            </TextLine>
            <TextLine id="r1l37" custom="readingOrder {index:36;} unclear {offset:6; length:8;} person {offset:28; length:16;}">
                <Coords points="1232,4476 1302,4426 1500,4489 1590,4442 2038,4448 2114,4395 2212,4446 2292,4392 2424,4441 2502,4380 2783,4393 2778,4293 2626,4343 2330,4294 1944,4354 1806,4305 1728,4360 1335,4395 1227,4353"/>
                <Baseline points="1240,4428 1316,4425 1393,4421 1469,4418 1546,4414 1622,4412 1699,4410 1775,4407 1852,4404 1928,4400 2005,4398 2081,4394 2158,4391 2234,4388 2311,4384 2387,4380 2464,4375 2540,4370 2617,4366 2693,4360 2770,4354"/>
                <TextEquiv>
                    <Unicode>herren herren schuldtheißen von Grafenriedts</Unicode>
                </TextEquiv>
            </TextLine>
            <TextLine id="r1l38" custom="readingOrder {index:37;}">
                <Coords points="1219,4559 1450,4551 1549,4601 1673,4516 1759,4560 2216,4487 2389,4542 2487,4474 2819,4481 2814,4405 2542,4373 2339,4454 1549,4462 1477,4507 1325,4451 1216,4502"/>
                <Baseline points="1228,4544 1306,4540 1385,4536 1464,4531 1543,4528 1622,4522 1701,4519 1780,4513 1859,4509 1938,4506 2017,4500 2095,4495 2174,4491 2253,4485 2332,4480 2411,4475 2490,4469 2569,4463 2648,4457 2727,4450 2806,4444"/>
                <TextEquiv>
                    <Unicode>keller gegangen, der meinung allda einen</Unicode>
                </TextEquiv>
            </TextLine>
            <TextLine id="r1l39" custom="readingOrder {index:38;}">
                <Coords points="1231,4681 1515,4639 1692,4675 1811,4619 1939,4674 2160,4585 2305,4645 2816,4544 2811,4474 2729,4456 2566,4530 2476,4481 2391,4541 2216,4487 2123,4550 1963,4512 1874,4578 1717,4545 1557,4602 1353,4610 1222,4552"/>
                <Baseline points="1238,4646 1316,4642 1394,4639 1472,4635 1551,4630 1629,4625 1707,4620 1786,4615 1864,4610 1942,4604 2021,4598 2099,4591 2177,4584 2255,4578 2334,4573 2412,4566 2490,4560 2569,4553 2647,4548 2725,4542 2804,4536"/>
                <TextEquiv>
                    <Unicode>trunck zethun, sich aber ohne trunck uß</Unicode>
                </TextEquiv>
            </TextLine>
            <TextLine id="r1l40" custom="readingOrder {index:39;}">
                <Coords points="1239,4761 1943,4708 2111,4757 2298,4679 2463,4714 2638,4645 2820,4653 2804,4560 2296,4646 2162,4590 2004,4674 1829,4638 1689,4691 1515,4640 1435,4708 1234,4691"/>
                <Baseline points="1248,4740 1325,4737 1403,4735 1481,4731 1559,4728 1637,4724 1715,4720 1793,4714 1871,4709 1949,4703 2027,4697 2104,4690 2182,4685 2260,4678 2338,4671 2416,4663 2494,4656 2572,4649 2650,4641 2728,4634 2806,4626"/>
                <TextEquiv>
                    <Unicode>dem keller, und einjeder nach seines mei¬</Unicode>
                </TextEquiv>
            </TextLine>
            <TextLine id="r1l41" custom="readingOrder {index:40;}">
                <Coords points="1238,4885 1370,4856 1462,4908 1594,4833 1739,4891 1822,4818 2080,4862 2306,4776 2367,4808 2841,4729 2790,4661 2395,4718 2298,4679 2111,4757 1231,4798"/>
                <Baseline points="1246,4852 1325,4848 1404,4842 1483,4837 1562,4832 1642,4826 1721,4820 1800,4814 1879,4808 1958,4802 2038,4795 2117,4788 2196,4782 2275,4774 2354,4767 2434,4759 2513,4751 2592,4742 2671,4734 2750,4726 2830,4716"/>
                <TextEquiv>
                    <Unicode>sters haus sich begeben; Und habe damahls</Unicode>
                </TextEquiv>
            </TextLine>
            <TextLine id="r1l42" custom="readingOrder {index:41;} unclear {offset:5; length:8;}">
                <Coords points="1240,4993 1571,4936 1648,4985 1728,4928 1906,4963 1999,4903 2149,4940 2823,4834 2817,4771 2480,4768 2087,4867 1845,4836 1736,4896 1619,4849 1383,4929 1232,4904"/>
                <Baseline points="1248,4956 1326,4951 1404,4945 1482,4940 1560,4934 1638,4930 1716,4926 1794,4919 1872,4913 1950,4907 2029,4901 2107,4894 2185,4888 2263,4879 2341,4871 2419,4861 2497,4852 2575,4840 2653,4828 2731,4814 2810,4800"/>
                <TextEquiv>
                    <Unicode>sein monsieur ihme nichts gesagt, daß er zu dem</Unicode>
                </TextEquiv>
            </TextLine>
            <TextLine id="r1l43" custom="readingOrder {index:42;}">
                <Coords points="1244,5100 1497,5028 2369,5028 2455,4968 2621,4984 2715,4902 2827,4913 2821,4854 2473,4866 2411,4915 2335,4878 2221,4934 1743,4929 1658,4989 1574,4935 1234,4996"/>
                <Baseline points="1250,5056 1328,5050 1406,5044 1484,5036 1562,5031 1641,5024 1719,5020 1797,5014 1875,5006 1953,5001 2032,4994 2110,4988 2188,4981 2266,4972 2344,4963 2423,4954 2501,4943 2579,4932 2657,4920 2735,4906 2814,4890"/>
                <TextEquiv>
                    <Unicode>herren großweibel solle, sonsten er gezeüg</Unicode>
                </TextEquiv>
            </TextLine>
            <TextLine id="r1l44" custom="readingOrder {index:43;}">
                <Coords points="1084,5208 2726,5070 2797,5008 2789,4915 2399,5029 1854,5011 1076,5117"/>
                <Baseline points="1090,5162 1174,5154 1259,5146 1344,5140 1429,5134 1514,5127 1598,5121 1683,5114 1768,5107 1853,5101 1938,5095 2022,5087 2107,5080 2192,5071 2277,5064 2362,5055 2446,5046 2531,5035 2616,5025 2701,5013 2786,5002"/>
                <TextEquiv>
                    <Unicode>noch selbigen abends hette hinunder gehen</Unicode>
                </TextEquiv>
            </TextLine>
            <TextLine id="r1l45" custom="readingOrder {index:44;}">
                <Coords points="1251,5266 1546,5273 1626,5223 1950,5265 2305,5165 2455,5220 2521,5152 2791,5123 2780,5043 2152,5149 2094,5116 1915,5166 1792,5117 1564,5191 1243,5170"/>
                <Baseline points="1260,5238 1335,5232 1411,5226 1487,5221 1563,5217 1639,5213 1715,5208 1791,5203 1867,5198 1943,5194 2019,5189 2094,5182 2170,5176 2246,5167 2322,5160 2398,5151 2474,5140 2550,5129 2626,5118 2702,5102 2778,5088"/>
                <TextEquiv>
                    <Unicode>und den bericht geben wollen; sagt auch</Unicode>
                </TextEquiv>
            </TextLine>
            <TextLine id="r1l46" custom="readingOrder {index:45;} unclear {offset:10; length:7;} person {offset:10; length:7;}">
                <Coords points="1227,5377 1902,5343 2241,5260 2362,5298 2460,5235 2830,5182 2826,5112 2562,5182 2520,5150 2458,5212 2304,5165 2093,5252 1218,5278"/>
                <Baseline points="1234,5336 1313,5331 1392,5327 1472,5322 1551,5317 1631,5311 1710,5306 1789,5300 1869,5294 1948,5287 2028,5281 2107,5274 2186,5265 2266,5257 2345,5247 2425,5237 2504,5226 2583,5214 2663,5202 2742,5188 2822,5174"/>
                <TextEquiv>
                    <Unicode>daß diser Nourris in obigem keller er¬</Unicode>
                </TextEquiv>
            </TextLine>
            <TextLine id="r1l47" custom="readingOrder {index:46;}">
                <Coords points="1239,5433 1402,5477 1815,5413 1956,5450 2055,5376 2176,5411 2403,5326 2557,5364 2797,5282 2787,5193 2366,5297 2237,5258 2133,5333 1988,5301 1880,5363 1232,5376"/>
                <Baseline points="1250,5442 1326,5440 1403,5435 1480,5430 1557,5424 1634,5417 1710,5410 1787,5402 1864,5393 1941,5384 2018,5374 2094,5365 2171,5355 2248,5344 2325,5333 2402,5322 2478,5313 2555,5300 2632,5290 2709,5279 2786,5268"/>
                <TextEquiv>
                    <Unicode>ezelt, wie er mit den, schneider händel</Unicode>
                </TextEquiv>
            </TextLine>
            <TextLine id="r1l48" custom="readingOrder {index:47;}">
                <Coords points="1213,5609 1296,5622 1498,5518 2054,5528 2177,5465 2422,5425 2539,5477 2807,5396 2801,5341 2676,5327 2503,5385 2029,5383 1866,5467 1795,5426 1572,5493 1465,5452 1367,5496 1264,5429 1198,5468"/>
                <Baseline points="1218,5552 1296,5546 1375,5539 1454,5533 1533,5526 1612,5519 1690,5513 1769,5505 1848,5498 1927,5489 2006,5482 2084,5472 2163,5464 2242,5455 2321,5445 2400,5434 2478,5424 2557,5412 2636,5400 2715,5389 2794,5376"/>
                <TextEquiv>
                    <Unicode>gehabt, mit vermelden; Solte er so lang</Unicode>
                </TextEquiv>
            </TextLine>
            <TextLine id="r1l49" custom="readingOrder {index:48;}">
                <Coords points="1224,5691 1481,5619 1678,5683 1735,5634 2000,5651 2280,5548 2458,5599 2578,5516 2740,5520 2733,5452 2395,5434 2256,5519 1996,5544 1937,5501 1770,5567 1537,5513 1217,5620"/>
                <Baseline points="1230,5646 1304,5639 1379,5632 1454,5626 1529,5620 1604,5614 1678,5609 1753,5602 1828,5597 1903,5590 1978,5583 2052,5577 2127,5569 2202,5561 2277,5552 2352,5545 2426,5535 2501,5524 2576,5512 2651,5501 2726,5488"/>
                <TextEquiv>
                    <Unicode>ein soldat gewesen sein, und sich von</Unicode>
                </TextEquiv>
            </TextLine>
            <TextLine id="r1l50" custom="readingOrder {index:49;} unclear {offset:16; length:6;}">
                <Coords points="1208,5786 1306,5741 1397,5799 1728,5717 2023,5732 2216,5651 2282,5692 2507,5619 2503,5577 2366,5565 1999,5649 1787,5614 1687,5663 1539,5623 1202,5712"/>
                <Baseline points="1214,5742 1278,5736 1342,5732 1406,5726 1470,5721 1535,5716 1599,5712 1663,5706 1727,5701 1791,5696 1856,5692 1920,5686 1984,5680 2048,5675 2112,5668 2177,5662 2241,5656 2305,5648 2369,5641 2433,5633 2498,5624"/>
                <TextEquiv>
                    <Unicode>einem schneider pochen laßen.</Unicode>
                </TextEquiv>
            </TextLine>
            <TextLine id="r1l51" custom="readingOrder {index:50;} unclear {offset:0; length:8;}">
                <Coords points="2381,5847 2394,5845 2407,5829 2431,5839 2444,5835 2455,5821 2468,5822 2452,5691 2431,5693 2420,5686 2386,5712 2365,5712"/>
                <Baseline points="2386,5798 2420,5798 2454,5790"/>
                <TextEquiv>
                    <Unicode>Monsieur</Unicode>
                </TextEquiv>
            </TextLine>
            <TextEquiv>
                <Unicode>[14.]&#13;
seye er mit ihme Nourris, so truncken&#13;
war, uf den kirchhof spacirt, da er Nourris&#13;
mit den zweyen meidtlenen, so der ver¬&#13;
wundte geführt, in der erckel des&#13;
kirchhofs herrumb springen wollen, weilen&#13;
er vermeint, daß eins derselben seine&#13;
landtsmännin were, welches aber der&#13;
verwundte nit gern gestattet, die welsche&#13;
magt auch zu ihme gesagt; Arriere de&#13;
moy Sathan, darüber sy ein anderen&#13;
hunds etc: gescholten, gestoßen, und endtlich mit&#13;
ein andern den kirchhof abgangen, und by&#13;
dem undern erckel zun streichen gerathen,&#13;
da dan der verwundte zum ersten den&#13;
dägen ausgezogen und uf den Nourris in¬&#13;
gestoßen, auch ihne unfählbar verwundet&#13;
hette, wan er gezeüg mit seinem winckel¬&#13;
eysen den streich nit usgeschlagen, hr. nach&#13;
disem seyend sy zusamen kommen, habind&#13;
ein andern mit feüsten und dägen gefeßen&#13;
umb den kopf geschlagen, hernach seyend&#13;
sy widerumb mit den bloßen dägen an&#13;
ein ander kommen, und ergezeüg uf das&#13;
schinbein gestochen worden, wüße aber nicht&#13;
von welchem, und als ihme dahar das&#13;
winckelysen entfallen, er solches auch ufge¬&#13;
hebt, seye underdeß der schneiderknecht ge¬&#13;
flohen und vom steinhauwer biß zu herren&#13;
Tribolets haus vervolget worden, maßen&#13;
dazumahl, als er sich gebuckt, dem ver¬&#13;
wundten von dem Nourris der stoß&#13;
müße gegeben worden sein, da dan des Nourris&#13;
dägen ab ein ander gesprungen, wüße aber&#13;
nit, wan und wie es geschechen; Nach disem seye&#13;
er gezeüg mit dem Nourris in ihr gnaden&#13;
herren herren schuldtheißen von Grafenriedts&#13;
keller gegangen, der meinung allda einen&#13;
trunck zethun, sich aber ohne trunck uß&#13;
dem keller, und einjeder nach seines mei¬&#13;
sters haus sich begeben; Und habe damahls&#13;
sein monsieur ihme nichts gesagt, daß er zu dem&#13;
herren großweibel solle, sonsten er gezeüg&#13;
noch selbigen abends hette hinunder gehen&#13;
und den bericht geben wollen; sagt auch&#13;
daß diser Nourris in obigem keller er¬&#13;
ezelt, wie er mit den, schneider händel&#13;
gehabt, mit vermelden; Solte er so lang&#13;
ein soldat gewesen sein, und sich von&#13;
einem schneider pochen laßen.&#13;
Monsieur</Unicode>
            </TextEquiv>
        </TextRegion>
        <TextRegion orientation="0.0" id="r2" custom="readingOrder {index:1;}">
            <Coords points="3392,797 3392,5279 5074,5279 5074,797"/>
            <TextLine id="r2l1" custom="readingOrder {index:0;}">
                <Coords points="3931,865 3956,869 3984,892 4056,881 4081,892 4098,881 4128,885 4155,860 4175,866 4221,853 4221,790 4157,775 4058,792 4000,784 3988,773 3966,780 3930,761"/>
                <Baseline points="3942,846 3968,848 3995,848 4022,848 4049,847 4076,846 4102,846 4129,846 4156,846 4183,847 4210,850"/>
                <TextEquiv>
                    <Unicode>[15.]</Unicode>
                </TextEquiv>
            </TextLine>
            <TextLine id="r2l2" custom="readingOrder {index:1;} unclear {offset:0; length:8;} person {offset:14; length:16;}">
                <Coords points="3381,1203 4183,1167 4288,1216 4393,1168 4498,1213 4615,1152 5027,1158 5064,1064 4441,1106 4200,1035 4063,1093 3379,1052"/>
                <Baseline points="3392,1172 3475,1168 3558,1166 3641,1166 3724,1164 3807,1164 3890,1164 3973,1164 4056,1164 4139,1164 4223,1164 4306,1164 4389,1164 4472,1162 4555,1160 4638,1158 4721,1155 4804,1149 4887,1145 4970,1138 5054,1130"/>
                <TextEquiv>
                    <Unicode>Monsieur Hans Rodolf Willading zeüget, als er mit</Unicode>
                </TextEquiv>
            </TextLine>
            <TextLine id="r2l3" custom="readingOrder {index:2;} unclear {offset:0; length:4;} person {offset:4; length:10;} unclear {offset:11; length:3;} unclear {offset:22; length:8;} person {offset:31; length:8; continued:true;}">
                <Coords points="3440,1342 3619,1272 3841,1334 3979,1267 4064,1328 4278,1263 4707,1248 4882,1299 4985,1250 4983,1178 4838,1145 4619,1214 4390,1167 4279,1219 4182,1166 3937,1209 3858,1170 3639,1237 3437,1211"/>
                <Baseline points="3448,1272 3524,1272 3600,1270 3676,1268 3753,1268 3829,1266 3905,1264 3982,1263 4058,1262 4134,1260 4211,1258 4287,1256 4363,1254 4439,1252 4516,1250 4592,1246 4668,1244 4745,1242 4821,1239 4897,1236 4974,1232"/>
                <TextEquiv>
                    <Unicode>irn Antoni Mey by deß monsieur Wolfgang</Unicode>
                </TextEquiv>
            </TextLine>
            <TextLine id="r2l4" custom="readingOrder {index:3;} unclear {offset:0; length:6;} person {offset:0; length:6; continued:true;}">
                <Coords points="3452,1418 3684,1423 3792,1368 4323,1420 4634,1333 5042,1339 5011,1246 4868,1300 4682,1253 4616,1306 4479,1266 4065,1329 4004,1276 3838,1335 3560,1287 3450,1335"/>
                <Baseline points="3462,1362 3540,1364 3618,1366 3697,1366 3775,1366 3854,1366 3932,1364 4010,1364 4089,1362 4167,1360 4246,1356 4324,1354 4402,1350 4481,1345 4559,1342 4638,1338 4716,1334 4794,1329 4873,1323 4951,1318 5030,1312"/>
                <TextEquiv>
                    <Unicode>Lutzen haus spacirt, seye der verwundte</Unicode>
                </TextEquiv>
            </TextLine>
            <TextLine id="r2l5" custom="readingOrder {index:4;}">
                <Coords points="3476,1491 3980,1462 4110,1524 4245,1455 4349,1505 4798,1429 4857,1476 4989,1429 4986,1342 4577,1346 4431,1428 3993,1388 3474,1425"/>
                <Baseline points="3486,1460 3560,1462 3635,1462 3709,1462 3784,1462 3859,1462 3933,1460 4008,1460 4082,1458 4157,1456 4232,1454 4306,1450 4381,1448 4455,1445 4530,1440 4605,1436 4679,1432 4754,1425 4828,1420 4903,1413 4978,1408"/>
                <TextEquiv>
                    <Unicode>neben ihnen durch gangen, und habind sy</Unicode>
                </TextEquiv>
            </TextLine>
            <TextLine id="r2l6" custom="readingOrder {index:5;}">
                <Coords points="3443,1611 3965,1552 4565,1601 4748,1528 5037,1551 5034,1449 4981,1434 4832,1495 4782,1457 4425,1518 4256,1454 4120,1524 3754,1511 3683,1462 3621,1511 3440,1494"/>
                <Baseline points="3452,1558 3530,1558 3609,1558 3688,1558 3766,1558 3845,1558 3924,1556 4002,1556 4081,1554 4160,1552 4239,1550 4317,1548 4396,1544 4475,1542 4553,1539 4632,1536 4711,1532 4789,1528 4868,1522 4947,1518 5026,1512"/>
                <TextEquiv>
                    <Unicode>ihne fur eine trunckene person einfaltig</Unicode>
                </TextEquiv>
            </TextLine>
            <TextLine id="r2l7" custom="readingOrder {index:6;}">
                <Coords points="3467,1687 3664,1733 3753,1669 3790,1704 4038,1646 4401,1702 4606,1620 4723,1674 4791,1625 4946,1634 4944,1570 4746,1596 4674,1556 4565,1600 4324,1551 4037,1610 3963,1553 3854,1604 3464,1617"/>
                <Baseline points="3476,1662 3548,1660 3621,1660 3694,1658 3767,1658 3840,1657 3913,1656 3986,1654 4059,1652 4132,1650 4205,1648 4277,1646 4350,1643 4423,1641 4496,1636 4569,1633 4642,1630 4715,1624 4788,1619 4861,1614 4934,1608"/>
                <TextEquiv>
                    <Unicode>angesehen, bald darauf seye er von herren</Unicode>
                </TextEquiv>
            </TextLine>
            <TextLine id="r2l8" custom="readingOrder {index:7;} person {offset:0; length:17;}">
                <Coords points="3456,1824 3630,1760 3986,1756 4094,1805 4251,1750 4418,1789 4592,1725 4811,1745 4969,1703 4967,1644 4902,1668 4804,1612 4730,1678 4386,1714 4033,1646 3813,1713 3754,1669 3669,1729 3451,1688"/>
                <Baseline points="3464,1760 3538,1757 3613,1756 3688,1754 3762,1752 3837,1752 3912,1750 3986,1750 4061,1748 4136,1746 4211,1744 4285,1742 4360,1740 4435,1737 4509,1733 4584,1730 4659,1724 4733,1718 4808,1712 4883,1705 4958,1694"/>
                <TextEquiv>
                    <Unicode>Sigmund Willading, welcher die statt</Unicode>
                </TextEquiv>
            </TextLine>
            <TextLine id="r2l9" custom="readingOrder {index:8;}">
                <Coords points="3445,1911 3793,1851 4474,1902 4677,1824 4775,1878 4851,1821 5010,1868 5085,1819 5082,1749 4976,1712 4629,1792 4255,1765 4195,1812 3954,1777 3796,1823 3637,1766 3442,1822"/>
                <Baseline points="3454,1856 3535,1856 3616,1858 3697,1858 3778,1858 3859,1856 3940,1856 4021,1854 4102,1852 4183,1849 4264,1846 4345,1842 4426,1838 4507,1834 4588,1830 4669,1824 4750,1818 4831,1812 4912,1806 4993,1800 5074,1792"/>
                <TextEquiv>
                    <Unicode>abkommen, und beobachtet, daß er einen bloßen</Unicode>
                </TextEquiv>
            </TextLine>
            <TextLine id="r2l10" custom="readingOrder {index:9;}">
                <Coords points="3447,1979 4053,2015 4462,1942 4601,1980 4927,1941 5016,1870 4866,1837 4300,1912 4077,1858 3865,1920 3793,1852 3722,1902 3534,1863 3444,1911"/>
                <Baseline points="3456,1956 3533,1956 3611,1954 3688,1954 3766,1953 3843,1952 3921,1950 3998,1948 4076,1946 4153,1942 4231,1940 4308,1936 4386,1934 4463,1930 4541,1927 4618,1923 4696,1920 4773,1917 4851,1912 4928,1910 5006,1906"/>
                <TextEquiv>
                    <Unicode>dägen habe, ufgehalten worden, darüber</Unicode>
                </TextEquiv>
            </TextLine>
            <TextLine id="r2l11" custom="readingOrder {index:10;}">
                <Coords points="3435,2079 3611,2131 3753,2064 3933,2103 4081,2040 4270,2108 4427,2037 4541,2084 4724,2014 4791,2063 5014,2015 5013,1976 4889,1940 4721,1991 3433,2018"/>
                <Baseline points="3446,2062 3523,2061 3601,2059 3679,2057 3757,2054 3835,2051 3913,2048 3991,2045 4069,2042 4147,2039 4225,2036 4302,2032 4380,2030 4458,2026 4536,2024 4614,2022 4692,2020 4770,2018 4848,2016 4926,2016 5004,2016"/>
                <TextEquiv>
                    <Unicode>er herren gezeüg hinzu gegangen, ihne by dem</Unicode>
                </TextEquiv>
            </TextLine>
            <TextLine id="r2l12" custom="readingOrder {index:11;}">
                <Coords points="3427,2178 3875,2222 3930,2167 4457,2196 4547,2139 4757,2195 5021,2110 5019,2049 4958,2019 4787,2094 4677,2047 4456,2098 4389,2062 4087,2123 4000,2058 3930,2108 3754,2070 3687,2134 3424,2106"/>
                <Baseline points="3438,2166 3516,2166 3595,2164 3673,2164 3752,2162 3831,2158 3909,2156 3988,2153 4066,2150 4145,2146 4224,2142 4302,2138 4381,2135 4459,2132 4538,2128 4617,2124 4695,2122 4774,2119 4852,2117 4931,2116 5010,2114"/>
                <TextEquiv>
                    <Unicode>arm gefaßet, und den dägen us der hand</Unicode>
                </TextEquiv>
            </TextLine>
            <TextLine id="r2l13" custom="readingOrder {index:12;}">
                <Coords points="3435,2333 3841,2252 4108,2287 4785,2226 5065,2276 5060,2151 4894,2140 4799,2196 4534,2163 3431,2225"/>
                <Baseline points="3442,2276 3522,2274 3603,2270 3683,2269 3764,2266 3844,2262 3925,2259 4005,2256 4086,2252 4166,2248 4247,2245 4327,2242 4408,2239 4488,2236 4569,2233 4649,2230 4730,2228 4810,2226 4891,2224 4971,2224 5052,2224"/>
                <TextEquiv>
                    <Unicode>genommen; Als aber der verwundte sich</Unicode>
                </TextEquiv>
            </TextLine>
            <TextLine id="r2l14" custom="readingOrder {index:13;}">
                <Coords points="3437,2428 3663,2447 3939,2369 4347,2398 4408,2398 4413,2345 4564,2422 4729,2343 4916,2342 4915,2298 4644,2256 4436,2326 4270,2250 4167,2331 3942,2267 3785,2344 3592,2281 3435,2354"/>
                <Baseline points="3446,2380 3519,2377 3592,2374 3665,2372 3738,2370 3811,2368 3884,2366 3957,2366 4030,2364 4103,2362 4176,2362 4249,2360 4322,2359 4395,2358 4468,2355 4541,2352 4614,2349 4687,2345 4760,2341 4833,2336 4906,2330"/>
                <TextEquiv>
                    <Unicode>geklagt, mit vermelden, er seye ver¬</Unicode>
                </TextEquiv>
            </TextLine>
            <TextLine id="r2l15" custom="readingOrder {index:14;}">
                <Coords points="3437,2491 3611,2480 3729,2549 3834,2497 4183,2537 4488,2460 4977,2487 5053,2451 5051,2394 4819,2362 4706,2420 4252,2435 4155,2368 3970,2368 3794,2431 3435,2443"/>
                <Baseline points="3446,2476 3525,2476 3605,2476 3685,2476 3765,2476 3845,2474 3924,2474 4004,2472 4084,2470 4164,2468 4244,2466 4323,2462 4403,2460 4483,2457 4563,2455 4643,2452 4722,2448 4802,2444 4882,2442 4962,2437 5042,2434"/>
                <TextEquiv>
                    <Unicode>wundt, habend sy ihne zu einem chirurgo</Unicode>
                </TextEquiv>
            </TextLine>
            <TextLine id="r2l16" custom="readingOrder {index:15;} unclear {offset:29; length:6;} person {offset:36; length:6;}">
                <Coords points="3434,2632 3688,2572 4047,2644 4469,2554 4621,2608 4784,2538 4986,2548 4984,2487 4790,2455 4597,2516 4525,2480 3709,2552 3429,2492"/>
                <Baseline points="3442,2580 3518,2580 3595,2579 3671,2578 3748,2576 3825,2576 3901,2574 3978,2572 4054,2570 4131,2568 4208,2566 4284,2562 4361,2560 4437,2556 4514,2553 4591,2548 4667,2543 4744,2540 4820,2536 4897,2529 4974,2524"/>
                <TextEquiv>
                    <Unicode>führen wollen, seye aber bey herren Dubois</Unicode>
                </TextEquiv>
            </TextLine>
            <TextLine id="r2l17" custom="readingOrder {index:16;}">
                <Coords points="3437,2727 3893,2677 4243,2721 4476,2651 4623,2708 4736,2637 4870,2676 4989,2632 4975,2550 4617,2617 4478,2553 4055,2645 4003,2607 3875,2644 3780,2578 3569,2656 3433,2634"/>
                <Baseline points="3446,2680 3522,2682 3599,2682 3675,2682 3752,2681 3829,2680 3905,2678 3982,2676 4058,2674 4135,2670 4212,2667 4288,2664 4365,2660 4441,2654 4518,2650 4595,2644 4671,2639 4748,2633 4824,2627 4901,2622 4978,2614"/>
                <TextEquiv>
                    <Unicode>haus nidergesuncken, und in ohnmacht</Unicode>
                </TextEquiv>
            </TextLine>
            <TextLine id="r2l18" custom="readingOrder {index:17;} unclear {offset:36; length:5;}">
                <Coords points="3424,2828 3599,2781 3771,2838 3984,2765 4230,2815 4580,2742 4856,2802 4984,2695 4916,2655 4623,2711 4458,2662 3996,2735 3900,2677 3796,2737 3569,2682 3421,2745"/>
                <Baseline points="3434,2780 3511,2778 3588,2778 3665,2776 3742,2774 3819,2772 3896,2770 3973,2768 4050,2765 4127,2762 4204,2759 4281,2756 4358,2752 4435,2750 4512,2745 4589,2742 4666,2738 4743,2733 4820,2730 4897,2725 4974,2720"/>
                <TextEquiv>
                    <Unicode>gefallen, über welches sy beides zu herrn</Unicode>
                </TextEquiv>
            </TextLine>
            <TextLine id="r2l19" custom="readingOrder {index:18;} person {offset:9; length:6;} person {offset:28; length:12;}">
                <Coords points="3440,2903 3639,2876 3732,2941 3842,2869 4927,2872 5009,2834 5007,2772 3437,2816"/>
                <Baseline points="3450,2866 3527,2866 3604,2868 3682,2866 3759,2866 3837,2864 3914,2863 3991,2860 4069,2858 4146,2856 4224,2852 4301,2850 4378,2846 4456,2843 4533,2840 4611,2836 4688,2833 4765,2831 4843,2828 4920,2825 4998,2822"/>
                <TextEquiv>
                    <Unicode>chirurgi Andres, und herren Baurenkönigs</Unicode>
                </TextEquiv>
            </TextLine>
            <TextLine id="r2l20" custom="readingOrder {index:19;}">
                <Coords points="3426,3011 3558,3037 3631,2984 3844,3032 3932,2978 4035,3020 4143,2955 4425,2999 4737,2934 4885,2989 4931,2896 4747,2855 4493,2925 4270,2875 4187,2930 3422,2903"/>
                <Baseline points="3434,2972 3508,2974 3582,2972 3657,2972 3731,2970 3806,2968 3880,2966 3954,2965 4029,2962 4103,2959 4178,2956 4252,2954 4326,2951 4401,2948 4475,2945 4550,2942 4624,2940 4698,2938 4773,2936 4847,2934 4922,2934"/>
                <TextEquiv>
                    <Unicode>heüsern gegangen, weilen aber deren</Unicode>
                </TextEquiv>
            </TextLine>
            <TextLine id="r2l21" custom="readingOrder {index:20;}">
                <Coords points="3421,3072 4135,3056 4274,3098 4587,3056 4641,3093 4712,3038 4977,3031 4976,2985 3419,3017"/>
                <Baseline points="3432,3064 3508,3064 3585,3062 3662,3062 3738,3060 3815,3060 3892,3058 3968,3056 4045,3054 4122,3053 4199,3052 4275,3050 4352,3047 4429,3045 4505,3042 4582,3040 4659,3038 4735,3035 4812,3032 4889,3029 4966,3026"/>
                <TextEquiv>
                    <Unicode>keiner anzutreffen gewesen, habe er</Unicode>
                </TextEquiv>
            </TextLine>
            <TextLine id="r2l22" custom="readingOrder {index:21;} person {offset:27; length:3;}">
                <Coords points="3413,3219 3509,3157 3693,3216 3815,3166 4207,3209 4693,3143 4860,3190 4956,3134 5058,3155 5057,3089 4377,3062 4128,3130 3850,3051 3632,3137 3410,3079"/>
                <Baseline points="3422,3162 3503,3164 3584,3164 3665,3164 3746,3164 3828,3162 3909,3162 3990,3160 4071,3158 4152,3155 4234,3152 4315,3150 4396,3146 4477,3144 4558,3140 4640,3138 4721,3136 4802,3133 4883,3130 4964,3130 5046,3128"/>
                <TextEquiv>
                    <Unicode>gezeüg sich mit dem herren Mey zu dem herren</Unicode>
                </TextEquiv>
            </TextLine>
            <TextLine id="r2l23" custom="readingOrder {index:22;}">
                <Coords points="3428,3296 4436,3300 4536,3242 4624,3282 4763,3235 4900,3272 5045,3223 5043,3153 4476,3214 4334,3158 4189,3217 3854,3225 3511,3158 3425,3211"/>
                <Baseline points="3438,3262 3517,3264 3597,3264 3677,3264 3757,3264 3837,3264 3916,3262 3996,3260 4076,3257 4156,3256 4236,3252 4315,3250 4395,3246 4475,3242 4555,3240 4635,3237 4714,3234 4794,3232 4874,3230 4954,3228 5034,3226"/>
                <TextEquiv>
                    <Unicode>großweibel begeben, und ihne deßen berichtet.</Unicode>
                </TextEquiv>
            </TextLine>
            <TextLine id="r2l24" custom="readingOrder {index:23;} unclear {offset:0; length:4;} person {offset:5; length:10;}">
                <Coords points="3467,3440 4345,3489 4610,3432 4932,3445 5021,3423 5021,3351 4153,3306 3996,3390 3803,3389 3466,3321"/>
                <Baseline points="3478,3428 3554,3428 3631,3430 3707,3430 3784,3430 3861,3430 3937,3430 4014,3430 4090,3428 4167,3428 4244,3426 4320,3426 4397,3424 4473,3424 4550,3422 4627,3422 4703,3422 4780,3422 4856,3422 4933,3422 5010,3422"/>
                <TextEquiv>
                    <Unicode>Herr Antoni Mey hat obiges bestätiget, mit</Unicode>
                </TextEquiv>
            </TextLine>
            <TextLine id="r2l25" custom="readingOrder {index:24;} unclear {offset:0; length:12;}">
                <Coords points="3388,3550 3458,3580 3571,3508 3728,3570 3815,3511 3942,3577 4050,3537 4292,3586 4476,3521 4962,3541 4962,3471 4629,3434 4413,3495 3893,3445 3804,3485 3745,3443 3620,3493 3388,3427"/>
                <Baseline points="3398,3504 3475,3509 3553,3515 3631,3518 3708,3520 3786,3522 3864,3524 3941,3524 4019,3524 4097,3524 4175,3522 4252,3522 4330,3521 4408,3520 4485,3518 4563,3518 4641,3518 4718,3518 4796,3518 4874,3519 4952,3520"/>
                <TextEquiv>
                    <Unicode>scheinzusatz, er habe gesehen, daß der ver¬</Unicode>
                </TextEquiv>
            </TextLine>
            <TextLine id="r2l26" custom="readingOrder {index:25;} person {offset:35; length:3; continued:true;}">
                <Coords points="3420,3629 3899,3625 4148,3685 4434,3609 4627,3669 4705,3607 4868,3601 4935,3662 4996,3645 4995,3539 4830,3576 4475,3521 4255,3585 4049,3537 3941,3576 3813,3509 3706,3569 3567,3509 3419,3586"/>
                <Baseline points="3430,3612 3507,3614 3585,3616 3663,3616 3741,3616 3819,3616 3896,3616 3974,3616 4052,3616 4130,3614 4208,3614 4285,3614 4363,3612 4441,3611 4519,3610 4597,3609 4674,3608 4752,3608 4830,3606 4908,3606 4986,3606"/>
                <TextEquiv>
                    <Unicode>wundte under des herren rathsherrn von</Unicode>
                </TextEquiv>
            </TextLine>
            <TextLine id="r2l27" custom="readingOrder {index:26;} person {offset:0; length:9; continued:true;} unclear {offset:10; length:5;}">
                <Coords points="3400,3761 3478,3722 3717,3785 3808,3744 4152,3776 4632,3695 4962,3749 4960,3623 4778,3606 4626,3669 4500,3620 4148,3683 3965,3636 3399,3651"/>
                <Baseline points="3410,3714 3487,3714 3564,3716 3641,3716 3718,3716 3795,3716 3872,3714 3949,3714 4026,3714 4103,3712 4180,3712 4257,3710 4334,3708 4411,3708 4488,3706 4565,3706 4642,3704 4719,3704 4796,3702 4873,3702 4950,3702"/>
                <TextEquiv>
                    <Unicode>Dießbache selig bogen schwanckend hindurch</Unicode>
                </TextEquiv>
            </TextLine>
            <TextLine id="r2l28" custom="readingOrder {index:27;}">
                <Coords points="3416,3829 3861,3824 3934,3870 4046,3811 4385,3812 4797,3866 4867,3810 5024,3810 5023,3734 4873,3765 4647,3696 4457,3777 3415,3751"/>
                <Baseline points="3426,3802 3505,3807 3584,3812 3663,3815 3743,3818 3822,3818 3901,3818 3981,3818 4060,3818 4139,3816 4219,3814 4298,3812 4377,3810 4456,3807 4536,3804 4615,3802 4694,3800 4774,3799 4853,3798 4932,3798 5012,3798"/>
                <TextEquiv>
                    <Unicode>kommen, welcher murmelnd gesagt; guts</Unicode>
                </TextEquiv>
            </TextLine>
            <TextLine id="r2l29" custom="readingOrder {index:28;}">
                <Coords points="3418,3962 3753,3974 3897,3931 3954,3962 4117,3908 4245,3978 4365,3902 4510,3931 4509,3863 4407,3834 4278,3856 4193,3815 3935,3876 3860,3827 3754,3881 3623,3844 3417,3877"/>
                <Baseline points="3428,3904 3481,3906 3535,3908 3588,3910 3642,3910 3696,3910 3749,3910 3803,3910 3856,3908 3910,3908 3964,3906 4017,3905 4071,3904 4124,3902 4178,3902 4232,3902 4285,3902 4339,3902 4392,3904 4446,3905 4500,3908"/>
                <TextEquiv>
                    <Unicode>quartir, gut quartir geben.</Unicode>
                </TextEquiv>
            </TextLine>
            <TextLine id="r2l30" custom="readingOrder {index:29;} unclear {offset:0; length:8;} person {offset:9; length:17;}">
                <Coords points="3426,4084 3652,4138 3848,4067 4200,4122 4274,4068 4507,4120 4966,4101 4966,4025 4737,3992 4663,4038 4519,3978 4203,4016 4093,3933 3920,4017 3825,3974 3717,4050 3615,3985 3426,3978"/>
                <Baseline points="3436,4076 3512,4076 3588,4076 3664,4078 3740,4078 3816,4078 3892,4076 3968,4076 4044,4076 4120,4076 4196,4076 4272,4076 4348,4076 4424,4077 4500,4078 4576,4078 4652,4080 4728,4082 4804,4085 4880,4087 4956,4090"/>
                <TextEquiv>
                    <Unicode>Monsieur Sigmund Willading hat obige deß herren</Unicode>
                </TextEquiv>
            </TextLine>
            <TextLine id="r2l31" custom="readingOrder {index:30;} person {offset:0; length:10;}">
                <Coords points="3402,4201 3550,4178 3729,4231 3833,4167 4034,4241 4244,4175 4327,4234 4516,4166 4955,4177 4955,4107 4891,4141 4827,4083 4562,4141 4469,4082 4289,4071 4202,4122 3973,4088 3845,4146 3402,4072"/>
                <Baseline points="3412,4168 3488,4168 3565,4168 3641,4168 3718,4168 3795,4168 3871,4168 3948,4168 4024,4168 4101,4168 4178,4168 4254,4166 4331,4166 4407,4166 4484,4166 4561,4166 4637,4166 4714,4166 4790,4168 4867,4168 4944,4170"/>
                <TextEquiv>
                    <Unicode>Willadings aussag bestätiget, mit etwas</Unicode>
                </TextEquiv>
            </TextLine>
            <TextLine id="r2l32" custom="readingOrder {index:31;}">
                <Coords points="3406,4291 3514,4320 3773,4270 3911,4320 3998,4279 4102,4334 4371,4266 4613,4260 4802,4325 4895,4278 4895,4227 4627,4176 4377,4230 3798,4176 3728,4232 3406,4217"/>
                <Baseline points="3416,4260 3489,4262 3562,4264 3636,4264 3709,4264 3783,4264 3856,4264 3929,4264 4003,4262 4076,4262 4150,4261 4223,4260 4296,4258 4370,4258 4443,4258 4517,4256 4590,4256 4663,4256 4737,4256 4810,4258 4884,4258"/>
                <TextEquiv>
                    <Unicode>mehrern umbständ und erleüterung,</Unicode>
                </TextEquiv>
            </TextLine>
            <TextLine id="r2l33" custom="readingOrder {index:32;}">
                <Coords points="3384,4404 4129,4370 4426,4416 4506,4355 4839,4369 4896,4323 4728,4319 4670,4267 4561,4317 4278,4284 4111,4337 3952,4283 3882,4337 3468,4282 3383,4315"/>
                <Baseline points="3394,4366 3468,4366 3543,4366 3617,4366 3692,4364 3767,4364 3841,4362 3916,4362 3990,4360 4065,4358 4140,4358 4214,4356 4289,4354 4363,4354 4438,4354 4513,4352 4587,4352 4662,4352 4736,4353 4811,4354 4886,4356"/>
                <TextEquiv>
                    <Unicode>daß als der verwundte, trunckener¬</Unicode>
                </TextEquiv>
            </TextLine>
            <TextLine id="r2l34" custom="readingOrder {index:33;}">
                <Coords points="3411,4471 3874,4464 4040,4512 4881,4458 4881,4409 4696,4360 4429,4421 4302,4375 4007,4423 3873,4383 3411,4409"/>
                <Baseline points="3422,4458 3494,4458 3566,4458 3639,4458 3711,4458 3784,4457 3856,4456 3928,4456 4001,4454 4073,4454 4146,4454 4218,4452 4290,4452 4363,4452 4435,4452 4508,4450 4580,4450 4652,4452 4725,4452 4797,4452 4870,4454"/>
                <TextEquiv>
                    <Unicode>weis, mit dem dägen herumbgefahren,</Unicode>
                </TextEquiv>
            </TextLine>
            <TextLine id="r2l35" custom="readingOrder {index:34;}">
                <Coords points="3406,4604 3759,4561 3903,4620 4234,4546 4316,4596 4549,4592 4626,4526 4763,4596 4851,4535 4973,4546 4999,4458 4887,4509 4460,4453 4285,4520 4227,4472 4166,4518 3703,4480 3404,4525"/>
                <Baseline points="3416,4560 3494,4558 3573,4558 3652,4556 3730,4554 3809,4554 3888,4552 3966,4550 4045,4548 4124,4548 4203,4546 4281,4544 4360,4544 4439,4542 4517,4540 4596,4538 4675,4537 4753,4536 4832,4534 4911,4534 4990,4532"/>
                <TextEquiv>
                    <Unicode>also daß er ihne, zu verhütung unglücks</Unicode>
                </TextEquiv>
            </TextLine>
            <TextLine id="r2l36" custom="readingOrder {index:35;} person {offset:19; length:16;}">
                <Coords points="3411,4723 3809,4671 3942,4721 4092,4636 4295,4688 4988,4641 4862,4557 4753,4597 4620,4532 4549,4592 4316,4596 4251,4549 3886,4625 3800,4576 3729,4631 3649,4587 3408,4604"/>
                <Baseline points="3420,4674 3497,4670 3575,4667 3653,4664 3731,4661 3809,4658 3886,4654 3964,4651 4042,4648 4120,4645 4198,4642 4275,4640 4353,4638 4431,4636 4509,4634 4587,4634 4664,4633 4742,4632 4820,4634 4898,4634 4976,4636"/>
                <TextEquiv>
                    <Unicode>gehalten, und herr Rodolf Willading ihme</Unicode>
                </TextEquiv>
            </TextLine>
            <TextLine id="r2l37" custom="readingOrder {index:36;}">
                <Coords points="3413,4794 3739,4839 3919,4765 4502,4790 4574,4738 4890,4726 4868,4641 4620,4707 4436,4660 4340,4714 4179,4671 3411,4724"/>
                <Baseline points="3422,4760 3494,4764 3567,4766 3640,4766 3713,4766 3786,4766 3859,4764 3932,4762 4005,4758 4078,4756 4151,4752 4223,4749 4296,4744 4369,4741 4442,4738 4515,4734 4588,4732 4661,4729 4734,4728 4807,4726 4880,4726"/>
                <TextEquiv>
                    <Unicode>den dägen genommen habe, volgends, uf</Unicode>
                </TextEquiv>
            </TextLine>
            <TextLine id="r2l38" custom="readingOrder {index:37;} unclear {offset:17; length:8;}">
                <Coords points="3414,4873 4161,4852 4236,4895 4347,4847 4495,4904 4629,4828 4896,4887 4892,4757 4745,4721 4594,4791 4211,4753 3806,4830 3713,4767 3655,4828 3534,4838 3412,4792"/>
                <Baseline points="3424,4862 3497,4862 3570,4860 3643,4858 3716,4858 3789,4856 3862,4854 3935,4852 4008,4851 4081,4850 4154,4848 4227,4846 4300,4844 4373,4842 4446,4840 4519,4836 4592,4834 4665,4830 4738,4827 4811,4824 4884,4820"/>
                <TextEquiv>
                    <Unicode>vermelden daß er blehsirt, habind sy</Unicode>
                </TextEquiv>
            </TextLine>
            <TextLine id="r2l39" custom="readingOrder {index:38;}">
                <Coords points="3415,4978 3868,4963 3950,5008 4254,4944 4567,4989 4912,4954 4910,4882 4682,4833 4495,4906 4336,4847 4227,4901 4069,4854 3925,4924 3698,4934 3412,4872"/>
                <Baseline points="3424,4964 3497,4962 3571,4962 3645,4960 3719,4958 3793,4956 3866,4953 3940,4951 4014,4948 4088,4946 4162,4944 4235,4942 4309,4940 4383,4937 4457,4936 4531,4934 4604,4932 4678,4930 4752,4930 4826,4930 4900,4928"/>
                <TextEquiv>
                    <Unicode>die wunden gesucht, und volgend ihne</Unicode>
                </TextEquiv>
            </TextLine>
            <TextLine id="r2l40" custom="readingOrder {index:39;}">
                <Coords points="3406,5105 3519,5058 3756,5101 3897,5051 4059,5114 4128,5055 4647,5039 4729,5088 4979,5044 4977,4964 4917,4950 4532,5001 4268,4945 4155,5016 3848,4980 3711,5026 3403,4976"/>
                <Baseline points="3416,5056 3493,5056 3571,5054 3648,5053 3726,5052 3804,5050 3881,5049 3959,5048 4036,5046 4114,5044 4192,5041 4269,5040 4347,5038 4424,5036 4502,5034 4580,5032 4657,5030 4735,5028 4812,5026 4890,5026 4968,5024"/>
                <TextEquiv>
                    <Unicode>zu einem chirurgo führen wollen, seye</Unicode>
                </TextEquiv>
            </TextLine>
            <TextLine id="r2l41" custom="readingOrder {index:40;}">
                <Coords points="3415,5196 3613,5154 3778,5219 3861,5156 4091,5192 4236,5129 4560,5193 4665,5129 4851,5187 4849,5098 4555,5059 3413,5107"/>
                <Baseline points="3424,5156 3494,5156 3565,5154 3636,5154 3707,5151 3778,5149 3848,5146 3919,5143 3990,5140 4061,5138 4132,5135 4202,5132 4273,5130 4344,5128 4415,5128 4486,5128 4556,5128 4627,5130 4698,5134 4769,5138 4840,5144"/>
                <TextEquiv>
                    <Unicode>aber nach einem halb dotzet schritt ge¬</Unicode>
                </TextEquiv>
            </TextLine>
            <TextLine id="r2l42" custom="readingOrder {index:41;}">
                <Coords points="3400,5301 3432,5306 3468,5290 3512,5312 3553,5313 3621,5278 3661,5306 3691,5309 3703,5297 3758,5314 3760,5223 3730,5227 3661,5198 3608,5159 3538,5196 3521,5179 3402,5178"/>
                <Baseline points="3412,5250 3437,5250 3463,5250 3489,5251 3515,5252 3541,5252 3567,5252 3592,5252 3618,5254 3644,5254 3670,5254 3696,5254 3722,5256 3748,5256"/>
                <TextEquiv>
                    <Unicode>suncken.</Unicode>
                </TextEquiv>
            </TextLine>
            <TextEquiv>
                <Unicode>[15.]&#13;
Monsieur Hans Rodolf Willading zeüget, als er mit&#13;
irn Antoni Mey by deß monsieur Wolfgang&#13;
Lutzen haus spacirt, seye der verwundte&#13;
neben ihnen durch gangen, und habind sy&#13;
ihne fur eine trunckene person einfaltig&#13;
angesehen, bald darauf seye er von herren&#13;
Sigmund Willading, welcher die statt&#13;
abkommen, und beobachtet, daß er einen bloßen&#13;
dägen habe, ufgehalten worden, darüber&#13;
er herren gezeüg hinzu gegangen, ihne by dem&#13;
arm gefaßet, und den dägen us der hand&#13;
genommen; Als aber der verwundte sich&#13;
geklagt, mit vermelden, er seye ver¬&#13;
wundt, habend sy ihne zu einem chirurgo&#13;
führen wollen, seye aber bey herren Dubois&#13;
haus nidergesuncken, und in ohnmacht&#13;
gefallen, über welches sy beides zu herrn&#13;
chirurgi Andres, und herren Baurenkönigs&#13;
heüsern gegangen, weilen aber deren&#13;
keiner anzutreffen gewesen, habe er&#13;
gezeüg sich mit dem herren Mey zu dem herren&#13;
großweibel begeben, und ihne deßen berichtet.&#13;
Herr Antoni Mey hat obiges bestätiget, mit&#13;
scheinzusatz, er habe gesehen, daß der ver¬&#13;
wundte under des herren rathsherrn von&#13;
Dießbache selig bogen schwanckend hindurch&#13;
kommen, welcher murmelnd gesagt; guts&#13;
quartir, gut quartir geben.&#13;
Monsieur Sigmund Willading hat obige deß herren&#13;
Willadings aussag bestätiget, mit etwas&#13;
mehrern umbständ und erleüterung,&#13;
daß als der verwundte, trunckener¬&#13;
weis, mit dem dägen herumbgefahren,&#13;
also daß er ihne, zu verhütung unglücks&#13;
gehalten, und herr Rodolf Willading ihme&#13;
den dägen genommen habe, volgends, uf&#13;
vermelden daß er blehsirt, habind sy&#13;
die wunden gesucht, und volgend ihne&#13;
zu einem chirurgo führen wollen, seye&#13;
aber nach einem halb dotzet schritt ge¬&#13;
suncken.</Unicode>
            </TextEquiv>
        </TextRegion>
    </Page>
</PcGts>
