2448 3264
190 315 1028 535 Die Botstotten de Jhners Buß einzsei
208 415 1035 587 gäbelin genommen unnd daßelb inhergedache
194 473 797 609 Eila vmb deg kintzer vorkauff.
170 585 1030 775 Ei kosingen ein Schunkelen ertuickt, vnd die
202 691 1008 838 salbe Eheißen uberg schwester zu Großwyl
204 761 659 885 umb 7 fütz vorkoufft.
191 856 1012 1033 Eu Wird im Einenthal einer frouwennachts
209 963 1007 1107 Uß einer Jüppen, so an der schubenthür ghangeis
213 1029 1026 1172 2. F. entragenn, danuß ein par hosen, ein par schu¬
210 1100 996 1251 Vnd ein luts kouff, das Vbrig hab en berspeilt
164 1217 1004 1360 Zu Dshalvor mict buff seines gsolens, Hannd
203 1320 1009 1424 Monischwanders der sonst Eychhorn genamstet, vnd
220 1373 1002 1497 ingefarlich vor einem halben Jaar zu Wangenn
215 1455 1003 1577 ingeridhtott wordenn vier fuldthuben gstolen,
219 1521 1003 1639 welche sy umb 9 feützer verkoufft, synd ihm
215 1585 580 1690 fünff krützer worden.
162 1697 1021 1831 Lotistaff zwo tikon vortethindt u
223 1795 930 1900 er zu Nider dutz umb 6 batz vorkonfft.
177 1867 1011 2021 En Aler veorhulenen kuckt dieselen
185 1977 995 2080 Blauwen Jaggi zu Großwyl umb 2 oder
212 2036 507 2134 batzen vorkaufft
195 2137 982 2277 Au Borsrihl Ie ans Kreis lis ein zeum
215 2234 993 2330 gstolen, denselben Christen Wäber zu Groß
228 2299 743 2405 wyl vmb 4. batz. Verkaufft.
195 2359 1007 2537 kinen Lndten di Vnkenspen halen
227 2475 1001 2608 sin buder Hanns und sin gsell der rouwgennht,
1213 348 2123 500 ein eligen haten gestolenn densalben zun Wu
1198 444 2114 566 ber zu Großwyl umb zwo f unnd ein leibbott
1204 493 2070 641 Verkaufft, siend Ihm 2 Prutzdickenn vnd der
1209 573 2111 696 leyb brott wordenn: Welcher hauen doch nachwärths
1203 634 2095 772 dem landtman widerum zu handen gestelt worden.
1192 739 2105 886 Dem Souffer im Rotonn wog habe er mit hicfe
1205 801 2085 942 deß Eychhornus ein hmben entwentt, welchen sey
1207 946 1361 1013 geßenn.
1191 948 2145 1116 Zu hoten kannen ein große Roklenn Vor venthune
1196 1051 2105 1189 dieselbe Blauwen taggi zu Großwyl vmb einen
1206 1126 1640 1254 zutdekemn Vorkaufft.
1199 1221 2122 1348 Ei Natstetoenn ein Aalsoenn bat grommen dieselbe
1210 1303 2082 1432 Dl Roffienn vym Stein vmb ein heuttbeichen Eufechrwyß
1214 1400 1370 1483 hingebenn.
1171 1449 2109 1575 Zu danonoiwo zneinem Huß abeinem komakein butt vom
1211 1541 2097 1617 einem Wilden schwyn gnommen, welche er zu Großwyl vmb
1208 1603 1525 1689 10 batz verkaufft
1171 1667 2126 1821 Vom Miler zu dien ligen zin kleinen ebinen teafenn
1205 1759 2136 1856 erthuckt denstelben zu Großwyl einer Pungkrompen vnnd
1193 1817 2105 1918 10bz verkonfft, sye ihm der hafen widerum zugstelt
1198 1901 1295 1979 worden.
1178 1964 2011 2105 Ln danand I. aß thaben buß ein pnete
1187 2058 1997 2182 gen, dieselben zu Goßwyl vmb furff batzenn
1172 2155 1953 2288 Zu Alflingen sie er hyne kliher leht bernd
1196 2247 1891 2363 Vnd 7 feldtiben daruß gestolen, welche Ihm
1196 2318 1889 2422 Von einem Landtman zu Butighoffen gen
1175 2381 1886 2540 Donselben Lndferen hle rertnas zisfe
1204 2483 1875 2585 tubhuß tuben ertragen wollenn, sye aber to
