2448 3264
582 575 965 674 roßenienwor.
377 491 1111 633 Lonringen, sonst genampet
269 365 1128 554 Arecht Stigei von
311 713 1117 839 Drmnach vff nach stob gemoltem Tag durch
251 788 1114 905 Den ehrennbestenn, krommenn fürnommen, für¬
306 855 1129 965 sichtigenn Weysenn Herenn JoHanns Steiger
287 913 1111 1035 deß Gotts diser Albrecht Singer Vberge¬
276 981 1123 1098 Zigte morthatf dun der gfangennschafft oben mit
275 1044 1097 1158 ernnsthafftenn Wortenn zu redt gstoßen bun
281 1110 1090 1235 befragt wordenn, hatt er sich nach folgendenn
273 1191 608 1279 bschridts erlutfen.
288 1270 333 1352 p
266 1283 1106 1429 Lamlichenn. Es habe sich begebenn dsen vnnd ein
269 1379 1108 1501 Vorlcher, dem er dtwoz ytts dar vor by sihenzachenn
248 1449 1089 1551 renenn schuldig wordenn, sich mit einauoeron ert¬
263 1510 1081 1610 schloßenn, gan Rech beghan, daselbsten ein truncks
261 1568 1093 1686 mit einanderenn zethun  Alls sy nun dahin
247 1627 1081 1738 kommen, synnd sy mit einanderen zu Eisch gsebenn
247 1691 1083 1807 und habe sih Ren Rupps von Esch knecht
239 1761 1067 1860 zu Ruenn gsethtt. Inn allem tunckenn ergryffe
240 1811 1071 1923 vor Welch mit den henden synem buch undt burke
246 1889 1053 1986 Ihn zusamenn, lege sich hiemit vff den stul
231 1947 1072 2054 In dem sprecht einer, so ain anderen Tisch gseß enn
242 2018 1058 2134 gnvoll steckenn. Allsbald vff somnliches seche
253 2088 1083 2191 gefangne etwas blieths an bemeltem welschen
247 2152 1091 2253 ge Ihn hiemit, warnn er blutte, was Ihm sye
272 2208 1086 2323 entworte mitt. Er gefangne spreche wideru
258 2277 1090 2381 wolle wüßen, was das sye. Vndt als er es e
257 2350 1073 2437 der tubenn vor den luttenn mitt zeigen welen
244 2410 1062 2513 beynden Welschenn Einden vn die nebertkanne,
257 2476 1062 2592 Wideräfferung, er wolle ein wüßen haben,
244 2530 1071 2657 de das kutt kömme. Alls er nun den lyb obe
287 2599 1077 2731 gblöst, Jo werde er gefangne, sines klein
310 2658 1063 2775 Vonder dem nebel ansuchtig. Vff der stund
229 2745 1057 2861 bßhingen den wist suchen. Entzwuste
224 2814 1065 2942 finde die wirtin gedachten welschen In Ire
237 2899 1052 3013 und heiße ihn hinweg ghan, Bald jar¬
236 2971 1013 3092 konme ve gfangne widerm vnd gange hinzu
1312 337 2306 549 In diekammer, der meinung, den welschen daselb
1320 401 2306 598 finden, als e sohn aber nit gwurden, kiagem obberer
1309 492 2271 696 Schluppsknecht, wo er seye, der Ahm zu bscheid ge
1303 550 2308 740 die Wirtin hab Ahn hinweg guunstertt, In dem ven
1309 618 2309 816 so vnd die wit mit dra, die falgind Ihne geug
1309 683 2258 886 sprechende ertörfte Ihne olche Pule hudlen
1316 765 2305 922 nit dns huß Sulurenn. Nach dem gange en bus
1316 840 2307 1006 In die kuchi, da syend ettliche find by dem fune
1284 909 2277 1094 die sprechind, der Woelsch sye hinder dem Bus
1311 951 2295 1155 also gangeer zu Ihm Vnd piette Ihm den Same
1315 1043 2272 1212 an, dener darvor Ehme gfangnen geben greg
1305 1132 2280 1266 vndt dutte hiemot Ihme mitt der Hand, als vod
1306 1206 2268 1321 man Ihme das houpt abschlachenn welde
1312 1262 2270 1402 er darim gethan, das er vß allenn vmbst
1312 1350 2252 1453 anders mitt ermäßenn können, dan dazs er
1294 1423 2263 1549 selbs wöllen habe lybloß thun. Bndt als er
1309 1491 2214 1625 hommer nit empfachen wollen, stecke in dh
1302 1585 2238 1702 Ins schouktach, vnnd gange darvon. Vndt
1308 1657 2195 1789 also habind sich die sachen vgglofsen, vnnd
1739 1736 2079 1800 den fis eben
1296 1757 2197 1871 anderst. das er Ehutte abe, sye
1300 1811 2196 1922 von der Wachedt, es sye Ihm nie zun seine
1293 1862 2220 1983 komme, so syendt nie mit einanderen ve
1287 1960 2113 2064 gsin, habe keiner dem anderen kein böß
1292 2025 2107 2151 gebenn, zu dem wan er Ihme den stidlen
1290 2101 2097 2226 helte wurde ers angentz anzeigt haben
1298 2163 2050 2286 ergefangne sich nit also lang daselbst
1298 2226 2028 2384 sonder sich angantz gebfterett habenn
1301 2307 2020 2456 belehenn vonn bemelten erkonen wegen
1283 2375 2012 2488 getagett, sye nit whar Wol syops wtar
1289 2453 2021 2562 wegenn angrott, ob er etwas gelts mann
1279 2504 1968 2624 dem also wolle r Ihrn zu Auch Calldan
1625 2586 1654 2621 1
1678 2586 1743 2631 Aen
1286 2566 1935 2690 gebenn werde) eine werden laßenn
1283 2637 1961 2754 srann sinem todt allerdingenn vnd
1286 2710 1970 2903 Vnnd alzer befragt worden obernse
1274 2810 1976 2933 müttangenommenn hatt er solches soch
1290 2874 1962 3004 windt aber deß anthuens habe enfil
1255 2935 1943 3063 In welchem allsbald anfangs er ein
