2448 3264
238 229 1088 462 begegnett Ste, wie zuber, guun bekleit sin Vn
244 341 1072 517 abe ein gminen hutz Vffghan, vnd tein schi mit
242 417 1085 570 einer schönen wyfen fuderen vnnd habe darnehen
241 467 1073 644 schen, vnnd hupsch gshinnen, wie ein Ergel: Jachie
224 532 1060 709 Ihn Vormantt, er sölle sich wytt vß dem Land hin
229 615 1049 775 wegmachen, daruff er granzwerhett, Er wolle
235 695 1061 867 stömliches nit thun, sonder er welle sinem gstellen,
229 759 1062 927 dem Eychernn nach, Bad er wolle sich nit mihre an
223 841 1063 1020 Ihne ergeben habenn, vnd vhm digen wuchen darih
233 924 1053 1069 sue e zn Buczogg behendigets, vnd von dennen
228 1005 649 1120 allhar gebracht wordenn.
230 1112 1039 1280 unnd als ergefragt worden, Ober ich zu dem
227 1220 1038 1356 woybel zu Bingen grott habe, wan er allhie uß
233 1293 1032 1417 der gflangenschafft gelediget werde, weller sich
228 1376 1003 1503 allerves widerum gan Mllingen verfugten,
231 1444 1024 1566 und sy werdint kein böseren eyend habenn,
230 1526 996 1640 dar ihn satt er zu bscheid geben, Er habe alßo
226 1592 1015 1731 grott Wan er hieobon lodig werde. so habend
231 1662 1010 1808 sy Iren fyend gfangenn, und do er gefragt
230 1759 1005 1886 worden, warnn habe er ihnen zu bscheidt geben,
231 1816 1013 1945 ge werde am Bucheggberg Jarem zuchen, vnnd
239 1888 616 2002 das allmusen höüschen.
231 1990 1010 2117 Ist zum resten mit einem und zur anderen
228 2086 959 2206 mil nidt zweyen steinen vffzogen worden.
240 2196 644 2320 Vbr sag 99. unnd 113
1230 257 2154 493 Hanns Abertt von
1272 419 2119 546 Tiemise uss Lottringen vurtig
1236 563 2172 729 Weden Vor anes wulen Hanns Rubert
1259 657 2161 801 midt hilff eins eines gestellenn In ein Spydber ge¬
1249 702 2171 860 brchen zesyn verwagt und daruff zu Trachselwald
1255 773 2174 954 gfencklich vnzogenn, vnd mit marber erfecktt worden
1257 848 2146 1021 dstre eitlichenn, wyl er keiner mißhandlungen be¬
1241 909 2139 1051 kantlich seyn wollen mit demeydt vom statt unnd
1247 979 2165 1112 Land verweisenn worden. Dauffer sich gan Sollotzum
1260 1053 2144 1193 einmal begeben. Hatt aber neben dem stölchen eydt
1264 1126 2166 1268 anderst nidt betrachtett, Jan daz er denselben Vberstechen
1236 1196 2117 1337 In dem der verschinne tagen sich nit allein zuze g
1250 1268 2199 1403 Landtschafft, sonder auch allhie zu In gr Statt zngelestn.
1255 1343 2193 1495 Vf wolches e dan behendiget vnnd vf 7 May. Ber
1231 1419 2166 1559 uch die fromen, fürnomden, fürsichtigl. Wysen b
1247 1504 2184 1621 Johans Fünschin deß Abatts Jacob Gürblaf der
1238 1573 2195 1670 Burgeren vnd Hanns Rudolff Därtore Groß¬
1244 1644 2193 1768 weykel, söllichen Vbrsechnen eydts, als auch anzognen
1251 1726 2151 1849 vfbrochnen spythers salb examiniert worden. Der
1247 1785 2111 1892 att aber andes mitt bekonnen wollen, dan drr Ja¬
1245 1863 2145 1988 den ey de obgebörtermassen vbersechen, Er habe ihn
1244 1941 2097 2061 aber fürgstetzt d an, duuch diese shatt widerum b
1237 2018 2036 2130 In die lander zezüchen habe gmeinh, diß siye da
1239 2098 2022 2191 wer dahin, Jas habe ihr ein bewegt, allher z
1229 2166 1975 2289 Witer adr zet und sehe d enhirofen so
1232 2256 1941 2359 siye es thnven hertzen leydt, Vnd eprehhe
1233 2331 1944 2449 fürthin zertgt sich ehelich, vnnd wol halte
1233 2404 1933 2513 brochenen steyches hatt er gich wie anderen
1230 2475 1884 2588 halb Im grngsten nitt kkonnen wellen.
1229 2547 1929 2672 Ist einest mit den kleinsten Stein vfl
1226 2636 1906 2753 Gat darneben Vrmeldet, hienach genampter s
1232 2713 1900 2815 zu Trachselwald by Ihm ghin. Item derselbigst
1237 2757 1879 2860 lebstlich zu Sollothum pfangen worden, darin
1230 2820 1869 2903 mit einandeen gesten in einer salienen ein
1085 672 1212 768 von sin
1087 747 1198 810 ielo
1083 795 1203 846 tringenn
1085 831 1173 905 ürtig
