2448 3264
436 287 1063 503 l Burte
435 391 1061 570 Wenderwyll der landt
451 478 1033 609 er Lentzburg puntig
411 578 1039 740 17. July 1612 fun gegenwurtigkeit
455 664 1035 799 in furnemen, fudsichtigen, wysenn
996 609 1027 625 er Lentzburg puntig
391 717 1054 856 im Peters vonn Gertt doß Ahalls, Ni¬
428 792 1035 929 eners der bürgeren unnd Hanns Rug
460 847 1007 983 itwers Großweybels, auch ettlicher
308 921 1019 1038 wiblenn minte  h. vnnd Oberonn dienernn
332 979 1024 1106 1 Barbli Güeferler Bonn kinderwyl
383 1034 1012 1172 andrvogby Kontzburge precig hernach
302 1094 1017 1234 olgende mißhandlungenn zu Nandili bekendt
318 1163 1028 1290 erfähren, vnnd mitt der marten erhalten, und
285 1227 492 1338 bestulliget.
276 1334 1022 1491 Menlien vnd daeß erstenn hate so si dien
386 1458 1003 1560 engen garen entwendt, die aber fra zu
380 1510 1011 1609 b genomen worden, hienun habe man sey
287 1561 1015 1676 Pfencklich znzogen, vnd aber Volgandts lein¬
296 1639 667 1730 tornm ledig glaßenn.
232 1740 1012 1872 emne hab syntliche mon ei paer Eisel
276 1822 1027 1942 Im Riedttall, ettliche eystenn zu Langentich
270 1900 1016 2007 Vnd ein kübel bollanckenn gestolenn das
275 1947 1009 2060 tum sy don zu Raburg gfencklich zuzogen
258 2006 1009 2137 Vnd gemanterott, vnd wie nach In In heymatt
269 2078 1036 2177 gwisenn worden, und habind die wünd die dieb
263 2135 1033 2257 shal vnnd allemn coston Lur sy erfotgen müse
249 2275 1022 2390 Wie synen heimkommen, habe sie dor bruder von
257 2349 1011 2429 wegenn sy ein boß bein gboptt nnt hulden wellen
249 2392 1027 2511 forklende siemöchte etwas boses vib liß bein.
273 2454 1005 2561 vor also umb wyrnechtenn hinwegen zogenn wede
268 2518 1001 2621 trinnen vnnd bättlenn, wie sy gmögen. Jo sü
263 2582 1030 2697 vnnein prosshafft bein gban und gen Ewisen
267 2638 1015 2745 bich komnenn unmeinung uff Borgen zu zerri
263 2700 998 2811 sich duch Ir Gilff cuieren zelaßenn, habe sy
258 2753 983 2867 der Schuporkenn Bleichenn bech biott, was
1176 554 2111 748 soso witt Vfthin wolle er könne sy wol gebonenn,
1184 624 2105 793 also das sy sich in sin vior begebenn Cannenhar sy Ihme
1188 699 2157 844 by 4 fb, die sy theils von iror mulber empfangen, theils
1183 785 2141 899 aber mit schnydenn gionmenn, artzetchon geben mußen
1187 826 2109 982 Als er fren aber noch j. E. abgeforderett, sy aber kein
1179 900 2126 1033 gelttncher ghan. neben dem das er Ihren nit gholffen ghan
1178 956 2129 1113 Hab sy wol vam armütt unnd jungers wogten dem all-
1191 1035 2142 1144 musen nachzuchenn, vand wan man Ira mitt geben, auch
1182 1094 2097 1232 sy nit beherbigen wollen, sonderlich zu winteeseytt
1186 1160 2138 1283 Vamkrost, vnnd kelte wegen zu gryffen mußenn
1173 1233 2124 1349 habe also Inn stölchem elleundenn Stand entfrömbdett
1178 1333 1382 1430 wie folgett,
1156 1423 2129 1572 Enstlich zu Bleichenbach ettlichenn Kendthitten, die
1189 1496 2114 1612 Synit kenne, dey Imben geöffnett vnd honig daruß
1178 1594 1338 1654 gnomen.
1165 1653 2129 1779 zu GSuttenburg aberein ziben gröffnett, vnd hong
1157 1729 2087 1825 deuß gnommenn Vß bosadh, das siy die pur nit Vber
1170 1791 2107 1893 nacht habenn wollenn, diß Jonig habe sy zu Rotzwyl In
1182 1843 2062 1958 einem stall, allda sy ein anwe gmachts zerlaßenn.
1172 1950 2119 2089 Wytter habe sy zu Guttenlung kunfft Haspletenn
1183 2045 1482 2136 garnn entzueklt.
1164 2114 2032 2254 zu Dietleyl syesy in ein buß getigen en wede
1176 2206 2035 2311 ettliche dure würszenommenn, da sy dan durch der
1179 2267 1999 2392 mit dem blossenn wehr verzagtt worden, also ds s
1167 2338 1635 2445 Peunster ußgesprungenn.
1152 2435 1950 2564 zu Vestibach dem Jacob Bouderli eitliche
1173 2535 1938 2645 stolenn, vnd es vnder das heino Verbagenn s
1168 2595 1481 2668 widerum wordenn.
1157 2671 1910 2783 das lych wie ouch daß die vbrigenn sachen all
1175 2748 1881 2852 Lembdett denn luthenn widerm zu handtn ges¬
1168 2816 1850 2936 E. habe ouch Vnst allemal die hhurenngl
1163 2878 1846 2960 wird sy wol so bald nit zugriffenn haben
