2448 3264
436 214 1232 385 alleleiytt zu der barmhertzigkeit geneigt Ist
419 301 1189 444 hatt In gnadt aber mir noch vff dißmal zu
441 367 1209 505 Wordtenn Vß lutteren gnaden vnd berin¬
425 431 1226 602 hertzigkeit das läben, so Ichstunst bß
430 511 1211 663 billicher Vrtheil Verwüeckts widerum ge¬
420 583 1197 725 schärcktt, So bekonnen hiemit seolles, vnd
436 671 1223 806 wil nun Vrtheil hiemit geben haben, wo vor
430 747 1215 896 mich Ir gl Lerners Iun geringsten Läten
413 819 1216 958 begufen wurdent mich an Wyttero genadt
435 905 1199 1022 wie ein Gbelthatter hinrichten, wie Ich dan
431 975 1213 1093 wol Vndient hab, Vnd mich aber Petzmal
441 1047 1210 1173 mit dem eydt vorwisenn vnd also But¬
418 1132 1179 1245 derlichen gestrafft, Datu Werdtenn
410 1209 1082 1319 Den 30 dettembris Ao 161
540 1340 913 1450 Bunderschribenn
818 1458 1167 1629 Vih Ment.
430 1632 1191 1765 Colationiert vndt auscaltiert Es
426 1725 1182 1816 dise Copy vnd gegen diem Orioinal von
438 1783 1188 1894 worten zu worten geychluttend befunden
438 1849 1213 1945 worden, Iuch mich obbemebten dabid Erken
430 1912 1196 2016 borg ister zytt grichtschigter zu Bernn
415 1978 1170 2094 Astum Juzenhen Vff diezechendem,
429 2040 1190 2151 Novembus diß gusant sechßhundert
423 2113 897 2214 Vndt einlifffann Jars
411 2180 1191 2334 das Oripinal Ist Ey den Vlugenn
414 2258 1224 2404 shuffen, mußthättige personen besagen
429 2317 1177 2444 windenn zu welchenn Ich es gelegtt.
413 2561 1222 2705 I vndt weyl er nun mitt gestendig syn worten
434 2623 1216 2753 Ister uff zu vor in der gfangenschafft oben geb
428 2682 1205 2790 en wideruff, vnd bbankauf, d. Gott der herr E
416 2738 1206 2862 die stägen nit gleikt, als dan sy in sinem seiligen
414 2792 1213 2919 hochlichen verpotten, vnd das deßwegen sugnen nit ih
416 2825 1212 2968 sonder bbmecht etc. als auch vif ein einstraffte Censt¬
425 2903 1183 3022 und abtiag costenns 10 fl 19 Novemb 163
425 2954 1219 3090 V figen Auß gestalt, vnd ledig faßen worden
420 3011 1210 3149 und gethane glübdt, silches von gott jedersy
489 3141 599 3190 eni
1422 260 2238 481 eeg vinger.
1506 422 2322 525 von Lönringen sonst genamet
1696 491 2113 597 Roßenpurer
1415 605 2356 765 Winnel 1  Novemb 161 Auub den won
1433 683 2344 788 men, ehren vestenn, fuenomden, vursichtigen, wysen
1421 739 2342 848 Herrenn, Johanns Steiger dß hatts, In gegen wur¬
1430 797 2331 909 tigkeitt derouch womt fursichtigen, wysen ks.
1421 853 2294 945 Gebartian, Jungs, der Burgeren, vnnd Hanns
1417 876 2364 1021 Rudolff Girwas großweykels Abrecht Singer
1425 949 2306 1065 Von Cöupingen vbergezigte sachen abermalenn
1438 1010 2325 1130 paminiert, vnd befagtt wordenn, Hatter doch
1430 1082 1923 1158 anders mitt bkennen wollen
1442 1134 2342 1269 an das er vboer elerag Boths, als er dmn Pranckhas
1390 1223 1440 1305 d
1432 1222 2344 1310 z kieg gsin, nit wytt von Estampes in einem b
1417 1276 2349 1383 huß 12 tuben guomden, es habe aber domal nit erl
1414 1326 2340 1438 sonderouch die Vbrigenn soldaten zugriffen, der
1429 1394 2342 1492 styo Ihnen erloupt ghin. Anderer mißhandlu
1418 1455 2081 1554 Satterkeins wegs gstendig syn wellen.
1376 1532 2362 1655 Doß gezigtenn fidhts halb vatt er sich durch b gche
1410 1613 2346 1706 massenn versprochenn, wie vormalen, Mitt Berme
1409 1660 2361 1757 dung, wan er dem Denigen den stich gegeben, so palte
1418 1719 2352 1814 en Gott, ds er In angantz dm thuen erlamen laen
1421 1773 2260 1867 wolle, so ferr sihe es das er Ihn gan Rlech getage
1416 1827 2332 1930 dz Em gegentzeil der Jenig Ihne 3 mal gladen, vd
1394 1891 2252 1980 Jedes mal habe gastioren wollen, Ießen aber
1407 1946 2074 2046 haber ihm nie zwillen werden wollen.
1390 2007 2183 2117 Deß sägnens halber laßt er hatters d
2262 2047 2304 2114 li
1400 2083 2137 2174 sinem Borigen furgeben verblyben laßen
1400 2130 2135 2233 satz, er habe von einen fägen onafaar Vor 30
1409 2192 2167 2285 anderen vo 5 Jaaion gleiht Er bkenne
1400 2253 2175 2356 solchem gfalt pette trungenliches das man e
1391 2310 2124 2426 dißmal d Vbersechen, vnd verzichen we
1404 2374 2119 2463 sich deß sugnens niemericher annemand
1373 2441 2113 2579 Brruwund das gespanst Isten glych
1407 2528 2161 2623 einem boigen fürgeben vezanet, anzeigende e
1405 2578 1792 2660 vom Sundtfluß gsungen.
1379 2619 2118 2727 Das i zu den weyblen guett habe, der boß ge¬
1406 2688 2140 2778 beiheißen, halte ihm aber mitt, hatt er aberante
1395 2732 2107 2817 und angezeigt, derschryber werde der won
1409 2788 2092 2868 echt Villicke Verstanden habenn, wie Ihm dan
1398 2827 2123 2928 yches begegnett sye. Pitett vmb gottes wo
1384 2878 2120 2991 Ist zum estonmal lir zumanderen mit einem
1388 2938 2114 3058 zweyen, vnd zum Biertenn mit diyen steinen
1396 2991 1484 3087 A
1240 2753 1365 2839 s
