2448 3264
494 694 792 831 beentig.
529 421 1087 665 Jan
484 620 1047 802 It von Frybung
473 516 1019 705 rinsholz ge.
519 943 1060 1083 schinner Jagenn Hans Kalekein
544 1012 1046 1160 stelt genamet von Eylun
521 1084 1033 1211 grdacht kommen, als solte er ein
555 1173 1027 1298 n Mören nothwungen haben,
598 1244 1019 1369 vngeles, vnnd
554 1324 1009 1442 das die komen fürn füos
584 1383 1022 1512 Ans Rudol forren, daß
551 1462 1036 1565 me knocht der Burgeren und
561 1530 1013 1643 Bärwer, Großweybel
599 1618 1030 1748 f mit ern sthafftenloat
606 1693 1036 1821 Der hatt nun nachfolgen
594 1869 1015 1987 e sich eines abendts nach
620 1952 984 2041 ven begeben, habe Ir
575 2009 1009 2133 nach die dienstmagdt vim
589 2083 1022 2197 In das gmach geint, dasin
552 2162 984 2251 bigen gmach syt auch ein
552 2206 1030 2329 und by ihme sonst ein jade
596 2295 984 2385 in beth, und damnethin
573 2370 995 2477 in frouw, so schwart bu
595 2431 1019 2541 rselbigen meitlin, we s
671 2518 993 2614 nitt, habe die dionste
678 2585 970 2681 der frouw liconn
570 2632 994 2758 So bald aber die Junstenh
643 2719 968 2807 das meittlin zu Ihm
622 2790 962 2895 mict ihme vorgangtn
1235 500 2176 627 das er aber hernach an dem tag, do Schmid der weybel
1237 586 2183 691 by Ihm gsin, deßelbig meittlin nottzwungen habe, vnd
1255 652 2130 767 oder begertt habe, solches zethun, sye nit whar, so
1258 715 2153 831 bib erwußenn möge, könne sich nit erfuuoren, was
1240 784 2140 901 sich dasmal zugebragenn, Jange seye ger Bruncken
1243 847 2134 975 gin habe sich auch morndern e nit beinnen können,
1246 913 2020 1054 wo vnd durch wan er also geschlagenn wordenn
1259 981 2182 1112 Hatt also komner anderen sachen gestendig syn wöllen.
1248 1073 1916 1201 Pitets vmb grad, vnnd lediglaßung.
1254 1170 2175 1311 V ff Jani 1617 Ist liser valkenner Vff abzag
1262 1259 1887 1358 costens und eincensur ledig erkent worden.
1232 1411 2072 1658 Audres Hoffieker,
1260 1612 2047 1718 sonnst moshorw genampt
1268 1682 2020 1769 vors Giektis sohlotherier
1382 1757 1893 1872 geprettspürtig.
1271 1861 2078 1972 Wiewol gegenwürtiger Andros Hooffstelber
1255 1937 2111 2038 sonnst Moscheuw genampt von Etzickon Sollothen
1259 2006 2091 2116 gepietts pürzig, hievormalen zu Buchogg Andenbr
1265 2079 2072 2201 Gidtenn hernach folgennde mißhandlungen mi
1274 2160 2028 2266 marter erhaltenn, ouch nach wardts allhie zu
1265 2228 1972 2325 dieselbigen nit allein bywillig, ohne manter
1259 2282 1991 2397 sonder ouch mit der manter bestättige t Da
1260 2357 1950 2463 zu zweyenn vnderschidenlichen malen, nam
1266 2424 1943 2534 als er hatt sollenn für Recht gstolt werden
1253 2494 1934 2611 gefallenn, also vnnd Jorg haltenn dzer al
1265 2562 1922 2670 Auuch Ihn hievor bekonter mißhandlungen
1262 2626 1881 2751 die diebstäl, gelougnett. Diewyl aber si
1253 2695 1857 2809 lich vordächtig gsein. Habgend nung
1271 2766 1871 2886 nottweendig syn wrachtett, ein stweegen
