2448 3264
461 385 1122 540 lasia Seug ab
622 488 1152 636 der tägen uß der kichor
626 555 985 667 Mallennbarg
392 710 1139 877 Obglihml Rf. 20 Novembr 611 jun
424 809 1185 939 den Prommen, furnommenn, fursichtigen, wysen
425 884 1157 987 Horren Hans Rudolff Huber deß kleinen
413 947 1136 1047 Bhatts, inn gegenwürtigkeit H. Hanns
424 1000 1191 1121 Rudolff Gärwers großweyboll, Maria Deng
421 1062 1188 1204 ab der Lägi in der Kilch�ri Müllenbarg obge-
418 1129 1177 1253 dachter beider Kidli, vnnd Hans Sprungenn
422 1193 1184 1321 mutter Vber gezigte diebstal mit ernster
417 1263 1171 1373 hafftenn wordenn, befragt vnd inquiviert
416 1324 1152 1444 wordenn: So hatt si doch durbß konner
428 1395 1142 1490 nußhandlungen klantlich synn wollen
403 1444 1166 1585 sonder sich folgender gstalt versprochenn.
414 1587 1162 1711 namlichen das Jenig Fößlin borurnd, so
426 1672 1176 1759 bbemelter Ir sohn Hans sol haben vnderstand
407 1720 1189 1832 Vs einem faß vff dem Stut, Im Korst zufuden
413 1791 1173 1888 das sy nit allein nüth darzu golffen, sonder
404 1850 1153 1939 habe auch mitt denn gwust, biß das man Iro
409 1908 1151 1987 angezeigt, das die hülfer deßwyns ihne darob
399 1971 1162 2067 funde, wiewol derstelbig Ir sun angezeigtt,
386 2032 1135 2125 Die jungen thüynd ihm snrecht, dan als er
385 2092 1193 2188 Ihnen Puwe, vnd schons mit hilff sin es buudes
389 2152 1151 2250 zugschafftt, Vnd sy ihm daruff zutunckenn
385 2212 1159 2323 geben, seye in gangen gan ein fäßlin wichen,
401 2282 1140 2392 welches sty gan Bein eine leybe personn
387 2343 1179 2438 Vnder der Aitzgaßen, die als wellwäbenn
397 2395 1181 2510 enampt, zuschaffen stöllen, welche auch von
394 2464 1194 2574 os thüge, Iro ein als par schu und gedachten
385 2517 1194 2634 Iem sun ein batzen slhen begeben bsproche
373 2598 1163 2730 deselbig fuslin habe gesagte Instohn vff ein
371 2669 1173 2781 wagen laden, vnd es also hinfn In der statt
379 2733 1191 2847 lenggen wollen, Als i aber feinlichs berichten
382 2809 1167 2923 ollen, sey ie Cachte wol von deß Teunks
384 2882 1177 2977 wegen) under dem wagen entschlaffen,
376 2941 1186 3057 und als die Jenngl, so dem wyn ghütelt e
369 3008 1196 3126 kelet und ihn da funrden ligen, habind sy
1436 361 2405 567 furgeben, er habe wolle weyn loß dem faß zu ch
1426 473 2348 617 welches sy nit wußen möge, wan ers aber ge¬
1433 528 2340 665 than, wolle sey Ihn mit der eilten dergstaltt
1429 585 2329 713 straffen, d e, ob Gotb wil, In kunsftigen
1431 658 2328 808 der Eychen kroffenZeiten sich mußigenn
1427 718 2345 846 worde. Aber sey, vnnd Ir eltere sohn habind
1427 773 2355 934 zu Iister sach Imgungsten nit golffen, Bend
1428 844 2343 988 ouch dieselbe nacht nie amn selbigen Oitt gsin¬
1395 937 2337 1089 das sey den Pendigen Ters, oder andere mal
1422 989 2328 1121 habe gholffenn wyn Vß denn Laßen Ziechen
1425 1047 2289 1182 seye nit whar wedor sey noch zre kind habunn
1434 1107 2355 1221 ie kein wynn Im huß ghofft, sey habe auch dieselben
1419 1172 2403 1310 Ire kind meindlen gheißen winn ziechenn, sey verstuc
1432 1245 2403 1383 auch meiner keinenn, Sy benne den Jenigen waber
1423 1304 2339 1424 knecht nit, geschwygenn, da siy Ihme gholffen einick
1432 1362 2388 1466 wynn vervnthuwenn. Wil also keine Vntend
1418 1423 2304 1539 gstendig shnn. Pitet flechenlich vmb gnad
1429 1492 1795 1613 und lediglaßung.
1421 1582 2356 1721 Uff 2 Nob 6 is dise mein de
1439 1683 2298 1775 Pfeinernstige censir ledig glaßen worden.
1467 1775 2197 1960 Sheisen sehundt.
1589 1925 2194 2017 by dem pnnderenzieg¬
1584 1988 2101 2090 les Allhiegedienet. tc.
1421 2242 2227 2369 Rladen am nachenitt vf Marti ni dise
1433 2332 2264 2443 wußchen Tag, vnd nacht diser Clristen Schmid
1409 2386 2148 2488 zu Bom by dem Vnderen zieflor gedienett zuer
1422 2430 2229 2567 lieme by slofllen ze verbethuwen vnder fn
1412 2496 2195 2625 ob dem diebstal offentlich ergriffenn, vnd Ich e
1414 2544 2196 2686 Inpfangenschafft gehabtenn worden. Wil er aber
1418 2606 2170 2717 mißandlungen Spantlich synn wellenn, Ist
1409 2652 2166 2758 synes Meysters nach empfangee Consier V
1413 2716 2137 2833 edig glaßen wordenn, Actum 15. Noven
