2448 3264
233 623 949 747 Dannethin hatt siy bekontt als fru san
257 705 961 815 vschinnem hornung zu Bangen gsangten
282 741 956 847 sen, Bund daru pf hin mit dem eydt von
277 804 959 892 hatt, vnnd Lannd verwisenn wordenn
255 862 965 963 habe sey denselben eydt vberstechen Im
262 917 986 1024 dem das sy sich wenig Eytts darnach wideum
244 985 946 1098 In fe g gepiett ingelassenn, veßen se
234 1049 961 1145 aber diß die Luönembste Vrsach, Als fra¬
284 1109 973 1216 obstalt der eydt geben worden, hab sy von
233 1183 961 1285 Vile wegen deß schnees vnd daz s keine
270 1240 989 1347 zu gbepf niener shin kommen und zr güehren
233 1315 961 1408 vnd nadelband nit reichen können. Nach
234 1373 941 1492 vm sich aber die Zutt entschloßen gheptt
251 1444 994 1567 b sie sich gan Vostebach begeben, solche stuck
231 1519 965 1623 ereichen, allda sy widerum ergriffen vnd
227 1587 972 1680 nachwerdts nochmalen mit dem eidt von
219 1657 991 1778 Iu glanden, vnnd gepietten verwisen worden.
229 1770 971 1884 Welchenn sy abermals anderst nit bedacht
218 1845 1000 1959 dan das sy vber denselben Iren eydf sich wide
260 1909 991 2025 In gland begeben, unnd also das ryde zum
228 1981 992 2100 moeen mal Vbersechenn: welche sin diß die
222 2046 993 2175 besach sye, das sy nit könne, noch möge andeste
217 2122 992 2228 ein, dan in disen lande. sy wolle lieber den te
234 2199 779 2350 Esthan, dan diße land eyden.
211 2268 980 2403 Sund als man sy gflagt, was das für ein riht
208 2354 973 2469 vye so sy vonderthalb der nabel uveverenters
208 2381 987 2523 meldenn) habe: Hatt sy geantwortent, sy sir
188 2426 994 2590 Ver etwas bytts ein großen eyßen ghan darvon so
183 2564 584 2670 diß ein maalzeichenn.
176 2558 997 2741 vellals keinen anderen mießhandlung gichtsh
190 2724 315 2787 wollen.
208 2715 980 2880 errstlich lär und zum anderen mah mit dem kleinse
192 2846 469 2924 Aein lfftegent
182 2852 984 3044 1fl 15 Juli 62 ds s abermalen de Mer e
202 2922 984 3092 midet, vnd 1 mitlär, zum 2 mit einem, vnd m
186 3037 766 3174 mal mit 2 steinen ubfhzogt woden.
460 3065 984 3219 esse hend lege
361 3151 425 3227 uli
296 3191 354 3229 4
1085 553 1183 640 A.
1095 985 1858 1112 Bemont, Johanna v. Milden, begen Verdacht
1224 1085 1679 1200 von Branddrohung d. P.
1089 1157 1184 1236 ur
1212 1172 1845 1291 Uli, v. Plasen, Kirch. Signan, begen
1211 1231 1533 1348 Ziebstählen. 89 90.
1086 1316 1193 1400 e
1225 1331 1888 1439 Stiklaus u. deutigen, begen Überkne,
1217 1399 1858 1522 tung der Landes verbeisung. p. 1. 3.
1091 1482 1920 1623 Sinfart, Hand v. Merten, begen detung e. 128.
1085 1581 1910 1720 Bunmann, Hans, v. Sür bird in seine Heimath
1242 1670 1508 1770 gebiesen. 137.
1082 1750 1906 1885 Summann, Ulst. Ssch, begen uiebstählen 162.
1073 2146 1893 2291 Cavat, sean aud Romammotier, wegen einer
1235 2241 1585 2346 Supplication p. 16.
1071 2289 1399 2396 Lurth v. kürt
1076 2370 1859 2522 Caspar Handli un Am wegen diebstahlen itt.
1061 2481 1903 2634 Costable, Jaques, v. Chandens, bei Morsten, wegen
1213 2583 1487 2676 Sebstählen. 91.
1079 2818 1877 2985 Zustcher, Hans und Unsoldingen, wegen An¬
1226 2928 1475 3025 Jucht p. 68.
