2448 3264
183 439 926 555 Mlermun dem sonen batters beßt nich insen
183 527 951 597 zu eßen überkommen können. Habe in angfangen
176 569 926 644 zugryffenn, Vnd mit diebstulen sich ber¬
173 621 929 711 gäßenn: Vnd das desso ehe, das in zu sölchen
176 677 959 770 sachen böse Vffwigler ghan, als namlich Ruff
172 731 953 822 Särbenn Stoffan Rutholge den Jungen, vnnd
174 783 942 879 Hans Röchen all uß dem land Bullingen
179 835 963 943 welche Ihm allwegen das, so er seinem Bathen
176 901 653 998 verunbhinwett, abgnommen
171 991 933 1112 vnd erstlichen habeer selbs ditt einkaß¬
171 1075 948 1180 hab G. ongefarlich gwugen, entfrömbdet
154 1135 950 1232 Dannenhar er, vnd die Zeiigen, so Ihm gholff
171 1194 933 1307 zu Eruthingen gfencklich znzogen worden.
174 1254 957 1367 das er aber nidt sampt seinen gfellen Vßbrodhe
154 1325 949 1434 seye er alls bald widerum bhendiget worden.
159 1408 978 1527 In der anderen nacht nach dem sy also Ih¬
167 1489 980 1587 brochenn, habe e mit hilff Peter Allenbadis
170 1551 972 1642 einer frouw zwey Käßlin entwendt. Iiste
169 1611 975 1722 Allenbach seye Ihm Retts In weg gsin, Ihn
166 1672 625 1787 Vff böses woystennde.
132 1760 969 1894 Diser Allenbech, habe auch vffein itt ein¬
165 1849 967 1965 Michel Louwer genampt ein silbenzu ge¬
153 1906 984 2032 stolen darumb als auch vmb andre Iurch Ihne
165 1981 972 2092 Allenbach Vrbachte diebstäh, en gefangne
164 2031 987 2164 wol gwuß: Das aber er solche sielben kionen
160 2094 971 2231 gnomen habe, wie man Ihn deß Bredencke,
148 2178 708 2313 seye von der wacheit vore.
159 2252 993 2422 Wytter hatter bekentt e habe synem vale
164 2352 987 2475 ndt allein ancken, kuß, vnd andere sppysenn
156 2406 988 2558 sonder auch zu Vnderschidenlichen malen gelt
169 2471 1020 2641 gnommen, louffe sich daßelbig alles an, ongefan
164 2598 352 2704 2. f.
156 2623 1022 2812 Item habem zun tnd har, vonn vonghiunget,
170 2708 1012 2872 nydlen entragenn. Was er aber also gnommenn
161 2755 1004 2943 habe siyn Vatter zalt, Mache wol Prechnung
167 2824 1015 3043 sye von deßwegen also vnwillig gegen Ehe
172 3004 312 3094 worden.
1172 446 2009 563 So habe inPeter hulen ein beubd Creverentor
1209 536 2039 596 gemalden) genommen, habe aber ein gutts an statt
1205 580 1577 662 widerum hin gebenn.
1160 641 2090 771 Denne habe in wolffenn einem mit steinen zu fur
1202 711 2015 802 fensten werffen, vnd ettliche schyben gebrechen.
1207 767 2015 886 und als en gfragt werden, ob er nich mith einer
1214 842 2042 926 tionen Thsons Elst henaupt, sich vergangen
1205 890 2087 975 hatter zu bscheid gebenn, ie sye allein eines by fra
1202 934 2078 1036 vberracht gsin, das sy mit ihme in Wallis begenn.
1204 990 2061 1088 sye ndt, sonder als in eines in Wallis gewisett
1205 1043 2061 1140 has sy ihn underwoegen bezogen, und als sy nis
1204 1101 2082 1198 einanderen Ins Sibenthal kommen, sye sy by zwe
1210 1184 1483 1261 muber blibenn.
1198 1222 2115 1348 Ketstlich vather anzeigt eesye ställs ein beruch
1217 1307 2094 1430 vorgstell gsin unnd synem vatter wegen sine
1198 1354 2063 1465 strenge ungehorsam, siner mutter aber sye er
1205 1409 2100 1519 allzyth Borfam gsim: Vnd sy wuße wol, das der
1209 1488 1628 1580 Vatter Ihm Vberthann.
1190 1554 2125 1693 Anderer mießhandlungenn Hat erkeins dorgs ge¬
1199 1638 2157 1739 stendig synn wellenn. Pitett flechenlich vmb gnad
1201 1716 2168 1856 Isterstlich lie, vnd zum anderen mal mit dem Kleinhe
1204 1819 1605 1904 stein uffzogene worden.
1198 1906 2110 2020 V 15. decomb 1612 haber därtz so b
1198 1996 2085 2084 ekendt, namlichenn, das er Anthoni höchster ein
1205 2048 2076 2141 par schu (mit gunst zmelden) Vervnthruw
1589 2319 2100 2454 s
1739 2396 1963 2505 folgennd E
