2448 3264
314 377 1071 598 All sllven
367 517 864 654 horiers puntig.
312 716 1076 917 lisden diser Hanns Pselin von Bienenpürbig
393 809 1057 945 Jaren ongefarlich, wegen an offnem rechten
385 882 1071 1027 ethaner Ertschlachnuß, uff den Jaarlanng
307 932 1070 1076 it dem Eydt fur der Burgeren vil hiebß ge¬
305 988 1081 1146 isten worden Hatt er sich verschinnen tagen so leytt
324 1062 1063 1205 gesten, das er vber stöllichen sinen Eydt allhar
286 1136 1088 1257 n die Schatt kommen. Derwegen er gefencklich zu¬
292 1209 1072 1330 ogen, vnnd vff 4. Jany 1617 Junch h Hanns
290 1293 1058 1389 rösching, vnnd h. Großweybel Därwen der
279 1348 1086 1476 Vrsachen halb stöllichen sines vberfechnen erdts
268 1433 1042 1550 befragt worden. Im hatt nun folgenden bscheid
284 1499 366 1562 geben
287 1571 1091 1713 Nemlich wir ds sin freuw etbliche tag dahar sich
294 1646 1079 1758 ie in der statt enthalten, ohne das sy zu then lb schin
284 1707 1046 1824 In sein lüttlin komen wollen, vnbetrachtett,
294 1775 1071 1880 er sey darum zu Vnderschidenlichen malte an¬
281 1842 1046 1942 sechen laßenn. Daruff es sich dan vrruckte
269 1903 1061 2010 tagen einest zugetragen, das er mit ettlichen ein
269 1981 1090 2093 trunck gethan. Als nun fin fromw selbige bed
264 2049 1061 2153 abmmalen nit wellen zu Ihm komen, Siie Ihm
263 2115 1057 2220 wolche Ie vngehorsame Vffgerochen vnd habe
276 2183 1074 2288 vstelle steie gnomen zebemitzen Inmaßen d
270 2245 1062 2362 nach dem i sin wehr greicht in (hals man Ihm
263 2319 1039 2425 nachwerdsch angebeigt doch möge er mitt deun
270 2382 1028 2492 wuen) In anrer zu gloufftn, als In aber
258 2446 1035 2576 diranderen, so da zugegen gsin Voffehalten
272 2519 1065 2624 diem widrum den ein vhl gangen aber allbad
281 2594 1040 2683 ernach dem Burgeren zil zu, vnnd von dannen
268 2658 1063 2755 Vn die Satt geloffen, ohne dzs diehenig Ehn Vh
268 2713 1032 2830 elt vnd vehinderen mören. Diß alles habe er
295 2785 1036 2880 han in tunckern unbefirte 1eys, unnd
284 2840 1025 2950 von er nich mich tegn bleden gestin wäre, halbe
1270 505 2186 691 er sich wol wurden bberhoft habenn. Pette der wegen
1261 596 2210 751 gentz Rechenlich man wolle Ihm disen fhäle get Vnzychen¬
1254 702 2225 865 Vnd doman Ihn gtragt, Vs was Vehadh sin fraus nit
1265 802 2227 920 ncher habe zu ihm wellen. Hatt er anzeigt, er wüße es nit
1259 845 2163 977 zwar er habe sey wol etwan gschlagen, aber sy habe Ihm
1268 911 2100 1038 Vesuch darzu gebonn. Sy thuge Ihm kein guttnntz.
1279 1026 2157 1161 Wylbe als ergfragtt worden, ober in mine 92 ß
1278 1093 2186 1227 Banzöltzem witt Goltzet: Hat er geantwortett, Ja
1279 1157 2202 1274 aber er habe allein Vnschudlichs holtz genommen: welches
1278 1218 2174 1359 iedan darim gethan, das er mitt anders ghan zu wecken
2054 1306 2241 1386 ligind vas
1292 1307 2047 1439 noch zugeomnnen, dan dieguther, so man buwe,
2038 1369 2240 1456 Vid. fol 198.
1613 1454 1720 1478 Andres Gossteker sons
1292 1375 1901 1490 alle zuuorthalb der Burgeren zil.
1273 1478 2129 1681 Andres Gossteker sons
1315 1624 1974 1746 Großhouw getanwet
1332 1702 2076 1820 würtig vonn eiezickees
1302 1900 2203 2032 Vf Menntag kenn e Brachnonas diß leufenden
1288 1987 2186 2111 1612 Jars ein gegennwürtigkeit der frommen, furnommen,
1298 2055 2183 2159 fursechtigenn, wysenn Herrenn Anthonis vn Graff
1287 2122 2150 2228 windt, deß Rhtts Janiel Beschoffs der Burgeren
1295 2195 2129 2304 Hanns Rudolf Däuwers Großwöibeli, auh ell
1301 2274 2087 2381 weyklenn, niner g h unnd oberen diewrren,
1298 2356 2061 2460 genwüntiger Hanns Hoffstetter, sonnst Moßhi
1295 2419 2029 2535 vonn Ehrickenn hernach folgennde hoche, schwur
1303 2497 2042 2609 abschindliche mit landlungenn Inn dor Mamn
1288 2556 2015 2682 Rutillig bekrntt, nach dem or die so higenn
1309 2644 1998 2744 abgewihner tagenn zu Buchegg vorfalen
1293 2703 1984 2850 selbston mich der mater erhaltenn, bnn
