2448 3264
314 211 1113 524 Bars 1
373 380 1095 585 ocs Wyler sis sand der
414 473 1032 644 ihshorj Beldorf
315 608 1116 856 Schelellt  tach ndge
351 714 1133 947 eeleen erens
959 644 975 648 ihshorj Beldorf
406 810 1117 979 en Horrenn, Jo Hans Wpällings deß thati
383 885 1105 1055 ids von Büren dor Burgeren vnndt
410 954 1072 1112 Rudolff Därtes Großweybels,
431 1038 1102 1199 Herri Vonn Wyler im sand der kilchen
341 1100 1116 1295 eedorff Vber gebigbe diebstul zu Mardeli
404 1194 1112 1343 nacter erfockt wordenn, So hatt er sich
392 1275 1101 1399 andersnit, dann wie folget, erlüderenn
329 1343 466 1427 ellenn.
381 1438 1110 1591 lichen, Wie tohar syr, das er ber etwas it
323 1528 1097 1661 im Kiflingkon Erlah voff dem Seedorff fel
308 1596 1084 1727 mroß entfrömbdet, sye aber hernach Ihme
281 1661 876 1769 kißling widerlbmhin worden.
290 1732 1084 1892 von diß diebstals wegen syere Vmm
290 1833 997 1950 er sr ehr unnd wahrloß erkent worden.
284 1914 1077 2032 und als ihm fürghalten worden, warum er sie
279 1992 1071 2099 docher Jas Vehre stutts getragen: Hat erzubschi¬
255 2061 1071 2176 geben, er sye ein Jaar lange ohne whar gangen
260 2133 1078 2257 als er abernach Voßfließung deßelben zulig
269 2205 1068 2325 wellen habe ihm zu vogt Hogolstein seligen
254 2262 798 2393 laupt, dar ein lehre zetragen.
238 2338 1049 2493 Dammathin hab e bermaldet, er und sin gl
251 2438 1050 2548 habind zu Ryß ettliche göllen, vnd sonst kundet
245 2500 1028 2630 gnommen, diß seye aber allein schimpfts wy.
257 2563 423 2648 geschechen.
255 2652 1035 2773 enthoum komend so in sölle einwendt haben,
245 2722 1008 2842 Eie die sach also beschafften, Er habe einer fromw
258 2777 1023 2914 blonn, so sein ihm, abgefforderet, mit ver¬
1273 460 2181 646 mallen, sy solle Ihm sin zaum wi derum geben,
1282 528 2223 699 Vnd da siy hieruf gesagt, Nein, habe er pra zu bschein
1266 600 2181 762 vnd laßen So wolle er Ihn sonst neuren, welches er
1262 741 1407 857 gethen.
1264 742 2208 952 Das er sier fleiß entzuckts habe Stie nit. allein
1272 825 2210 1013 habe er in einem wirtshuß ein stücklin fleisch Iu
1275 946 1585 1092 hüßen gstoßen.
1288 1017 2154 1169 Hatt also nüt sich andas bekonnen wollenn.
1292 1103 2187 1250 Ist erstlich lär unnd zum andoron mal mich einem
1277 1196 1690 1322 stein uffzogenn woorden.
1280 1282 2207 1415 Vff 0. Jui 1613 Is disor Herni Widornmn ehr. vnndt¬
1277 1362 2166 1476 Wohorloß gekent, vnd Iemnach vff ein ronsir Vff fiyen fuß
1264 1462 1514 1559 gestelt wordenn.
1269 1588 1958 1747 Mnherhast der
1296 1696 2109 1838 Sfründer zu Frvechisperg
1272 1964 2147 2091 Nedan f 18. Juni. 6en Duch die Kmen kun
1272 2071 2085 2170 fürsichtigen wysenn Herrenn, Jo Hans Säthung de
1275 2138 2059 2251 Vnd Hans Rudolf Dartore, Großweybel, Mi
1281 2207 2044 2320 der pfrunder zu Friemisporg Vber gezigte sach
1287 2275 2028 2375 der Mannenteg oben mit ernschafften worten
1275 2340 1995 2447 wordenn Hatber folgendenn bscheid gebenn,
1251 2419 2004 2544 daß ersern, Wie wober syr de   Jacob a
1281 2508 1994 2609 Steinhouwers s Jungen thochafftenn Tochten
1284 2570 1968 2689 de rin zu fiemißsoerg sye ) zweymal heimlich
1290 2636 1933 2746 Vndt neben sie selbige sich gleich, auch ernest
1272 2695 1943 2800 Ironnberbracht, Solliches (je Ihm aber leid
1287 2769 1926 2870 Inkünfftigem darvorhuthe, Begär sich o
1286 2836 1439 2924 eholichenn.
