2448 3264
456 207 1176 481 e llen
453 289 1192 546 tenset tgen
419 349 1180 609 Inan
438 436 1108 659 e daeengen
449 522 1180 729 wie auch das nit, das in veemelen sie mutte
1103 602 1179 680 gis
418 582 1185 797 gschlagen, Er begäre mitt anders dardh man Ihm
414 654 1151 847 den, der es gesechen, vnder diegugen stelle.
423 726 1165 924 Glychermaßen sye es Per von der warkeilt
423 816 1172 986 das er peemalen dem s vogt von Rewangen vfl
422 867 1188 1058 lyb, vnnd läben gethröüwt, oder der gmeind daselbst
419 940 1164 1118 gethrönt habe, das dorff anzestecken, noch anch
416 1003 1149 1167 das er ghöttt habe, sinen Vatter deglichenn
405 1085 1152 1249 tröuwortt Vß toßenn: dan da fin vathe mit
410 1156 1163 1320 dem E. von Sollothum grett, sye er furgangen,
412 1220 924 1362 und habe ehnen nih zu ghoß.
405 1322 1168 1472 galt also keiner anderen mißhandlungen gsten,
411 1414 723 1497 dig synn wollenn.
393 1479 1148 1572 Diewyl er dochalbenn nüt andars bekennen wöllen, und s
408 1561 1156 1621 undor sich anerpottenn, ihne zu ihm benommen und ihn das
401 1603 1153 1675 seylerhandtworck z Vollem bloen, Ist Ihme der eydt, den
402 1640 1122 1715 rletstlich zu Eewangen von statt, vnd Land gethan
401 1674 1149 1780 Effgläßt, vnd d Vff 18 tan. 1613 er Vß glangenschafft
383 1736 626 1798 glaßen wordenn.
1002 2006 1066 2019 f fintag den 27. tag shristmonts des
390 1799 1162 1945 Jaub Schmis von dof
418 1913 1070 2030 Len Fryburg geputts
383 1798 442 1807 glaßen wordenn.
398 2019 1146 2151 f fintag den 27. tag shristmonts des
376 2079 1147 2218 abgeloffnen 613 dars gungegenwürdigket
359 2145 1142 2267 der frommen fürnemmen fürfichtigen wysen s
363 2194 1163 2320 Hans Rudolff Hones deß khafen Hanid Bise
366 2254 1164 2413 der burgeren, vnd Hans Rudolff Garwors, Geß
355 2330 1161 2453 Wöybels Hatt Jacob Schmid von Noglen fieen
353 2387 1152 2542 gepietts folgende mißbandlungen zu Martili¬
336 2452 1149 2594 Leyen willens, obne marter Verfähen, vnd bei¬
343 2576 455 2657 keit
321 2577 1161 2747 Namlichen deß erten, dien lohar so alis vor doct
340 2682 1167 2817 rytts Hans Belinger von Echi ihne gefragt, war.
333 2730 1154 2867 er Margrobt Widmer die er ehwas sychs de
334 2781 1154 2942 Vor zur ehe gnommen glan, zu kilchen finen wolte
324 2850 1151 3023 das er ihm zu bscheid geben, wan er könne, und al
1365 276 2280 484 genheit habe Er seelte er hette sy schen zu kilchen
1379 384 2283 531 gfurt oder aber das er ganvbon vrawure So hab
1375 435 2280 574 Ihn Vtinger gerags, was er dem shulbe den er by
1362 511 2274 635 trafunde, Vnf welliches er anffangs gesagt, er
1368 561 2257 682 wuße es nit bald aber habe er sich gelutterett Er
1365 626 2252 758 welt Ihm nitt thun Er möge wol zutraligenn
1362 685 2295 815 es gelte ihm glych, und erstölle nur lugen, wie er
1366 738 2304 903 se oberreden möge, das sy syns willenspflage vofl
1371 810 2283 932 das er möge von Erakommen, Er wolle hinden nahm
1361 873 2270 1011 schlychen, vnd ob in Ihn schon by frakinde so welle
1366 929 2253 1052 er ihm doch nits gaaae senn. Darneben aber
1358 993 2311 1136 haft er auch vermeltett, wie das e hielbor Lün ehorgrist
1360 1047 2297 1188 kerrtt sye damit er begunstigung erlangete oban¬
1365 1122 2274 1257 geregte Margrett Widmen zu kilchen skuren er
1364 1169 2331 1317 sye aber dadannen fur nun 4. h. einen Ersamen kha
1369 1256 2294 1357 allhie gwisenn wordenn, Vnd wiewol er willens gen
1369 1320 2269 1431 daselbsten umb urwilligeng angehalten, so hab in
1373 1384 2259 1493 doch dencosten abgewendt, dan er Hormeint ghan, er
1372 1462 2315 1565 wurde solches ohne ersten nit erlangen mögen, Inmahten
1366 1522 2315 1645 das ers vnderlaßen, Nach wurdts habe er das hochzylt ii
1376 1592 2294 1688 mein heymat angestelt Aber es habe abgedacht Wid
1365 1651 2271 1759 mein nit dahin komen wollen Vngeacht daz sey durch
1349 1715 2307 1822 ihn jahin erkordrett und pruft worden. sonder habe im
1373 1774 2290 1883 gegenteil sich an gwugen orten verlutten lassenn
1367 1838 2293 1939 Was sey dem Leyburger nach frage: sey wolle keine
1340 1908 1647 2008 fryburglehalenn
1334 1967 2202 2114 Entlichen halber bekentt, das er kel ein eytt als
1367 2058 2184 2164 hinnen ab einem mantt kommen sich gegen bttin
1764 2119 1949 2176 erhutterett
1364 2119 2157 2233 er ongfaid antrofenn, berangen habe das er
1361 2189 2165 2281 einer dienen dinmal vergäßenn de habe er
1361 2242 2129 2345 allein schimpfswyß grott, dan es sye Ihm nn
1353 2303 2129 2407 kommen, vegstalt zemußhandlen, vnd vile
1368 2368 1572 2442 ers gethann.
1376 2472 2118 2612 vff solbe syn sbeidts begen gert mit sande
1383 2565 2103 2672 nungt h. Rhätt, vnd Burger zu recht eken
1325 2646 2106 2765 Das er ein stund langan das Halßisen gste
1347 2729 2082 2812 Demnach Vfl ein geschworen vrphend, daser
1373 2780 2073 2858 in niemand rechen wolle, vnd, wan er sich wi
1361 2824 2051 2914 Ihm alldan nuws, vnd alts zusamen gmaß
1376 2873 2018 2957 nidt, dem eydt zun synn heymat gwisen
1373 2919 2038 3033 ufsmbstag ken 22. Januari 6
1371 2997 1744 3079 in ihm erstaett worden.
1370 3048 1641 3140 id. pagb hiebor.
