<?xml version="1.0" encoding="UTF-8" standalone="yes"?>
<PcGts xmlns="http://schema.primaresearch.org/PAGE/gts/pagecontent/2013-07-15" xmlns:xsi="http://www.w3.org/2001/XMLSchema-instance" xsi:schemaLocation="http://schema.primaresearch.org/PAGE/gts/pagecontent/2013-07-15 http://schema.primaresearch.org/PAGE/gts/pagecontent/2013-07-15/pagecontent.xsd">
    <Metadata>
        <Creator>prov=University of Rostock/Institute of Mathematics/CITlab|PLANET AI GmbH/Gundram Leifert/gundram.leifert@planet-ai.de:name=German_Kurrent_XVI-XVIII_M1(htr_id=19584)::::v=2.6.7
prov=University of Rostock/Institute of Mathematics/CITlab|PLANET AI GmbH/Tobias Gruening/tobias.gruening@planet-ai.de:name=de.uros.citlab.module.baseline2polygon.B2PSeamMultiOriented:v=2.6.7
prov=University of Rostock/Institute of Mathematics/CITlab|PLANET AI GmbH/Tobias Gruening/tobias.gruening@planet-ai.de:name=/net_tf/LA73_249_0mod360.pb:de.uros.citlab.segmentation.CITlab_LA_ML:v=2.6.6
Transkribus</Creator>
        <Created>2020-10-05T08:39:54.163+02:00</Created>
        <LastChange>2023-06-12T20:54:06.221+02:00</LastChange>
        <Comments>Auto-rotated according to EXIF orientation = 6</Comments>
        <TranskribusMetadata docId="1334809" pageId="52358666" pageNr="25" tsid="126774248" status="IN_PROGRESS" userId="68497" imgUrl="https://files.transkribus.eu/Get?id=LVIFKQDOJNSNCFMRVSAEDIRJ&amp;fileType=view" xmlUrl="https://files.transkribus.eu/Get?id=DIQPZRRROAMFTQPSXBUZRSKV" imageId="16062605"/>
    </Metadata>
    <Page imageFilename="turmbücher 459_00025-20200922_095324.jpg" imageWidth="2448" imageHeight="3264">
        <ReadingOrder>
            <OrderedGroup id="ro_1687513835343" caption="Regions reading order">
                <RegionRefIndexed index="0" regionRef="r2"/>
                <RegionRefIndexed index="1" regionRef="r3"/>
            </OrderedGroup>
        </ReadingOrder>
        <TextRegion orientation="0.0" type="paragraph" id="r2" custom="readingOrder {index:0;} structure {type:paragraph;}">
            <Coords points="306,302 306,2979 1172,2979 1172,302"/>
            <TextLine id="r2l1" custom="readingOrder {index:0;}">
                <Coords points="418,337 448,336 485,383 530,367 578,396 726,394 1170,490 1181,430 1076,385 1003,420 917,407 821,313 718,366 679,319 519,301 437,238"/>
                <Baseline points="425,330 462,339 499,347 536,355 573,363 610,370 647,377 684,384 721,392 758,398 795,405 832,412 869,418 906,424 943,432 980,439 1017,447 1054,454 1091,463 1128,471 1166,480"/>
                <TextEquiv>
                    <Unicode>atenen ende</Unicode>
                </TextEquiv>
            </TextLine>
            <TextLine id="r2l2" custom="readingOrder {index:1;}">
                <Coords points="396,414 600,432 682,475 711,455 936,492 970,526 1103,531 1149,571 1161,500 1100,469 938,464 899,430 621,378 576,398 555,378 401,387"/>
                <Baseline points="404,405 441,410 478,414 515,419 553,424 590,430 627,435 664,440 702,448 739,453 776,460 813,467 851,473 888,481 925,489 962,496 1000,504 1037,512 1074,520 1111,528 1149,537"/>
                <TextEquiv>
                    <Unicode>molter Schmidt sich vmb sobil andorß bedacht</Unicode>
                </TextEquiv>
            </TextLine>
            <TextLine id="r2l3" custom="readingOrder {index:2;}">
                <Coords points="396,500 432,526 496,506 537,531 605,506 679,553 765,524 898,546 952,604 1017,570 1155,615 1159,584 1077,527 994,543 914,496 819,480 779,498 732,461 681,475 527,423 447,466 407,433"/>
                <Baseline points="405,482 442,485 479,488 516,491 554,495 591,498 628,503 666,507 703,513 740,518 778,523 815,530 852,535 889,542 927,549 964,557 1001,565 1039,574 1076,583 1113,593 1151,603"/>
                <TextEquiv>
                    <Unicode>d er sich grad Vnfobbomoltem tag gegon Honenn</Unicode>
                </TextEquiv>
            </TextLine>
            <TextLine id="r2l4" custom="readingOrder {index:3;}">
                <Coords points="388,570 587,578 640,613 707,591 782,634 829,607 960,626 1163,688 1168,652 1080,586 1028,597 999,570 953,603 848,538 679,552 628,520 539,533 498,507 438,541 396,512"/>
                <Baseline points="396,552 434,557 472,561 510,566 548,569 587,573 625,577 663,581 701,585 739,590 778,594 816,600 854,605 892,611 930,618 969,624 1007,631 1045,639 1083,647 1121,657 1160,666"/>
                <TextEquiv>
                    <Unicode>Großweybel duallber Jacben din der Mannen</Unicode>
                </TextEquiv>
            </TextLine>
            <TextLine id="r2l5" custom="readingOrder {index:4;}">
                <Coords points="368,650 388,659 421,647 453,672 496,645 650,673 679,664 685,602 646,617 604,588 572,604 545,581 499,607 472,580 442,588 422,566 376,576"/>
                <Baseline points="377,627 404,630 431,632 458,635 485,639 512,641 539,643 566,646 593,648 620,652 647,654 674,657"/>
                <TextEquiv>
                    <Unicode>kohli erlucendt</Unicode>
                </TextEquiv>
            </TextLine>
            <TextLine id="r2l6" custom="readingOrder {index:5;}">
                <Coords points="355,731 554,733 736,765 790,800 854,781 997,800 1129,859 1177,846 1183,805 1143,774 1085,777 1044,719 916,737 759,666 661,702 627,667 561,707 507,661 367,650"/>
                <Baseline points="363,716 403,720 443,723 484,726 524,732 565,736 605,741 646,746 686,752 727,757 767,763 807,771 848,777 888,785 929,792 969,799 1010,808 1050,816 1091,824 1131,834 1172,843"/>
                <TextEquiv>
                    <Unicode>Namlichenn, dier da zugedachten Kluge glhe</Unicode>
                </TextEquiv>
            </TextLine>
            <TextLine id="r2l7" custom="readingOrder {index:6;}">
                <Coords points="368,791 533,794 567,826 602,801 910,838 964,874 1030,862 1056,894 1124,880 1127,856 1038,839 997,800 896,817 847,783 756,799 707,759 650,773 573,737 494,757 443,725 375,733"/>
                <Baseline points="375,777 412,780 449,783 486,787 523,789 561,794 598,798 635,802 672,805 709,810 747,815 784,819 821,825 858,830 895,835 933,841 970,846 1007,854 1044,860 1081,867 1119,875"/>
                <TextEquiv>
                    <Unicode>habe, er habe sich mitt eineren Immal Vergangenn</Unicode>
                </TextEquiv>
            </TextLine>
            <TextLine id="r2l8" custom="readingOrder {index:7;}">
                <Coords points="370,850 762,894 876,883 901,914 1004,906 1138,945 1143,906 1093,880 1056,893 1030,862 1006,881 939,857 858,868 821,827 727,847 609,801 561,833 486,789 375,811"/>
                <Baseline points="378,836 415,840 453,844 491,848 529,852 567,855 604,859 642,862 680,866 718,870 756,874 793,879 831,884 869,888 907,894 945,899 982,904 1020,912 1058,919 1096,926 1134,935"/>
                <TextEquiv>
                    <Unicode>er dab aber sölliches nich Innernst, sonder allein</Unicode>
                </TextEquiv>
            </TextLine>
            <TextLine id="r2l9" custom="readingOrder {index:8;}">
                <Coords points="377,918 427,940 489,910 612,963 747,939 813,974 893,953 1130,1015 1152,1013 1161,939 1102,958 1004,906 904,917 876,883 780,917 744,881 677,899 630,865 457,889 385,851"/>
                <Baseline points="384,903 422,907 460,911 498,913 536,917 575,921 613,925 651,929 689,932 727,936 766,940 804,944 842,948 880,953 918,958 957,964 995,969 1033,975 1071,981 1109,989 1148,996"/>
                <TextEquiv>
                    <Unicode>sdimpffs wyß grott, dan es sye nuh dhan, dier sich</Unicode>
                </TextEquiv>
            </TextLine>
            <TextLine id="r2l10" custom="readingOrder {index:9;}">
                <Coords points="358,991 455,978 492,1016 558,989 677,1039 760,1011 944,1042 983,1033 988,978 955,964 900,991 849,959 770,982 730,946 664,978 486,910 423,952 388,923 363,933"/>
                <Baseline points="366,968 396,971 427,973 457,975 488,978 519,981 549,984 580,987 610,989 641,993 672,995 702,998 733,1001 763,1004 794,1007 825,1010 855,1013 886,1017 916,1020 947,1024 978,1028"/>
                <TextEquiv>
                    <Unicode>Jomalen söllicher massenn vergeßen.</Unicode>
                </TextEquiv>
            </TextLine>
            <TextLine id="r2l11" custom="readingOrder {index:10;}">
                <Coords points="333,1104 474,1077 557,1108 996,1126 1073,1155 1130,1144 1134,1101 1081,1060 1044,1075 940,1042 850,1066 773,1040 660,1053 599,1000 510,1009 435,1053 344,982"/>
                <Baseline points="342,1068 381,1071 420,1073 459,1076 498,1079 537,1083 576,1085 616,1089 655,1092 694,1096 733,1099 772,1103 811,1107 850,1111 890,1114 929,1119 968,1123 1007,1127 1046,1132 1085,1136 1125,1140"/>
                <TextEquiv>
                    <Unicode>Dannethin sy es auch whar, das vor etwas zuts</Unicode>
                </TextEquiv>
            </TextLine>
            <TextLine id="r2l12" custom="readingOrder {index:11;} person {offset:3; length:7;}">
                <Coords points="368,1143 500,1176 551,1152 664,1180 705,1159 738,1195 793,1174 1049,1190 1149,1226 1159,1169 1119,1142 1061,1173 1018,1135 882,1141 859,1116 730,1104 680,1133 628,1100 541,1120 469,1078 371,1109"/>
                <Baseline points="375,1137 413,1139 452,1140 491,1142 529,1144 568,1146 607,1150 645,1152 684,1155 723,1159 762,1162 800,1165 839,1169 878,1175 916,1178 955,1183 994,1187 1032,1192 1071,1197 1110,1201 1149,1206"/>
                <TextEquiv>
                    <Unicode>er Vlinger Ihno gfragt, Wan er die heinrn dem</Unicode>
                </TextEquiv>
            </TextLine>
            <TextLine id="r2l13" custom="readingOrder {index:12;}">
                <Coords points="359,1213 479,1205 522,1239 558,1211 611,1237 649,1212 780,1239 819,1278 891,1243 1114,1273 1118,1226 1049,1191 968,1211 895,1176 738,1196 634,1164 585,1194 531,1160 479,1183 440,1150 362,1173"/>
                <Baseline points="365,1200 402,1201 439,1203 476,1205 514,1207 551,1210 588,1213 625,1217 663,1219 700,1223 737,1226 774,1230 812,1233 849,1237 886,1241 923,1243 961,1246 998,1250 1035,1251 1072,1253 1110,1256"/>
                <TextEquiv>
                    <Unicode>er wie obgemelt die ete vorsprochen, wolle zu</Unicode>
                </TextEquiv>
            </TextLine>
            <TextLine id="r2l14" custom="readingOrder {index:13;}">
                <Coords points="347,1285 522,1274 604,1306 1149,1330 1151,1293 1095,1265 909,1286 865,1247 818,1278 713,1227 604,1264 554,1219 496,1244 433,1211 351,1221"/>
                <Baseline points="354,1268 393,1270 432,1272 472,1275 511,1277 551,1280 590,1282 630,1286 669,1287 709,1291 748,1292 787,1296 827,1299 866,1302 906,1304 945,1307 985,1309 1024,1313 1064,1314 1103,1316 1143,1319"/>
                <TextEquiv>
                    <Unicode>kilchenn furen, Vndt als er Ihm geantwortett</Unicode>
                </TextEquiv>
            </TextLine>
            <TextLine id="r2l15" custom="readingOrder {index:14;}">
                <Coords points="354,1348 636,1354 727,1404 819,1367 1036,1378 1078,1404 1118,1394 1122,1328 953,1315 910,1346 860,1316 796,1328 728,1299 692,1324 630,1293 582,1324 523,1275 441,1321 356,1324"/>
                <Baseline points="360,1340 397,1340 435,1341 472,1343 510,1345 548,1347 585,1349 623,1352 661,1354 698,1356 736,1359 774,1361 811,1363 849,1367 887,1369 924,1371 962,1374 1000,1376 1037,1378 1075,1380 1113,1383"/>
                <TextEquiv>
                    <Unicode>wan erkönne, vnd glegenheit haben werde, do</Unicode>
                </TextEquiv>
            </TextLine>
            <TextLine id="r2l16" custom="readingOrder {index:15;} person {offset:5; length:8;}">
                <Coords points="341,1435 432,1416 539,1462 625,1428 728,1472 818,1440 884,1470 957,1442 1144,1474 1147,1417 976,1372 897,1423 787,1368 723,1411 633,1355 550,1392 477,1342 344,1354"/>
                <Baseline points="348,1415 387,1417 427,1418 466,1419 506,1421 546,1423 585,1424 625,1426 664,1427 704,1430 744,1431 783,1433 823,1435 862,1436 902,1438 942,1440 981,1441 1021,1443 1060,1445 1100,1446 1140,1448"/>
                <TextEquiv>
                    <Unicode>habe Vllinger zu ihmgsprochen und syn gleiche</Unicode>
                </TextEquiv>
            </TextLine>
            <TextLine id="r2l17" custom="readingOrder {index:16;}">
                <Coords points="342,1499 801,1499 943,1529 998,1514 1041,1552 1148,1516 1149,1472 1069,1484 950,1450 891,1486 848,1442 727,1473 634,1437 569,1477 516,1451 445,1465 393,1421 343,1435"/>
                <Baseline points="348,1493 387,1493 427,1494 467,1494 507,1496 546,1496 586,1497 626,1497 666,1499 705,1500 745,1500 785,1502 825,1503 864,1505 904,1506 944,1506 984,1508 1023,1508 1063,1509 1103,1511 1143,1511"/>
                <TextEquiv>
                    <Unicode>Was er einem thun wurde den er by Iren funde</Unicode>
                </TextEquiv>
            </TextLine>
            <TextLine id="r2l18" custom="readingOrder {index:17;}">
                <Coords points="329,1592 365,1580 394,1606 491,1568 519,1590 655,1580 691,1612 832,1572 971,1610 1124,1590 1125,1515 1045,1557 881,1512 816,1551 742,1506 684,1529 636,1503 591,1541 536,1503 496,1530 331,1491"/>
                <Baseline points="336,1571 375,1569 414,1568 453,1568 492,1568 531,1568 570,1568 609,1568 648,1569 687,1570 727,1571 766,1572 805,1574 844,1575 883,1575 922,1577 961,1578 1000,1578 1039,1578 1078,1578 1118,1578"/>
                <TextEquiv>
                    <Unicode>dauff er Ihme zu Sscheid erfolgen laßen, Es</Unicode>
                </TextEquiv>
            </TextLine>
            <TextLine id="r2l19" custom="readingOrder {index:18;} place {offset:28; length:7;}">
                <Coords points="333,1680 437,1641 531,1672 587,1653 644,1677 681,1652 729,1685 880,1651 912,1675 968,1653 1131,1677 1147,1598 1090,1620 1042,1592 988,1628 953,1597 906,1624 830,1571 700,1617 662,1588 535,1611 482,1578 334,1615"/>
                <Baseline points="339,1641 379,1641 419,1640 459,1640 499,1640 539,1641 579,1641 619,1641 659,1643 699,1643 739,1644 779,1644 819,1646 859,1646 899,1647 939,1647 979,1649 1019,1649 1059,1650 1099,1650 1140,1650"/>
                <TextEquiv>
                    <Unicode>golte ihm glych, er möge zu Fraghan oder nit</Unicode>
                </TextEquiv>
            </TextLine>
            <TextLine id="r2l20" custom="readingOrder {index:19;}">
                <Coords points="336,1735 469,1717 590,1746 704,1721 782,1749 895,1726 1123,1744 1135,1693 1006,1654 961,1680 829,1661 756,1697 684,1655 620,1690 543,1665 477,1694 385,1642 336,1677"/>
                <Baseline points="342,1719 381,1719 420,1718 459,1718 499,1718 538,1718 577,1718 617,1718 656,1718 695,1718 735,1719 774,1719 813,1721 852,1721 892,1721 931,1722 970,1722 1010,1722 1049,1724 1088,1724 1128,1724"/>
                <TextEquiv>
                    <Unicode>Wan ers thuye, Vnd er also Vrfach vberkommen,</Unicode>
                </TextEquiv>
            </TextLine>
            <TextLine id="r2l21" custom="readingOrder {index:20;}">
                <Coords points="329,1823 413,1793 564,1814 678,1790 735,1828 787,1791 846,1824 964,1795 1145,1811 1145,1743 1071,1731 1002,1764 952,1731 861,1757 703,1725 578,1766 445,1718 329,1740"/>
                <Baseline points="335,1793 375,1790 415,1788 455,1787 495,1787 536,1786 576,1785 616,1785 656,1785 696,1787 737,1787 777,1787 817,1788 857,1788 897,1788 938,1788 978,1788 1018,1788 1058,1788 1098,1788 1139,1787"/>
                <TextEquiv>
                    <Unicode>sich von Iren scheiden hlaßenn, so seye es Ihm lich</Unicode>
                </TextEquiv>
            </TextLine>
            <TextLine id="r2l22" custom="readingOrder {index:21;} person {offset:17; length:8;}">
                <Coords points="302,1899 350,1869 403,1885 542,1856 744,1880 1004,1863 1028,1884 1127,1834 973,1795 772,1840 688,1795 621,1826 497,1798 419,1841 332,1793 301,1807"/>
                <Baseline points="308,1868 348,1867 389,1866 429,1865 470,1865 511,1865 551,1863 592,1863 633,1863 673,1862 714,1862 755,1862 795,1860 836,1860 877,1859 917,1858 958,1857 999,1856 1039,1854 1080,1853 1121,1851"/>
                <TextEquiv>
                    <Unicode>Das er aber Ihme Vltinger etwas Vorheisenn</Unicode>
                </TextEquiv>
            </TextLine>
            <TextLine id="r2l23" custom="readingOrder {index:22;}">
                <Coords points="558,1908 566,1907 573,1910 591,1901 603,1900 603,1862 592,1862 581,1872 577,1870 574,1872 573,1870 571,1873 566,1873 564,1870 558,1870"/>
                <Baseline points="564,1896 597,1896"/>
                <TextEquiv>
                    <Unicode>si</Unicode>
                </TextEquiv>
            </TextLine>
            <TextLine id="r2l24" custom="readingOrder {index:23;}">
                <Coords points="330,1969 382,1943 406,1953 460,1936 485,1950 612,1937 690,1951 713,1933 759,1945 765,1871 710,1867 610,1910 569,1910 526,1873 504,1889 470,1871 327,1896"/>
                <Baseline points="335,1946 360,1942 385,1938 410,1937 435,1935 460,1932 485,1931 510,1930 535,1929 560,1929 585,1928 610,1928 635,1928 660,1928 685,1928 710,1928 735,1927 761,1926"/>
                <TextEquiv>
                    <Unicode>sye durh Ihierdichtet.</Unicode>
                </TextEquiv>
            </TextLine>
            <TextLine id="r2l25" custom="readingOrder {index:24;}">
                <Coords points="331,2093 644,2068 698,2101 738,2069 821,2065 947,2097 977,2066 1040,2083 1068,2061 1113,2095 1140,2083 1139,2027 1087,2038 1029,1991 969,2011 929,1988 714,2022 641,1976 606,2010 556,1979 455,1982 394,2036 330,2046"/>
                <Baseline points="336,2078 375,2074 415,2072 455,2070 495,2069 535,2068 575,2067 614,2067 654,2067 694,2067 734,2067 774,2067 814,2067 854,2067 893,2066 933,2066 973,2064 1013,2063 1053,2060 1093,2056 1133,2052"/>
                <TextEquiv>
                    <Unicode>Was dan das belangett dier ihn solle ange</Unicode>
                </TextEquiv>
            </TextLine>
            <TextLine id="r2l26" custom="readingOrder {index:25;}">
                <Coords points="327,2177 555,2125 686,2145 1017,2128 1042,2149 1118,2116 1117,2084 1070,2066 1010,2068 973,2107 820,2064 736,2070 698,2101 662,2070 591,2073 544,2110 378,2071 325,2101"/>
                <Baseline points="332,2150 371,2145 410,2140 449,2137 488,2133 527,2132 566,2130 605,2129 644,2127 683,2127 722,2126 761,2126 800,2126 839,2126 878,2124 917,2123 956,2121 995,2120 1034,2118 1073,2113 1112,2109"/>
                <TextEquiv>
                    <Unicode>stfftett han den wyttenn zonomen, Jahabe</Unicode>
                </TextEquiv>
            </TextLine>
            <TextLine id="r2l27" custom="readingOrder {index:26;}">
                <Coords points="317,2214 1069,2197 1142,2177 1140,2118 917,2156 855,2130 652,2150 584,2130 537,2163 495,2136 316,2189"/>
                <Baseline points="323,2207 363,2204 404,2201 444,2199 485,2198 526,2196 566,2195 607,2193 648,2192 688,2192 729,2190 770,2189 810,2188 851,2187 892,2185 932,2184 973,2183 1014,2180 1054,2179 1095,2176 1136,2172"/>
                <TextEquiv>
                    <Unicode>es Vmb die sach ein solche bschaffen Zeitt san¬</Unicode>
                </TextEquiv>
            </TextLine>
            <TextLine id="r2l28" custom="readingOrder {index:27;} person {offset:22; length:15;}">
                <Coords points="330,2278 502,2267 567,2299 656,2262 1132,2248 1130,2211 1003,2188 946,2216 849,2191 729,2195 661,2227 631,2202 526,2231 484,2197 423,2230 328,2217"/>
                <Baseline points="335,2271 374,2269 414,2267 453,2265 493,2265 532,2264 572,2262 611,2261 651,2259 690,2259 730,2258 769,2257 809,2256 848,2255 888,2253 927,2252 967,2250 1006,2248 1046,2246 1085,2244 1125,2241"/>
                <TextEquiv>
                    <Unicode>idrum das obgedachter Student Barbege</Unicode>
                </TextEquiv>
            </TextLine>
            <TextLine id="r2l29" custom="readingOrder {index:28;}">
                <Coords points="327,2350 388,2371 470,2329 583,2373 695,2326 789,2361 915,2316 970,2358 1131,2306 1129,2273 993,2251 845,2296 792,2263 725,2294 678,2265 575,2307 502,2267 412,2307 326,2303"/>
                <Baseline points="332,2336 371,2336 411,2334 450,2334 490,2333 530,2333 569,2331 609,2331 649,2330 688,2330 728,2328 768,2327 807,2325 847,2324 887,2322 926,2319 966,2318 1006,2315 1045,2312 1085,2308 1125,2304"/>
                <TextEquiv>
                    <Unicode>nampt zum ersten also gewtt Er wellern</Unicode>
                </TextEquiv>
            </TextLine>
            <TextLine id="r2l30" custom="readingOrder {index:29;}">
                <Coords points="315,2432 544,2401 628,2433 664,2402 814,2392 937,2421 1000,2387 1118,2388 1117,2354 1061,2328 778,2373 696,2326 573,2384 476,2332 385,2376 312,2352"/>
                <Baseline points="320,2415 359,2412 399,2409 438,2406 478,2404 518,2403 557,2402 597,2400 636,2399 676,2397 716,2396 755,2394 795,2394 834,2393 874,2391 914,2390 953,2388 993,2386 1032,2384 1072,2380 1112,2378"/>
                <TextEquiv>
                    <Unicode>wortreden, man sölle aber nith hoffen, das er</Unicode>
                </TextEquiv>
            </TextLine>
            <TextLine id="r2l31" custom="readingOrder {index:30;}">
                <Coords points="317,2492 445,2478 479,2508 547,2471 603,2504 713,2464 1132,2456 1129,2395 1055,2430 1004,2400 942,2426 821,2391 777,2420 657,2408 631,2436 566,2408 483,2454 407,2412 316,2451"/>
                <Baseline points="323,2486 363,2482 403,2478 443,2475 483,2472 523,2470 563,2468 603,2466 643,2465 683,2463 724,2462 764,2462 804,2460 844,2459 884,2457 924,2454 964,2453 1004,2451 1044,2447 1084,2444 1125,2439"/>
                <TextEquiv>
                    <Unicode>es inneras reden wolle, Wan einer dem eydt</Unicode>
                </TextEquiv>
            </TextLine>
            <TextLine id="r2l32" custom="readingOrder {index:31;}">
                <Coords points="313,2562 686,2539 763,2577 846,2526 1022,2541 1120,2520 1118,2477 1078,2462 1022,2490 954,2461 906,2486 860,2458 758,2503 675,2478 602,2504 550,2473 466,2527 393,2497 310,2514"/>
                <Baseline points="318,2555 357,2551 397,2548 437,2546 477,2543 516,2541 556,2539 596,2537 636,2535 675,2533 715,2531 755,2529 795,2526 834,2525 874,2523 914,2521 954,2518 993,2514 1033,2512 1073,2509 1113,2505"/>
                <TextEquiv>
                    <Unicode>nit erwartete, wie der groß Eiben thaler gethan,</Unicode>
                </TextEquiv>
            </TextLine>
            <TextLine id="r2l33" custom="readingOrder {index:32;} person {offset:35; length:6;}">
                <Coords points="312,2637 765,2594 890,2633 991,2589 1115,2588 1112,2539 1074,2526 1007,2547 960,2529 914,2573 846,2526 763,2577 684,2552 602,2577 493,2566 460,2595 422,2563 308,2563"/>
                <Baseline points="317,2627 356,2621 396,2617 435,2613 475,2609 515,2606 554,2603 594,2601 633,2598 673,2597 713,2595 752,2594 792,2592 831,2591 871,2589 911,2587 950,2585 990,2582 1029,2580 1069,2576 1109,2571"/>
                <TextEquiv>
                    <Unicode>Was wird einem bschechenn. auff er Schmin</Unicode>
                </TextEquiv>
            </TextLine>
            <TextLine id="r2l34" custom="readingOrder {index:33;}">
                <Coords points="301,2696 373,2722 450,2684 496,2724 557,2678 924,2658 995,2694 1061,2647 1104,2656 1101,2601 1040,2584 928,2638 804,2600 673,2601 591,2611 540,2657 469,2622 359,2622 298,2660"/>
                <Baseline points="306,2696 345,2690 385,2687 424,2683 464,2679 503,2678 543,2674 582,2672 622,2670 661,2668 701,2666 741,2664 780,2663 820,2660 859,2657 899,2654 938,2652 978,2649 1017,2645 1057,2641 1097,2636"/>
                <TextEquiv>
                    <Unicode>glychfhals gerott, Ich wil olich ein wort sagenn,</Unicode>
                </TextEquiv>
            </TextLine>
            <TextLine id="r2l35" custom="readingOrder {index:34;}">
                <Coords points="309,2761 381,2779 449,2744 648,2731 811,2760 908,2716 1111,2714 1090,2651 1043,2687 722,2670 495,2721 434,2685 307,2727"/>
                <Baseline points="314,2753 353,2749 393,2746 432,2742 472,2739 511,2736 551,2735 590,2732 630,2730 669,2727 709,2726 748,2724 788,2721 827,2718 867,2717 906,2714 946,2711 985,2708 1025,2706 1064,2702 1104,2699"/>
                <TextEquiv>
                    <Unicode>man sol aber ouch mitt druff hoffen, Ich wils</Unicode>
                </TextEquiv>
            </TextLine>
            <TextLine id="r2l36" custom="readingOrder {index:35;} person {offset:38; length:6; continued:true;}">
                <Coords points="301,2835 415,2847 474,2816 519,2843 609,2797 657,2827 888,2789 972,2808 1117,2780 1135,2728 1084,2709 927,2753 876,2725 814,2767 630,2740 526,2782 419,2753 372,2797 299,2801"/>
                <Baseline points="306,2823 347,2817 388,2813 429,2808 471,2805 512,2802 553,2800 594,2798 636,2796 677,2794 718,2792 759,2790 801,2789 842,2787 883,2784 924,2782 966,2779 1007,2775 1048,2772 1089,2766 1131,2760"/>
                <TextEquiv>
                    <Unicode>mir In schupfts wyß sagen, Diewyl deß Altin¬</Unicode>
                </TextEquiv>
            </TextLine>
            <TextLine id="r2l37" custom="readingOrder {index:36;} person {offset:0; length:4; continued:true;}">
                <Coords points="304,2915 373,2878 437,2905 527,2877 585,2916 660,2869 750,2903 835,2857 941,2877 969,2851 1069,2857 1100,2838 1097,2784 950,2830 890,2788 798,2822 657,2829 600,2799 520,2842 301,2854"/>
                <Baseline points="308,2889 347,2885 386,2882 425,2879 465,2875 504,2872 543,2869 583,2866 622,2864 661,2861 701,2859 740,2857 779,2855 818,2853 858,2852 897,2850 936,2849 976,2847 1015,2847 1054,2846 1094,2844"/>
                <TextEquiv>
                    <Unicode>gers meysters Versprochen fur thne, so wytt</Unicode>
                </TextEquiv>
            </TextLine>
            <TextLine id="r2l38" custom="readingOrder {index:37;}">
                <Coords points="304,2987 451,2991 579,2934 749,2952 1132,2917 1125,2827 1035,2881 830,2857 746,2904 694,2869 585,2916 497,2879 373,2916 298,2889"/>
                <Baseline points="309,2964 349,2959 390,2954 431,2948 472,2943 513,2939 553,2936 594,2933 635,2930 676,2927 717,2925 757,2922 798,2921 839,2918 880,2916 921,2914 961,2913 1002,2910 1043,2908 1084,2906 1125,2903"/>
                <TextEquiv>
                    <Unicode>syn Ghon glangenmag, den rosen zubezalen, War</Unicode>
                </TextEquiv>
            </TextLine>
            <TextEquiv>
                <Unicode>atenen ende
molter Schmidt sich vmb sobil andorß bedacht
d er sich grad Vnfobbomoltem tag gegon Honenn
Großweybel duallber Jacben din der Mannen
kohli erlucendt
Namlichenn, dier da zugedachten Kluge glhe
habe, er habe sich mitt eineren Immal Vergangenn
er dab aber sölliches nich Innernst, sonder allein
sdimpffs wyß grott, dan es sye nuh dhan, dier sich
Jomalen söllicher massenn vergeßen.
Dannethin sy es auch whar, das vor etwas zuts
er Vlinger Ihno gfragt, Wan er die heinrn dem
er wie obgemelt die ete vorsprochen, wolle zu
kilchenn furen, Vndt als er Ihm geantwortett
wan erkönne, vnd glegenheit haben werde, do
habe Vllinger zu ihmgsprochen und syn gleiche
Was er einem thun wurde den er by Iren funde
dauff er Ihme zu Sscheid erfolgen laßen, Es
golte ihm glych, er möge zu Fraghan oder nit
Wan ers thuye, Vnd er also Vrfach vberkommen,
sich von Iren scheiden hlaßenn, so seye es Ihm lich
Das er aber Ihme Vltinger etwas Vorheisenn
si
sye durh Ihierdichtet.
Was dan das belangett dier ihn solle ange
stfftett han den wyttenn zonomen, Jahabe
es Vmb die sach ein solche bschaffen Zeitt san¬
idrum das obgedachter Student Barbege
nampt zum ersten also gewtt Er wellern
wortreden, man sölle aber nith hoffen, das er
es inneras reden wolle, Wan einer dem eydt
nit erwartete, wie der groß Eiben thaler gethan,
Was wird einem bschechenn. auff er Schmin
glychfhals gerott, Ich wil olich ein wort sagenn,
man sol aber ouch mitt druff hoffen, Ich wils
mir In schupfts wyß sagen, Diewyl deß Altin¬
gers meysters Versprochen fur thne, so wytt
syn Ghon glangenmag, den rosen zubezalen, War</Unicode>
            </TextEquiv>
        </TextRegion>
        <TextRegion orientation="0.0" type="paragraph" id="r3" custom="readingOrder {index:1;} structure {type:paragraph;}">
            <Coords points="1333,319 1337,2887 2315,2887 2311,319"/>
            <TextLine id="r3l2" custom="readingOrder {index:0;}">
                <Coords points="1378,472 1720,410 1774,434 1944,384 2273,384 2269,332 2147,306 2054,366 1989,317 1778,360 1725,328 1691,355 1621,342 1577,380 1371,397"/>
                <Baseline points="1383,464 1427,453 1471,444 1515,435 1559,429 1604,421 1648,416 1692,411 1736,407 1780,403 1825,400 1869,396 1913,393 1957,391 2001,389 2046,386 2090,384 2134,381 2178,379 2222,377 2267,374"/>
                <TextEquiv>
                    <Unicode>weiß was wund Ihm bscbachen, wan er dotz hin</Unicode>
                </TextEquiv>
            </TextLine>
            <TextLine id="r3l3" custom="readingOrder {index:1;}">
                <Coords points="1381,524 1526,530 1562,489 1668,471 1833,484 2273,430 2268,382 2027,421 1942,385 1777,438 1718,411 1523,469 1376,471"/>
                <Baseline points="1386,512 1430,502 1474,495 1518,489 1562,483 1606,477 1650,472 1694,467 1738,464 1782,460 1826,456 1870,453 1914,450 1958,447 2002,444 2046,443 2090,440 2134,437 2178,434 2222,432 2267,428"/>
                <TextEquiv>
                    <Unicode>wagen giüge, s und dem eyds uit erwartete unnd</Unicode>
                </TextEquiv>
            </TextLine>
            <TextLine id="r3l4" custom="readingOrder {index:2;}">
                <Coords points="1396,575 1465,558 1501,582 1548,556 1583,570 1617,555 1658,567 1720,533 1772,543 1807,525 1798,455 1769,460 1749,484 1694,473 1652,511 1565,492 1526,529 1501,516 1392,545"/>
                <Baseline points="1400,563 1425,559 1450,556 1475,553 1500,549 1525,545 1550,542 1575,538 1600,535 1625,532 1650,528 1675,525 1700,522 1725,520 1750,518 1775,517 1800,516"/>
                <TextEquiv>
                    <Unicode>word geke erahgelt.</Unicode>
                </TextEquiv>
            </TextLine>
            <TextLine id="r3l5" custom="readingOrder {index:3;} person {offset:25; length:4;}">
                <Coords points="1360,672 2230,583 2283,570 2272,464 2212,512 2125,497 2063,526 2003,494 1906,543 1696,554 1603,606 1433,564 1354,613"/>
                <Baseline points="1365,669 1410,659 1456,651 1501,642 1547,635 1593,630 1638,623 1684,619 1729,614 1775,610 1821,606 1866,602 1912,599 1957,596 2003,592 2049,588 2094,584 2140,580 2185,575 2231,570 2277,564"/>
                <TextEquiv>
                    <Unicode>Lotslichem belangend den Vogt, habe er zu</Unicode>
                </TextEquiv>
            </TextLine>
            <TextLine id="r3l6" custom="readingOrder {index:4;}">
                <Coords points="1385,729 1467,698 1545,728 1606,687 1840,651 2057,640 2096,664 2232,624 2306,665 2297,571 2265,568 2242,592 2087,586 2040,620 1768,610 1735,642 1566,631 1503,672 1380,676"/>
                <Baseline points="1389,710 1434,702 1479,696 1524,690 1570,684 1615,678 1660,674 1706,669 1751,665 1796,660 1842,656 1887,653 1932,649 1977,645 2023,640 2068,636 2113,633 2159,628 2204,624 2249,619 2295,614"/>
                <TextEquiv>
                    <Unicode>Ihnen gsagt, sy söllind einanderen daruß helffen</Unicode>
                </TextEquiv>
            </TextLine>
            <TextLine id="r3l7" custom="readingOrder {index:5;} person {offset:12; length:7;}">
                <Coords points="1392,778 2008,707 2153,740 2222,690 2302,687 2268,636 2166,677 1989,642 1936,671 1808,660 1742,705 1702,679 1562,730 1431,697 1388,726"/>
                <Baseline points="1397,767 1441,761 1486,754 1531,748 1576,742 1621,737 1666,732 1711,728 1756,723 1801,719 1846,715 1890,712 1935,709 1980,706 2025,702 2070,699 2115,696 2160,693 2205,690 2250,687 2295,684"/>
                <TextEquiv>
                    <Unicode>Wban nun er vlliner u dem landkonme, sölle</Unicode>
                </TextEquiv>
            </TextLine>
            <TextLine id="r3l8" custom="readingOrder {index:6;}">
                <Coords points="1389,834 2303,745 2299,698 2204,706 2164,743 2092,710 2010,709 1974,748 1889,714 1836,744 1796,721 1742,766 1603,738 1550,784 1455,759 1387,795"/>
                <Baseline points="1394,819 1439,812 1484,806 1529,802 1574,797 1619,793 1664,788 1710,785 1755,782 1800,779 1845,776 1890,773 1935,771 1980,768 2026,765 2071,764 2116,761 2161,758 2206,754 2251,751 2297,747"/>
                <TextEquiv>
                    <Unicode>erlugen, vnnd dencken, das er sich ohn erloupht</Unicode>
                </TextEquiv>
            </TextLine>
            <TextLine id="r3l9" custom="readingOrder {index:7;}">
                <Coords points="1384,894 1427,913 1495,873 1787,838 1864,886 1936,825 2030,859 2081,820 2272,812 2267,763 2055,790 2005,765 1949,811 1786,785 1659,831 1591,802 1381,869"/>
                <Baseline points="1389,885 1432,879 1476,873 1520,867 1564,862 1607,857 1651,853 1695,849 1739,845 1782,842 1826,838 1870,835 1914,831 1957,827 2001,824 2045,820 2089,816 2132,810 2176,805 2220,800 2264,792"/>
                <TextEquiv>
                    <Unicode>nuß nit wider horfen lasse, vnd so bald er v</Unicode>
                </TextEquiv>
            </TextLine>
            <TextLine id="r3l10" custom="readingOrder {index:8;}">
                <Coords points="1377,962 1503,938 1599,962 1637,922 1725,937 1791,904 1856,936 1972,889 2022,918 2067,884 2272,876 2269,841 2199,810 2080,820 2034,868 1943,824 1877,884 1784,839 1574,900 1500,873 1437,922 1373,915"/>
                <Baseline points="1382,953 1426,943 1470,935 1514,928 1558,923 1602,917 1646,913 1690,909 1734,905 1778,903 1823,900 1867,897 1911,894 1955,891 1999,889 2043,885 2087,882 2131,877 2175,873 2219,867 2264,860"/>
                <TextEquiv>
                    <Unicode>derpfargennschafft komme, sölle er sich ulß dem</Unicode>
                </TextEquiv>
            </TextLine>
            <TextLine id="r3l11" custom="readingOrder {index:9;}">
                <Coords points="1386,1022 1680,966 1728,985 2089,941 2130,969 2170,932 2294,914 2288,862 2233,895 2130,879 2048,923 1975,895 1851,936 1787,904 1693,956 1496,981 1462,953 1380,962"/>
                <Baseline points="1391,1011 1435,1004 1480,998 1525,992 1570,987 1615,982 1660,976 1704,971 1749,966 1794,963 1839,958 1884,954 1929,950 1974,946 2018,942 2063,939 2108,935 2153,931 2198,928 2243,924 2288,920"/>
                <TextEquiv>
                    <Unicode>Landtmachenn Anders habeernitt ghörtt</Unicode>
                </TextEquiv>
            </TextLine>
            <TextLine id="r3l12" custom="readingOrder {index:10;}">
                <Coords points="1389,1078 2059,1001 2156,1027 2275,967 2188,927 2126,972 1951,954 1895,992 1862,971 1767,1009 1607,978 1554,1017 1476,993 1385,1026"/>
                <Baseline points="1394,1068 1437,1062 1481,1056 1525,1050 1569,1044 1613,1040 1656,1035 1700,1030 1744,1026 1788,1021 1832,1017 1875,1014 1919,1010 1963,1007 2007,1004 2051,1001 2094,999 2138,995 2182,992 2226,990 2270,987"/>
                <TextEquiv>
                    <Unicode>und könne deßwegen auch nit anders sagenn</Unicode>
                </TextEquiv>
            </TextLine>
            <TextLine id="r3l13" custom="readingOrder {index:11;}">
                <Coords points="1389,1137 1525,1113 1606,1138 1706,1101 1766,1136 1850,1089 1953,1079 1992,1101 2022,1074 2124,1076 2117,992 2051,1002 1991,1051 1940,1015 1861,1016 1819,1052 1652,1048 1610,1085 1542,1088 1498,1057 1385,1085"/>
                <Baseline points="1394,1125 1430,1121 1466,1116 1502,1112 1538,1109 1574,1104 1610,1102 1647,1098 1683,1095 1719,1093 1755,1090 1791,1087 1827,1085 1863,1083 1900,1080 1936,1077 1972,1074 2008,1071 2044,1067 2080,1063 2117,1059"/>
                <TextEquiv>
                    <Unicode>bndwan er gychwol stärbenn sölte.</Unicode>
                </TextEquiv>
            </TextLine>
            <TextLine id="r3l14" custom="readingOrder {index:12;}">
                <Coords points="1374,1245 1555,1193 1605,1223 1847,1170 1904,1203 1979,1160 2216,1141 2253,1169 2302,1158 2295,1076 2153,1102 2114,1081 1935,1135 1806,1099 1638,1166 1560,1127 1531,1153 1449,1126 1368,1180"/>
                <Baseline points="1377,1218 1422,1212 1468,1206 1514,1201 1560,1197 1606,1193 1652,1189 1697,1185 1743,1181 1789,1177 1835,1174 1881,1170 1927,1166 1973,1163 2018,1160 2064,1156 2110,1152 2156,1148 2202,1143 2248,1138 2294,1133"/>
                <TextEquiv>
                    <Unicode>Pitett trungenlichest vmb gnadt, vnnd ledige</Unicode>
                </TextEquiv>
            </TextLine>
            <TextLine id="r3l15" custom="readingOrder {index:13;}">
                <Coords points="1392,1311 1601,1246 1729,1243 1778,1274 1831,1236 1960,1249 2144,1213 2257,1244 2299,1223 2293,1143 2229,1182 2143,1147 2093,1189 1979,1160 1916,1206 1874,1185 1779,1216 1728,1183 1698,1217 1659,1194 1603,1224 1556,1192 1510,1231 1386,1229"/>
                <Baseline points="1395,1271 1439,1265 1484,1259 1529,1255 1574,1250 1619,1246 1663,1242 1708,1239 1753,1236 1798,1232 1843,1230 1887,1227 1932,1224 1977,1222 2022,1218 2067,1216 2111,1212 2156,1211 2201,1206 2246,1203 2291,1199"/>
                <TextEquiv>
                    <Unicode>laßung, Jannter der gimmenn kolte ennblediget</Unicode>
                </TextEquiv>
            </TextLine>
            <TextLine id="r3l16" custom="readingOrder {index:14;}">
                <Coords points="1392,1333 1414,1329 1455,1366 1509,1353 1526,1367 1565,1344 1590,1344 1623,1321 1664,1330 1664,1267 1616,1260 1514,1305 1480,1291 1436,1294 1392,1311"/>
                <Baseline points="1398,1326 1424,1321 1450,1317 1476,1316 1502,1316 1528,1316 1554,1317 1580,1318 1606,1319 1632,1319 1658,1319"/>
                <TextEquiv>
                    <Unicode>eediss.</Unicode>
                </TextEquiv>
            </TextLine>
            <TextLine id="r3l17" custom="readingOrder {index:15;}">
                <Coords points="1377,1506 1436,1527 1538,1484 1866,1478 1905,1511 1941,1483 2148,1470 2257,1494 2287,1424 2203,1401 2147,1441 2113,1409 2057,1428 1951,1387 1902,1419 1748,1409 1682,1450 1562,1404 1439,1461 1375,1424"/>
                <Baseline points="1383,1499 1430,1496 1477,1494 1524,1492 1572,1490 1619,1488 1666,1487 1714,1485 1761,1484 1808,1482 1856,1482 1903,1481 1950,1481 1998,1479 2045,1479 2092,1478 2140,1478 2187,1476 2234,1476 2282,1475"/>
                <TextEquiv>
                    <Unicode>Vf 2 l Dcmb. 1617 Ist Amcb den Liemn</Unicode>
                </TextEquiv>
            </TextLine>
            <TextLine id="r3l18" custom="readingOrder {index:16;} person {offset:40; length:11; continued:true;}">
                <Coords points="1377,1578 1629,1539 1704,1580 1901,1537 2258,1529 2313,1557 2311,1493 2156,1471 1927,1520 1864,1478 1758,1516 1657,1489 1551,1532 1417,1509 1376,1531"/>
                <Baseline points="1383,1556 1429,1554 1475,1551 1521,1550 1567,1548 1613,1546 1659,1545 1706,1543 1752,1542 1798,1541 1844,1539 1890,1538 1936,1537 1982,1536 2029,1535 2075,1533 2121,1533 2167,1532 2213,1530 2259,1530 2306,1529"/>
                <TextEquiv>
                    <Unicode>furnemmen, fur sich tigen wysenn Horenn Hans Rudolg</Unicode>
                </TextEquiv>
            </TextLine>
            <TextLine id="r3l19" custom="readingOrder {index:17;} person {offset:0; length:5; continued:true;} organization {offset:10; length:6;}">
                <Coords points="1375,1623 1678,1610 1747,1646 1885,1603 1983,1633 2022,1604 2303,1594 2302,1552 2236,1579 2102,1537 1896,1542 1803,1583 1758,1550 1704,1580 1575,1553 1482,1593 1410,1563 1374,1581"/>
                <Baseline points="1380,1616 1425,1614 1471,1612 1517,1610 1563,1609 1609,1608 1655,1607 1700,1605 1746,1605 1792,1604 1838,1602 1884,1602 1930,1601 1976,1599 2021,1599 2067,1598 2113,1596 2159,1596 2205,1595 2251,1593 2297,1592"/>
                <TextEquiv>
                    <Unicode>Hornn deß Rhatts, In gegenwürtigkeit dar ouch dien</Unicode>
                </TextEquiv>
            </TextLine>
            <TextLine id="r3l20" custom="readingOrder {index:18;} person {offset:29; length:15;}">
                <Coords points="1382,1682 1522,1705 1780,1669 2007,1668 2035,1693 2247,1674 2246,1613 2221,1607 2134,1633 2061,1604 1972,1636 1900,1607 1841,1647 1762,1650 1678,1614 1571,1645 1489,1604 1435,1647 1382,1629"/>
                <Baseline points="1388,1673 1430,1673 1473,1673 1515,1673 1558,1673 1601,1671 1643,1671 1686,1670 1729,1670 1771,1668 1814,1667 1857,1667 1899,1665 1942,1665 1985,1664 2027,1664 2070,1662 2113,1662 2155,1662 2198,1662 2241,1662"/>
                <TextEquiv>
                    <Unicode>Fursichtigen Wystenn Herrenn Sauel Bischoffs der</Unicode>
                </TextEquiv>
            </TextLine>
            <TextLine id="r3l21" custom="readingOrder {index:19;} person {offset:14; length:20;}">
                <Coords points="1359,1755 2147,1729 2220,1756 2297,1739 2296,1672 2234,1699 2156,1667 2057,1710 1959,1665 1863,1691 1796,1669 1745,1701 1606,1684 1551,1716 1393,1681 1358,1704"/>
                <Baseline points="1364,1736 1410,1736 1456,1734 1503,1734 1549,1733 1595,1733 1642,1731 1688,1731 1734,1731 1781,1730 1827,1730 1873,1730 1920,1730 1966,1728 2012,1728 2059,1728 2105,1728 2151,1728 2198,1727 2244,1727 2291,1727"/>
                <TextEquiv>
                    <Unicode>Buegeren, vnd Hans Rudolff Darwors Groß</Unicode>
                </TextEquiv>
            </TextLine>
            <TextLine id="r3l22" custom="readingOrder {index:20;} person {offset:21; length:12;}">
                <Coords points="1380,1807 1557,1836 1707,1790 2118,1821 2233,1797 2312,1835 2320,1742 2239,1769 2170,1739 1854,1740 1771,1772 1682,1738 1532,1766 1490,1741 1380,1787"/>
                <Baseline points="1386,1803 1432,1800 1478,1799 1525,1796 1571,1794 1618,1794 1664,1793 1711,1792 1757,1791 1804,1791 1850,1791 1896,1791 1943,1792 1989,1793 2036,1793 2082,1794 2129,1795 2175,1796 2222,1797 2268,1798 2315,1799"/>
                <TextEquiv>
                    <Unicode>weybels, obgedachter Jacob Schmid, Vber die fachen den</Unicode>
                </TextEquiv>
            </TextLine>
            <TextLine id="r3l23" custom="readingOrder {index:21;} person {offset:21; length:13;}">
                <Coords points="1367,1885 2269,1869 2269,1817 2203,1808 2016,1843 1936,1798 1824,1824 1716,1791 1639,1835 1367,1816"/>
                <Baseline points="1373,1865 1417,1863 1462,1862 1506,1860 1551,1860 1595,1859 1640,1859 1684,1857 1729,1857 1773,1857 1818,1857 1863,1857 1907,1857 1952,1859 1996,1859 2041,1859 2085,1859 2130,1860 2174,1860 2219,1862 2264,1862"/>
                <TextEquiv>
                    <Unicode>Ihn ouch Vorgemelter Hans Vttinger angeclagt, un</Unicode>
                </TextEquiv>
            </TextLine>
            <TextLine id="r3l24" custom="readingOrder {index:22;}">
                <Coords points="1370,1965 1420,1935 1650,1935 1706,1964 1760,1930 2176,1944 2228,1935 2229,1868 2157,1918 2097,1868 2055,1893 2023,1861 1783,1903 1674,1869 1626,1895 1459,1866 1371,1894"/>
                <Baseline points="1376,1928 1418,1927 1460,1926 1502,1926 1545,1926 1587,1926 1629,1926 1672,1926 1714,1927 1756,1928 1799,1928 1841,1929 1883,1929 1925,1929 1968,1931 2010,1931 2052,1931 2095,1932 2137,1932 2179,1932 2222,1932"/>
                <TextEquiv>
                    <Unicode>einsthafften worden examiniert, vnd zu bekante</Unicode>
                </TextEquiv>
            </TextLine>
            <TextLine id="r3l25" custom="readingOrder {index:23;}">
                <Coords points="1386,2005 1879,1993 1979,2033 2038,1993 2198,2019 2227,2009 2228,1951 2177,1933 2075,1972 1989,1931 1907,1974 1794,1929 1689,1974 1636,1935 1542,1938 1497,1972 1465,1944 1386,1957"/>
                <Baseline points="1391,1995 1432,1994 1474,1993 1515,1992 1557,1991 1598,1991 1640,1989 1681,1989 1723,1989 1764,1989 1806,1990 1848,1991 1889,1991 1931,1992 1972,1994 2014,1994 2055,1997 2097,1998 2138,2000 2180,2001 2222,2004"/>
                <TextEquiv>
                    <Unicode>ter wacheit Vormant wordenn, Off welches</Unicode>
                </TextEquiv>
            </TextLine>
            <TextLine id="r3l26" custom="readingOrder {index:24;}">
                <Coords points="1363,2083 1419,2058 1433,2072 1509,2058 1591,2077 1648,2056 1712,2088 1753,2056 1827,2060 1826,2035 1768,1998 1732,2024 1647,1997 1585,2004 1550,2031 1489,2011 1453,2026 1404,2005 1362,2022"/>
                <Baseline points="1368,2057 1393,2057 1418,2055 1443,2055 1468,2055 1493,2055 1519,2054 1544,2054 1569,2054 1594,2054 1619,2052 1644,2052 1670,2052 1695,2052 1720,2052 1745,2052 1770,2052 1795,2052 1821,2052"/>
                <TextEquiv>
                    <Unicode>folgendenn bscheidt gebenn</Unicode>
                </TextEquiv>
            </TextLine>
            <TextLine id="r3l27" custom="readingOrder {index:25;}">
                <Coords points="1367,2140 1548,2125 1716,2166 1995,2140 2139,2171 2238,2143 2239,2111 2110,2104 1986,2041 1859,2093 1813,2060 1710,2106 1644,2072 1608,2098 1509,2059 1368,2106"/>
                <Baseline points="1373,2126 1418,2127 1463,2127 1508,2128 1553,2129 1599,2130 1644,2132 1689,2132 1734,2134 1779,2135 1825,2136 1870,2138 1915,2138 1960,2139 2005,2139 2051,2139 2096,2139 2141,2138 2186,2138 2232,2136"/>
                <TextEquiv>
                    <Unicode>lamlicben wie wohan sye, das als vor otwas sy</Unicode>
                </TextEquiv>
            </TextLine>
            <TextLine id="r3l28" custom="readingOrder {index:26;} person {offset:8; length:7;}">
                <Coords points="1378,2199 1505,2189 1590,2231 1752,2191 1830,2216 1966,2195 2003,2226 2061,2193 2151,2199 2151,2167 2098,2148 1950,2176 1891,2141 1852,2160 1814,2138 1754,2173 1680,2142 1618,2171 1544,2123 1426,2155 1378,2130"/>
                <Baseline points="1383,2189 1421,2189 1459,2190 1497,2190 1535,2190 1573,2190 1611,2190 1649,2190 1687,2190 1725,2190 1764,2191 1802,2192 1840,2192 1878,2192 1916,2192 1954,2193 1992,2193 2030,2193 2068,2195 2106,2195 2145,2196"/>
                <TextEquiv>
                    <Unicode>dachtor Blinger ihne gfragt, wan er sin bor</Unicode>
                </TextEquiv>
            </TextLine>
            <TextLine id="r3l29" custom="readingOrder {index:27;}">
                <Coords points="1373,2278 1564,2244 1774,2269 1908,2255 1936,2280 2003,2254 2150,2257 2150,2213 2086,2226 2045,2196 1995,2232 1859,2204 1806,2233 1753,2190 1626,2233 1461,2192 1373,2199"/>
                <Baseline points="1379,2252 1417,2250 1455,2250 1493,2250 1532,2250 1570,2250 1608,2250 1646,2250 1685,2250 1723,2250 1761,2250 1799,2250 1838,2250 1876,2250 1914,2250 1952,2250 1991,2250 2029,2250 2067,2249 2105,2249 2144,2249"/>
                <TextEquiv>
                    <Unicode>zu kilchenn furen wolte, er ihme geantworten</Unicode>
                </TextEquiv>
            </TextLine>
            <TextLine id="r3l30" custom="readingOrder {index:28;}">
                <Coords points="2154,2269 2160,2269 2183,2294 2213,2273 2218,2275 2222,2270 2238,2269 2241,2190 2224,2188 2192,2162 2171,2167 2165,2162 2158,2163"/>
                <Baseline points="2160,2249 2196,2249 2232,2252"/>
                <TextEquiv>
                    <Unicode></Unicode>
                </TextEquiv>
            </TextLine>
            <TextLine id="r3l31" custom="readingOrder {index:29;}">
                <Coords points="1367,2318 1628,2305 1685,2330 1862,2307 1932,2335 1965,2308 2057,2306 2148,2330 2174,2326 2174,2271 2033,2252 1911,2286 1813,2256 1712,2289 1565,2244 1523,2285 1446,2252 1367,2288"/>
                <Baseline points="1373,2312 1412,2309 1452,2307 1492,2306 1532,2304 1571,2303 1611,2303 1651,2303 1691,2303 1730,2303 1770,2304 1810,2304 1850,2304 1889,2304 1929,2306 1969,2306 2009,2306 2048,2306 2088,2304 2128,2304 2168,2303"/>
                <TextEquiv>
                    <Unicode>eekönne, vnnd klegenhoit habe, Er wolte er</Unicode>
                </TextEquiv>
            </TextLine>
            <TextLine id="r3l32" custom="readingOrder {index:30;}">
                <Coords points="2118,2372 2128,2374 2139,2368 2148,2372 2166,2371 2173,2376 2184,2367 2189,2370 2199,2364 2205,2369 2219,2366 2217,2339 2202,2333 2183,2336 2160,2323 2150,2327 2144,2322 2133,2333 2116,2330"/>
                <Baseline points="2123,2360 2153,2360 2183,2356 2213,2357"/>
                <TextEquiv>
                    <Unicode>di</Unicode>
                </TextEquiv>
            </TextLine>
            <TextLine id="r3l33" custom="readingOrder {index:31;}">
                <Coords points="1371,2387 1487,2371 1531,2411 1595,2365 1818,2388 1882,2364 1947,2395 1995,2365 2113,2369 2113,2312 2084,2331 2052,2305 1987,2349 1831,2343 1792,2311 1748,2337 1592,2308 1516,2349 1460,2312 1370,2320"/>
                <Baseline points="1376,2372 1412,2370 1449,2367 1485,2366 1522,2364 1559,2364 1595,2363 1632,2363 1668,2363 1705,2363 1742,2363 1778,2364 1815,2364 1851,2364 1888,2366 1925,2366 1961,2366 1998,2364 2034,2364 2071,2364 2108,2363"/>
                <TextEquiv>
                    <Unicode>zu kilchenn gfurdt, oder aber, sodas er gar Bom</Unicode>
                </TextEquiv>
            </TextLine>
            <TextLine id="r3l34" custom="readingOrder {index:32;} person {offset:12; length:8;}">
                <Coords points="1331,2451 1544,2425 1619,2468 1672,2424 1703,2454 1747,2433 1773,2453 2101,2439 2123,2434 2123,2367 2061,2398 1991,2367 1937,2403 1880,2364 1659,2404 1597,2364 1531,2410 1488,2372 1381,2400 1331,2378"/>
                <Baseline points="1337,2436 1376,2432 1415,2430 1454,2427 1493,2426 1532,2426 1571,2424 1610,2424 1649,2424 1688,2426 1727,2426 1766,2427 1805,2427 1844,2429 1883,2429 1922,2429 1961,2429 2000,2429 2039,2429 2078,2427 2117,2426"/>
                <TextEquiv>
                    <Unicode>So hab Ihne Vttinger gfragt, was er dem thu</Unicode>
                </TextEquiv>
            </TextLine>
            <TextLine id="r3l35" custom="readingOrder {index:33;}">
                <Coords points="1360,2512 1834,2485 1986,2531 2050,2483 2163,2488 2163,2433 2116,2453 2050,2428 1992,2467 1915,2436 1836,2469 1794,2435 1703,2453 1674,2425 1621,2468 1552,2437 1433,2470 1359,2442"/>
                <Baseline points="1365,2490 1404,2488 1444,2487 1483,2486 1523,2486 1563,2484 1602,2484 1642,2484 1681,2484 1721,2484 1761,2484 1800,2484 1840,2484 1879,2484 1919,2484 1959,2484 1998,2484 2038,2483 2077,2483 2117,2483 2157,2481"/>
                <TextEquiv>
                    <Unicode>den er by da funde habe ir anflangs gsagt </Unicode>
                </TextEquiv>
            </TextLine>
            <TextLine id="r3l36" custom="readingOrder {index:34;}">
                <Coords points="1370,2559 2096,2556 2095,2493 2050,2483 1990,2528 1830,2486 1705,2528 1670,2496 1546,2513 1473,2487 1370,2519"/>
                <Baseline points="1376,2549 1411,2549 1447,2548 1483,2547 1518,2547 1554,2547 1590,2546 1625,2546 1661,2546 1697,2546 1733,2546 1768,2546 1804,2546 1840,2544 1875,2544 1911,2544 1947,2544 1982,2544 2018,2543 2054,2543 2090,2541"/>
                <TextEquiv>
                    <Unicode>nidt, Bald aber habrer sich eelittnet er wolten</Unicode>
                </TextEquiv>
            </TextLine>
            <TextLine id="r3l37" custom="readingOrder {index:35;} place {offset:20; length:9;}">
                <Coords points="1368,2630 1447,2609 1478,2637 1502,2617 1548,2640 1616,2610 1694,2635 1844,2609 2014,2647 2084,2608 2114,2622 2113,2552 1995,2548 1901,2583 1809,2554 1773,2581 1744,2559 1704,2573 1669,2546 1568,2584 1504,2551 1449,2580 1367,2575"/>
                <Baseline points="1373,2613 1409,2612 1446,2610 1483,2609 1520,2609 1556,2607 1593,2607 1630,2607 1667,2606 1703,2606 1740,2606 1777,2606 1814,2606 1850,2606 1887,2606 1924,2607 1961,2607 1997,2607 2034,2607 2071,2606 2108,2606"/>
                <TextEquiv>
                    <Unicode>thun Er möge wol zu freyligen, es geltegle</Unicode>
                </TextEquiv>
            </TextLine>
            <TextLine id="r3l38" custom="readingOrder {index:36;}">
                <Coords points="1374,2691 1499,2681 1540,2706 1571,2678 1957,2663 2096,2699 2132,2690 2131,2620 2084,2607 1996,2647 1910,2623 1872,2642 1798,2609 1691,2653 1627,2620 1592,2653 1447,2610 1373,2633"/>
                <Baseline points="1379,2676 1416,2676 1453,2676 1491,2676 1528,2675 1565,2674 1603,2673 1640,2672 1677,2670 1715,2670 1752,2669 1789,2667 1827,2666 1864,2666 1901,2666 1939,2666 1976,2666 2013,2666 2051,2667 2088,2669 2126,2670"/>
                <TextEquiv>
                    <Unicode>sölle nurlugen, wie deß uberreden moge de</Unicode>
                </TextEquiv>
            </TextLine>
            <TextLine id="r3l39" custom="readingOrder {index:37;}">
                <Coords points="1365,2754 1527,2741 1583,2765 1874,2732 1934,2765 1978,2729 2094,2720 2093,2680 2003,2693 1913,2664 1858,2706 1819,2685 1782,2712 1715,2678 1604,2708 1564,2685 1516,2717 1444,2682 1363,2704"/>
                <Baseline points="1370,2742 1405,2742 1441,2742 1477,2741 1513,2741 1549,2739 1585,2738 1621,2738 1657,2736 1693,2735 1729,2733 1764,2732 1800,2730 1836,2729 1872,2728 1908,2727 1944,2726 1980,2724 2016,2723 2052,2721 2088,2721"/>
                <TextEquiv>
                    <Unicode>willens pfluge, vff ds er möge von Ira kom</Unicode>
                </TextEquiv>
            </TextLine>
            <TextLine id="r3l40" custom="readingOrder {index:38;}">
                <Coords points="1371,2815 1959,2796 2037,2821 2090,2808 2089,2730 1979,2733 1925,2781 1871,2738 1828,2769 1797,2747 1762,2779 1697,2736 1587,2783 1527,2741 1369,2753"/>
                <Baseline points="1376,2804 1411,2802 1446,2802 1482,2801 1517,2801 1553,2801 1588,2799 1623,2799 1659,2798 1694,2798 1730,2798 1765,2796 1800,2796 1836,2795 1871,2795 1907,2793 1942,2793 1977,2792 2013,2792 2048,2790 2084,2789"/>
                <TextEquiv>
                    <Unicode>wolle linder nahin kommen, vnd wan er Ehn sh</Unicode>
                </TextEquiv>
            </TextLine>
            <TextLine id="r3l41" custom="readingOrder {index:39;}">
                <Coords points="1353,2903 1421,2872 1619,2862 1804,2908 1848,2876 1997,2866 1996,2809 1944,2798 1909,2823 1868,2799 1829,2823 1788,2805 1720,2824 1649,2805 1535,2840 1469,2796 1352,2846"/>
                <Baseline points="1358,2873 1389,2870 1421,2867 1452,2865 1484,2864 1516,2863 1547,2862 1579,2861 1611,2860 1642,2859 1674,2859 1706,2859 1737,2858 1769,2858 1801,2858 1832,2858 1864,2857 1896,2856 1927,2856 1959,2856 1991,2855"/>
                <TextEquiv>
                    <Unicode>so wolle er ihm doch nit z gfaar synn</Unicode>
                </TextEquiv>
            </TextLine>
            <TextEquiv>
                <Unicode>weiß was wund Ihm bscbachen, wan er dotz hin&#13;
wagen giüge, s und dem eyds uit erwartete unnd&#13;
word geke erahgelt.&#13;
Lotslichem belangend den Vogt, habe er zu&#13;
Ihnen gsagt, sy söllind einanderen daruß helffen&#13;
Wban nun er vlliner u dem landkonme, sölle&#13;
erlugen, vnnd dencken, das er sich ohn erloupht&#13;
nuß nit wider horfen lasse, vnd so bald er v&#13;
derpfargennschafft komme, sölle er sich ulß dem&#13;
Landtmachenn Anders habeernitt ghörtt&#13;
und könne deßwegen auch nit anders sagenn&#13;
bndwan er gychwol stärbenn sölte.&#13;
Pitett trungenlichest vmb gnadt, vnnd ledige&#13;
laßung, Jannter der gimmenn kolte ennblediget&#13;
eediss.&#13;
Vf 2 l Dcmb. 1617 Ist Amcb den Liemn&#13;
furnemmen, fur sich tigen wysenn Horenn Hans Rudolg&#13;
Hornn deß Rhatts, In gegenwürtigkeit dar ouch dien&#13;
Fursichtigen Wystenn Herrenn Sauel Bischoffs der&#13;
Buegeren, vnd Hans Rudolff Darwors Groß&#13;
weybels, obgedachter Jacob Schmid, Vber die fachen den&#13;
Ihn ouch Vorgemelter Hans Vttinger angeclagt, un&#13;
einsthafften worden examiniert, vnd zu bekante&#13;
ter wacheit Vormant wordenn, Off welches&#13;
folgendenn bscheidt gebenn&#13;
lamlicben wie wohan sye, das als vor otwas sy&#13;
dachtor Blinger ihne gfragt, wan er sin bor&#13;
zu kilchenn furen wolte, er ihme geantworten&#13;
&#13;
eekönne, vnnd klegenhoit habe, Er wolte er&#13;
di&#13;
zu kilchenn gfurdt, oder aber, sodas er gar Bom&#13;
So hab Ihne Vttinger gfragt, was er dem thu&#13;
den er by da funde habe ir anflangs gsagt &#13;
nidt, Bald aber habrer sich eelittnet er wolten&#13;
thun Er möge wol zu freyligen, es geltegle&#13;
sölle nurlugen, wie deß uberreden moge de&#13;
willens pfluge, vff ds er möge von Ira kom&#13;
wolle linder nahin kommen, vnd wan er Ehn sh&#13;
so wolle er ihm doch nit z gfaar synn</Unicode>
            </TextEquiv>
        </TextRegion>
    </Page>
</PcGts>
