2448 3264
396 390 1065 506 Iehan Cavat dehan Violat
695 583 791 666 lion.
465 487 1040 602 Perre Nenet Pere Nit.
719 659 760 663 Vrmech libe die Gmeind Cos Eide
301 663 1097 796 Vrmech libe die Gmeind Cos Eide
300 756 1092 864 LandtVogti Romrmotier von Jos zwüshen dra
324 822 1057 921 und Maire Bonnard schwäbenden rechtspans
323 883 1100 962 wegenn ein susplication, vnnd fürtrag an denn
320 942 1106 1042 Renerul Rhatt bemelter Landtsorty Roman
327 1002 1125 1097 mortier stellenn, Vnd In demselben vnder anderen
338 1061 1135 1168 moldslaßen erstlichenn das ettliche dren gemeindt
335 1121 1115 1226 großen dunh den h. Landtbogt zu Romanosfic
333 1191 1076 1298 ohne Vrsach In glangenschafft glogt worden
331 1256 1130 1360 Item, das sy sich bechattschlagind, und hüttig ler
329 1323 1106 1433 duf für die vier Stott zotrown und für
328 1385 1109 1477 das drit, wan man Ihnen vn dr begaren nit
327 1450 1093 1551 willthawnn wolle wollind sy protesfiert
334 1515 1101 1634 habenn, Ir zuflicht andershwozonomenn
331 1580 1085 1694 Vnnd nin ein Guedig Howenn sollhe dr
341 1654 1121 1759 procedior, vnd sonderlich borurtenn Purtrag
334 1717 1118 1834 Vordächtig, vnd trom ehrenstand nachtheil
330 1783 1127 1895 lig befunden, habend dr Gnaden Ir allher
326 1848 1075 1977 geschickten deputierten, Namlich sehan¬
325 1915 1107 2012 larut dehan Violat Dieneslenet vnnd
302 1967 1111 2092 Diero Niltion In gfangenschafft vffzum
313 2040 1113 2172 orkent, die Vrsachten Iises zredieres von
303 2127 1108 2248 Inon zobornomen. unnd uff söllichende
321 2193 1116 2337 lin den Promen fürnemmen, fur sichtigen, vn
319 2266 1065 2401 Wysenn Horon Hans Rudolff worn, daß
313 2333 1098 2496 Ehatts, sy hauber zehrfragen Ver knet
336 2404 1113 2569 vellichen disen dr Gnad bebelch In bywesen
314 2488 1109 2611 vor frommen, furstichtigen, dysen howene
348 2548 1123 2721 wides von Amen undt Hans Rudih
343 2642 1112 2754 wewers, Großweybels, In der Mannen
335 2700 1098 2846 eioben In excution gesteltt. Also
355 2783 1110 2924 vnndt sich nin obbemolte porsonen Verse¬
336 2881 702 3022 pro hernachfolgett.
1258 304 2187 610 eten lten
1262 414 2180 645 bekragt wordenn war ihnen die susplication ge
1271 457 2227 684 steltt hatter zu bscheidtt gebenn sehan Crasseren
1256 566 2144 750 h hasperons sohn als erghörtt sagenn.
1254 589 2187 802 Rregt, wir thnen grattnn, by denn 4. Stoltenn
1257 656 2227 863 hatt befuchenn hatter geantwortett, Er wüße es
1254 714 2155 935 mit, zr dorffpfläger müßind deß ein Vrsach
1259 761 2249 997 synn. Gffragt ob die gmeind sölchen Runtrag
1258 851 2209 1055 gutcreißen, geantworttt dDa, aber er seye do
1264 917 2217 1099 mal mit gegenwürtig gsn. Gefragt ob la
1243 998 2146 1166 Darbonnar Ihnen kein gelt fungeschrechtt
1246 1058 2175 1227 hatter zu bscheid gebenn, so habe der gewundt
1249 1109 2219 1298 zudisem handel (als er benshendigett syo by
1245 1189 2197 1359 40 florynen fungsteltt. Daumb sy den Hernen
1246 1271 2198 1415 Lndtlogt ihn vem firtrag also gewint Er sige
1239 1335 2220 1492 bandlgsen sy diene niemand zu nachtheit. Wag
1237 1425 2180 1575 sy mit dem wörtlin aillgach gmont. Nieman
1254 1493 2161 1641 anders dan Iue g. E. vnnd Oberon der Statte
1217 1601 1389 1693 Bernn.
1245 1703 2165 1855 dehan Violat ein docfgefligen vat zu bschi
1241 1808 2108 1911 gebenn, Er wuße kein anderen mensch, der sölchen
1238 1867 2016 1988 trag gschicken dan bemolten Jehran Chasperon
2052 1884 2130 1951 ell
1254 1929 2016 2039 er nit hochen und thunen sruwe bezugett
2042 1940 2115 2034 bud
1236 1999 2092 2117 man Ohnffragt, ob derselbig Prasteron zum No
1243 2060 2070 2183 creitt, hatt ingeantwortett er syo etwan
1247 2131 2051 2256 naten pussiert worden, aber zue zybt, do er de
1228 2191 2074 2334 geschicken, sye er noch nit pasriers gsein. Da
1240 2260 2067 2412 betwer ly tomgsin, do er Ihn gstels E
1225 2334 2017 2483 wortett, er habe Ihngsechen In s Crofferon
1225 2404 1990 2566 san, wuze aber nit eigentlich ob er Jacho
1225 2466 1981 2626 Ihm holffenn. Golfragt warnn s
1212 2534 1988 2672 das sy dn 4 Stettonn Ghattspllegen werde
1223 2595 1937 2788 antwortett, Sie darum bschechen de hr
1225 2660 1927 2833 Vmb derhychen sachen pmarticul gsche
1226 2729 1922 2918 Nahlichnnn vtelligen habind so solte
1221 2793 1896 3002 Vaton tillen etenn. d ef
1219 2858 1911 3074 sleherfug weigb geneeng
