2448 3264
288 417 1078 571 Pllr Suerger.
489 529 1054 658 vonn wechingen
348 747 1132 911 Vff instag ven Fr. Novemb. Ds 161
331 842 1123 976 Jars Inngegendouetigkeitt der Ghroenbestom
328 909 1134 1010 Promenn, furnommenn fursichtigenn wysenn ho¬
280 961 1130 1083 Brundicht Martiy Kenhoroen, vnnd Ieß gle
335 1027 1070 1137 Hanns Rudolff Wagners, der Burgoromn
1079 1066 1133 1136 6
1026 1112 1126 1169 ols Jo
337 1094 1129 1225 Hans Rudolff Gärwors, Großweybels, sann
338 1151 1129 1264 ettliches weyblenn, mener Gnädigen Herrn
347 1223 1124 1337 vnndt Sborgen Dienowen Hatt Peter Daberger
341 1275 1132 1412 Vß dor Kilchor, Vrdingenn spündig, Hornadhfe
336 1363 1135 1461 gende grobe, vnnd schwäre moßhandlungenn I
324 1428 1125 1523 Ziklingers thuen bekeondt, verfahren, vnd mit
335 1500 1038 1603 der marter erhaltenn, vnnd brstättigett
317 1630 1129 1754 lamlichenn vnnd doß erstogen Er werde
342 1709 1135 1806 nach stkunfftiger deyenachzwolen zwey daar
880 1771 1007 1821 gschwester
330 1768 1127 1868 das er Daborger unnd synn sizwagen deß eine
326 1836 1133 1923 wordenn, vnnd vormeint es sölle seyn dabor
323 1890 1139 1980 ehewyb gen vorb Ziechenn daselbst noch eim San¬
325 1946 1133 2059 langbedionenn. Als aber sim vatter sich soll
342 2009 1132 2114 aderstitztt vnnd bomelt sonn ehewyb dahem
340 2072 1137 2174 haltenn wollenn, Syo er Jaburger Vß annbe
345 2141 1137 2247 er auhe, unnd zoremültigkeit in den sbart
337 2202 1122 2309 vorkortenn sinn gehaltenn, das er Gottes¬
358 2259 1122 2382 nemn sohen und enschafften geodtt, ds zu
344 2341 1129 2471 vonn groffennbarbenn rechtenn und hiemid
361 2394 1134 2518 beisteinlicher ordnung unnd gmeiner ebare
366 2468 1122 2597 densonderheit kindtlicher zumöigeng
376 2532 1125 2674 flichtt gegenn den Eltowen, stracks
418 2597 1122 2707 Wund entgagenn ein schwärtt ergüfen
396 2658 1129 2814 Wur Jas vuß bß lußen, vnd alemelle
386 2745 1122 2885 en Eyblichenn Vatter mit solchen worbenn
362 2803 1125 2939 genn, wan er ein biderman siye, solle er bß zu
1227 337 2208 573 Vetter habind s zu Ken dur kilchb, Verlingenn
1243 421 2147 609 auch ein faller bsprocdhenn Vnnd ein auchlen ballen
1235 486 2182 666 sampteinen, kibel mit anckenn Janß entwerdt
1229 549 2146 723 welchen anckenn sy einer frouwen zu Vtzingenn
1230 584 2159 779 Vmb ein konoen vorkoufft, Die sy darnach mit
1225 707 1648 853 e anderen Verdsahet.
1226 777 2160 970 Vemnothin habindt si Matthyß Steller zu Utzingen
1245 845 2169 1034 syne sturcor vebrochenn, bauf Ihme die wyben 4. l
1239 918 2153 1081 ein sock mit wollemn Jaauß entfrömbdott die doullen
1236 988 2133 1158 halind sy Jacob Egöuwers frouw zu Btzingenn zu
1245 1048 2136 1220 koinnen gebonn, die rickaber habe sy In Irem nacmen
1253 1124 2141 1271 Vorkaufft, vnndt vß ein zwontzig latzonn glößtt
1240 1192 2170 1340 Sömliches geltz habind sy do darnach mitt Fra, vnnd
1246 1258 2187 1423 gedahtem drom Mann Vertrunkenn. zu disem d
1254 1339 2154 1465 stal habe Ihnen bemelts Ergonwors fun, Michel ge
1252 1390 2133 1520 nunpt nit allein dolffenn sonnder sty ouch anse
1246 1458 2195 1603 fuert Vnnd sin deor bust gsuin. Derselbig Midt
1177 1549 2166 1670 ie mit sinerdey schwosteren syend guttenn theils ein Vrhan
1244 1620 2202 1741 dier alßo zugeiffen, vnd mit dieb stulenn sich vortr
1230 1686 2163 1814 dan sysyend ihm ssuths nachgluffen, und ihn dienih
1246 1762 2086 1878 zu solchen Pulen fachenn angeweithtt. E habind
1246 1871 2184 1995 Me at erlekemnt Er hab zu Echißwan
1260 1957 2158 2062 mit hilff Gbemeltenn Midel Errönwars ein geiß vn
1251 2021 2160 2130 Promkott, sy sie aber darnach dem denigen, dem se
1250 2080 1898 2181 gehörtt widerumb zugsteldt wordenn.
1284 2192 1562 2262 untliches eke
1264 2197 2019 2331 flßabeer sil zu Stellenn mit eine
1497 2273 1672 2325 elinshhibur
1227 2279 1892 2383 Babli namsett mit ßery vorgeßenn.
1257 2340 1993 2499 Vf sol hoßn daß gemeneten Pater Daber
1262 2441 1986 2568 miß handlungenn Habennd hochgenamet
1256 2494 1969 2594 Horeen Schultzeiß, Klätt vnd Burgen
1243 2533 1943 2660 Stath Bernn 1 fl dien eydt zu recht
1246 2608 1439 2691 gesprochen,
1247 2680 1927 2837 Das man Ihne dem Nechrichter bevolchenn
1243 2763 1930 2921 Vf gwonliche richtstatt furen, Ihme allda s
1253 2808 1919 2948 Vndt Ihn also mit dem schwärtt Vom laben
1257 2872 1860 3000 reyserlichem Rechtenn uchtenn solle
1252 2932 1959 3099 Miden bf henstag den 16 Novebr 167
1256 3008 1936 3148 in dme daberger solt erstattett werden hatt
1243 3051 1947 3195 sinem vatter der obte gwalthatt und schnödhalben
1253 3100 1908 3239 wider Petter Wyler ußgeschlagne tröüwortt
1247 3147 1653 3247 aber der Vbigen mußhandlun
1232 3180 1374 3250 verwegen
1151 2938 1219 3014 in fur
1152 3008 1219 3059 echst
1164 3049 1213 3102 ise
