<?xml version="1.0" encoding="UTF-8" standalone="yes"?>
<PcGts xmlns="http://schema.primaresearch.org/PAGE/gts/pagecontent/2013-07-15" xmlns:xsi="http://www.w3.org/2001/XMLSchema-instance" xsi:schemaLocation="http://schema.primaresearch.org/PAGE/gts/pagecontent/2013-07-15 http://schema.primaresearch.org/PAGE/gts/pagecontent/2013-07-15/pagecontent.xsd">
    <Metadata>
        <Creator>prov=University of Rostock/Institute of Mathematics/CITlab|PLANET AI GmbH/Gundram Leifert/gundram.leifert@planet-ai.de:name=German_Kurrent_XVI-XVIII_M1(htr_id=19584)::::v=2.6.7
prov=University of Rostock/Institute of Mathematics/CITlab|PLANET AI GmbH/Tobias Gruening/tobias.gruening@planet-ai.de:name=de.uros.citlab.module.baseline2polygon.B2PSeamMultiOriented:v=2.6.7
prov=University of Rostock/Institute of Mathematics/CITlab|PLANET AI GmbH/Tobias Gruening/tobias.gruening@planet-ai.de:name=/net_tf/LA73_249_0mod360.pb:de.uros.citlab.segmentation.CITlab_LA_ML:v=2.6.6
Transkribus</Creator>
        <Created>2020-10-05T08:39:54.035+02:00</Created>
        <LastChange>2023-06-12T20:53:01.906+02:00</LastChange>
        <Comments>Auto-rotated according to EXIF orientation = 6</Comments>
        <TranskribusMetadata docId="1334809" pageId="52358633" pageNr="20" tsid="126774149" status="IN_PROGRESS" userId="68497" imgUrl="https://files.transkribus.eu/Get?id=ATNJYAUSHOJBMTENPNGVEUKQ&amp;fileType=view" xmlUrl="https://files.transkribus.eu/Get?id=ZKCPJSMDRPTQSDFUXOPFXDOD" imageId="16062587"/>
    </Metadata>
    <Page imageFilename="turmbücher 459_00020-20200922_095130.jpg" imageWidth="2448" imageHeight="3264">
        <ReadingOrder>
            <OrderedGroup id="ro_1687513834972" caption="Regions reading order">
                <RegionRefIndexed index="0" regionRef="r1"/>
                <RegionRefIndexed index="1" regionRef="TextRegion_1684307376212_838"/>
                <RegionRefIndexed index="2" regionRef="TextRegion_1684307376212_837"/>
            </OrderedGroup>
        </ReadingOrder>
        <TextRegion orientation="0.0" type="paragraph" id="r1" custom="readingOrder {index:0;} structure {type:paragraph;}">
            <Coords points="134,479 134,2730 989,2730 989,479"/>
            <TextLine id="r1l1" custom="readingOrder {index:0;}">
                <Coords points="185,534 418,543 455,522 503,548 548,522 707,520 754,541 962,508 962,462 846,426 779,478 700,434 653,475 542,462 487,496 371,433 261,494 185,500"/>
                <Baseline points="191,516 229,516 267,518 305,518 344,518 382,518 420,518 458,518 497,518 535,518 573,518 611,518 650,517 688,516 726,515 764,514 803,512 841,511 879,509 917,507 956,504"/>
                <TextEquiv>
                    <Unicode>Wund als ey ihr anhalten worden, sul zuver</Unicode>
                </TextEquiv>
            </TextLine>
            <TextLine id="r1l2" custom="readingOrder {index:1;}">
                <Coords points="180,577 490,576 537,604 590,573 887,560 996,595 995,531 945,508 809,546 747,519 431,550 368,524 328,557 251,523 179,534"/>
                <Baseline points="185,567 225,569 265,570 305,572 345,573 386,573 426,573 466,573 506,572 546,572 587,570 627,569 667,569 707,567 747,567 788,566 828,565 868,564 908,564 948,565 989,566"/>
                <TextEquiv>
                    <Unicode>luthoren, ob er mit bößen buben kein gmeinschafft</Unicode>
                </TextEquiv>
            </TextLine>
            <TextLine id="r1l3" custom="readingOrder {index:2;}">
                <Coords points="174,677 255,632 281,650 420,627 568,659 677,626 963,622 962,590 887,560 822,595 778,565 724,593 221,576 173,601"/>
                <Baseline points="179,623 217,626 256,627 295,629 334,630 373,630 412,630 450,630 489,630 528,629 567,627 606,627 645,626 684,624 722,623 761,621 800,620 839,618 878,617 917,617 956,615"/>
                <TextEquiv>
                    <Unicode>cepb, Hatter hoch bezugtt, Jas Mein, Allein</Unicode>
                </TextEquiv>
            </TextLine>
            <TextLine id="r1l4" custom="readingOrder {index:3;}">
                <Coords points="185,697 958,694 967,622 906,653 863,620 794,651 685,627 563,662 408,631 185,671"/>
                <Baseline points="191,684 229,684 268,686 306,686 345,687 383,687 422,687 460,687 499,686 537,686 576,686 615,684 653,684 692,683 730,683 769,681 807,681 846,681 884,680 923,680 962,680"/>
                <TextEquiv>
                    <Unicode>ongefagne vor 12 oder E Wuchen habe er zu</Unicode>
                </TextEquiv>
            </TextLine>
            <TextLine id="r1l5" custom="readingOrder {index:4;} place {offset:0; length:10;}">
                <Coords points="171,756 277,742 349,767 378,741 537,770 722,746 833,775 870,747 954,746 954,699 889,716 839,684 786,705 719,681 653,719 587,690 376,717 328,690 238,716 171,700"/>
                <Baseline points="177,746 215,746 254,746 292,746 331,746 369,744 408,744 446,744 485,744 523,743 562,743 601,743 639,743 678,743 716,742 755,741 793,741 832,741 870,743 909,743 948,743"/>
                <TextEquiv>
                    <Unicode>Hoydelborg den Vhrwisnen Vlich Megertt</Unicode>
                </TextEquiv>
            </TextLine>
            <TextLine id="r1l6" custom="readingOrder {index:5;}">
                <Coords points="174,824 778,799 955,831 981,829 981,770 869,745 835,777 799,756 731,782 655,748 579,787 499,747 400,775 276,742 174,788"/>
                <Baseline points="180,806 219,806 259,807 299,807 339,806 378,806 418,806 458,805 498,804 537,804 577,803 617,803 657,803 696,803 736,803 776,803 816,803 855,804 895,806 935,807 975,810"/>
                <TextEquiv>
                    <Unicode>antrokenn, welcher, nach dem er den S. Cantz¬</Unicode>
                </TextEquiv>
            </TextLine>
            <TextLine id="r1l7" custom="readingOrder {index:6;}">
                <Coords points="173,869 402,859 436,883 510,862 546,886 712,858 801,887 881,862 975,886 975,828 848,798 717,829 692,808 612,828 464,805 312,842 264,817 231,839 174,825"/>
                <Baseline points="180,860 219,861 258,862 298,863 337,863 377,863 416,863 456,863 495,861 535,861 574,861 613,860 653,860 692,860 732,860 771,861 811,861 850,863 890,864 929,867 969,870"/>
                <TextEquiv>
                    <Unicode>ler, vnnd Rectore besucht, zu Ihme Ins Ceirte¬</Unicode>
                </TextEquiv>
            </TextLine>
            <TextLine id="r1l8" custom="readingOrder {index:7;}">
                <Coords points="168,928 254,913 506,950 553,921 598,939 677,911 728,946 821,911 914,936 933,876 884,863 811,903 712,858 558,900 460,868 422,905 293,867 167,876"/>
                <Baseline points="174,920 211,920 249,920 286,920 324,918 362,918 399,918 437,918 475,917 512,917 550,917 588,915 625,915 663,915 701,915 738,915 776,915 814,915 851,917 889,918 927,920"/>
                <TextEquiv>
                    <Unicode>huß zum Roßlin gonampt kommen allda</Unicode>
                </TextEquiv>
            </TextLine>
            <TextLine id="r1l9" custom="readingOrder {index:8;}">
                <Coords points="173,997 220,979 277,1006 399,973 953,994 962,942 782,921 735,950 630,916 553,955 412,954 309,926 254,948 218,917 172,946"/>
                <Baseline points="179,981 217,980 256,978 295,976 334,975 373,974 412,972 450,972 489,971 528,971 567,970 606,969 645,971 684,971 722,971 761,972 800,974 839,975 878,977 917,979 956,983"/>
                <TextEquiv>
                    <Unicode>sy mit einanderen ein trnnk gethan, vnnd</Unicode>
                </TextEquiv>
            </TextLine>
            <TextLine id="r1l10" custom="readingOrder {index:9;}">
                <Coords points="177,1050 578,1037 624,1069 674,1033 773,1058 864,1032 928,1078 972,1060 973,998 865,981 819,1009 775,976 707,997 675,973 607,997 499,977 392,1013 177,994"/>
                <Baseline points="183,1040 222,1038 261,1037 300,1035 339,1034 378,1032 417,1032 457,1031 496,1029 535,1028 574,1028 613,1028 652,1028 691,1029 731,1029 770,1031 809,1034 848,1037 887,1040 926,1045 966,1049"/>
                <TextEquiv>
                    <Unicode>Vnder anderem habe bemelcher Megertt fürgel¬</Unicode>
                </TextEquiv>
            </TextLine>
            <TextLine id="r1l11" custom="readingOrder {index:10;} place {offset:29; length:6;}">
                <Coords points="165,1109 206,1128 265,1093 350,1120 620,1090 710,1121 758,1095 806,1125 912,1118 913,1059 866,1041 770,1073 673,1034 625,1069 514,1074 381,1034 288,1073 249,1046 165,1071"/>
                <Baseline points="171,1097 207,1097 244,1095 281,1095 318,1094 354,1094 391,1092 428,1091 465,1091 501,1091 538,1089 575,1089 612,1090 648,1091 685,1091 722,1093 759,1094 795,1097 832,1099 869,1102 906,1107"/>
                <TextEquiv>
                    <Unicode>er siynein Edelman, einß von Ehlach soben</Unicode>
                </TextEquiv>
            </TextLine>
            <TextLine id="r1l12" custom="readingOrder {index:11;}">
                <Coords points="161,1171 208,1191 541,1154 652,1180 718,1157 804,1201 872,1169 938,1175 938,1106 831,1135 744,1095 695,1134 619,1091 406,1125 263,1094 161,1136"/>
                <Baseline points="167,1161 205,1160 243,1160 281,1159 320,1158 358,1158 396,1157 434,1157 473,1156 511,1155 549,1155 587,1155 626,1155 664,1155 702,1155 740,1157 779,1157 817,1158 855,1160 893,1162 932,1164"/>
                <TextEquiv>
                    <Unicode>er siye spoliert unnd bßzogen worden, habe</Unicode>
                </TextEquiv>
            </TextLine>
            <TextLine id="r1l13" custom="readingOrder {index:12;}">
                <Coords points="155,1254 388,1225 667,1236 701,1267 761,1227 952,1242 952,1205 868,1172 808,1207 718,1165 671,1195 622,1168 549,1163 514,1192 469,1161 408,1184 381,1167 231,1208 155,1178"/>
                <Baseline points="161,1227 200,1226 239,1226 278,1226 317,1225 357,1224 396,1224 435,1224 474,1223 513,1223 553,1223 592,1223 631,1223 670,1223 709,1224 749,1224 788,1226 827,1227 866,1229 905,1231 945,1233"/>
                <TextEquiv>
                    <Unicode>hiemit ein wunden Im Houpf gean Punher</Unicode>
                </TextEquiv>
            </TextLine>
            <TextLine id="r1l14" custom="readingOrder {index:13;} place {offset:17; length:8;}">
                <Coords points="168,1311 204,1322 267,1278 332,1314 377,1289 457,1319 691,1284 882,1321 948,1307 949,1244 812,1254 764,1227 700,1270 592,1229 429,1255 388,1224 329,1263 272,1223 169,1232"/>
                <Baseline points="174,1281 212,1283 250,1285 289,1287 327,1287 366,1289 404,1289 442,1289 481,1289 519,1289 558,1289 596,1289 634,1289 673,1289 711,1290 750,1290 788,1292 826,1293 865,1295 903,1298 942,1301"/>
                <TextEquiv>
                    <Unicode>zeigt erkomme uß Nideland vnnd habe sin</Unicode>
                </TextEquiv>
            </TextLine>
            <TextLine id="r1l15" custom="readingOrder {index:14;}">
                <Coords points="161,1381 283,1358 308,1382 360,1357 823,1382 862,1360 936,1374 937,1339 863,1311 775,1331 712,1295 646,1334 574,1300 419,1322 382,1289 326,1324 262,1281 162,1326"/>
                <Baseline points="168,1353 206,1353 244,1353 282,1353 320,1353 358,1353 396,1353 434,1353 472,1353 510,1353 549,1353 587,1355 625,1355 663,1355 701,1356 739,1356 777,1358 815,1358 853,1359 891,1359 930,1361"/>
                <TextEquiv>
                    <Unicode>gutte Paßportt by handen, Vnd nach dem i</Unicode>
                </TextEquiv>
            </TextLine>
            <TextLine id="r1l16" custom="readingOrder {index:15;}">
                <Coords points="150,1442 286,1460 341,1429 400,1468 468,1425 558,1452 760,1419 833,1459 973,1441 948,1384 834,1407 730,1368 674,1400 604,1358 570,1388 463,1364 365,1388 283,1359 210,1406 149,1401"/>
                <Baseline points="156,1424 196,1425 237,1427 277,1427 318,1427 358,1427 399,1425 439,1425 480,1424 520,1424 561,1422 601,1422 642,1422 682,1422 723,1422 763,1422 804,1422 844,1424 885,1425 925,1429 966,1431"/>
                <TextEquiv>
                    <Unicode>die Paßportt gläßen, habe er darzun gschiben</Unicode>
                </TextEquiv>
            </TextLine>
            <TextLine id="r1l17" custom="readingOrder {index:16;}">
                <Coords points="146,1516 451,1498 484,1523 842,1489 884,1514 953,1502 953,1443 737,1470 617,1429 530,1458 479,1419 405,1473 342,1429 220,1480 146,1470"/>
                <Baseline points="152,1497 191,1499 231,1500 271,1500 311,1500 350,1499 390,1499 430,1497 470,1496 509,1495 549,1493 589,1493 629,1491 668,1490 708,1490 748,1488 788,1488 827,1489 867,1490 907,1492 947,1494"/>
                <TextEquiv>
                    <Unicode>funden, das er Megertt zwey paar lang zun</Unicode>
                </TextEquiv>
            </TextLine>
            <TextLine id="r1l18" custom="readingOrder {index:17;} place {offset:0; length:10;}">
                <Coords points="146,1583 578,1558 677,1599 727,1562 959,1567 958,1506 820,1500 777,1532 699,1493 514,1528 450,1499 375,1525 282,1528 252,1500 145,1523"/>
                <Baseline points="152,1569 192,1569 232,1568 272,1567 312,1566 352,1565 392,1563 432,1562 472,1561 512,1560 552,1559 592,1557 632,1556 672,1556 712,1554 752,1554 792,1554 832,1554 872,1554 912,1554 953,1556"/>
                <TextEquiv>
                    <Unicode>Niderlandn Vnder der Adelichenn Rodts</Unicode>
                </TextEquiv>
            </TextLine>
            <TextLine id="r1l19" custom="readingOrder {index:18;}">
                <Coords points="145,1685 245,1632 424,1662 554,1642 610,1671 693,1635 816,1665 972,1631 970,1574 881,1590 831,1559 746,1613 598,1606 502,1562 449,1598 348,1572 304,1607 241,1568 143,1614"/>
                <Baseline points="150,1644 190,1644 231,1643 272,1643 313,1642 353,1641 394,1640 435,1640 476,1638 516,1637 557,1637 598,1635 639,1634 679,1632 720,1631 761,1631 802,1629 842,1628 883,1626 924,1625 965,1625"/>
                <TextEquiv>
                    <Unicode>gstin Nach fillichem seye er egeich e¬</Unicode>
                </TextEquiv>
            </TextLine>
            <TextLine id="r1l20" custom="readingOrder {index:19;}">
                <Coords points="134,1742 342,1708 485,1740 542,1702 629,1736 718,1699 941,1713 939,1643 812,1669 664,1644 565,1682 472,1636 410,1677 333,1653 133,1690"/>
                <Baseline points="140,1722 179,1718 219,1715 259,1712 299,1709 338,1707 378,1705 418,1704 458,1703 497,1701 537,1701 577,1700 617,1700 656,1700 696,1698 736,1698 776,1698 815,1698 855,1697 895,1697 935,1695"/>
                <TextEquiv>
                    <Unicode>dorumb hinweg zogenn, Vidt welcher zyt</Unicode>
                </TextEquiv>
            </TextLine>
            <TextLine id="r1l21" custom="readingOrder {index:20;}">
                <Coords points="143,1791 216,1807 361,1778 461,1809 528,1771 620,1800 657,1764 707,1786 930,1770 929,1729 882,1741 818,1697 608,1746 550,1702 506,1736 377,1749 247,1717 198,1763 143,1768"/>
                <Baseline points="149,1787 187,1783 226,1781 265,1779 303,1776 342,1775 381,1773 419,1772 458,1770 497,1769 536,1769 574,1767 613,1767 652,1766 690,1766 729,1765 768,1764 806,1763 845,1763 884,1761 923,1760"/>
                <TextEquiv>
                    <Unicode>er Ihn niencher gsechenn, habe Ihi auch</Unicode>
                </TextEquiv>
            </TextLine>
            <TextLine id="r1l22" custom="readingOrder {index:21;}">
                <Coords points="137,1893 330,1841 580,1837 660,1864 742,1819 902,1847 975,1826 973,1777 869,1767 741,1807 650,1769 619,1801 554,1812 503,1783 423,1822 373,1782 318,1806 255,1785 134,1844"/>
                <Baseline points="141,1863 182,1859 223,1855 265,1853 306,1850 347,1847 389,1844 430,1841 471,1839 513,1837 554,1835 595,1832 637,1830 678,1829 719,1826 761,1824 802,1823 843,1820 885,1818 926,1817 968,1814"/>
                <TextEquiv>
                    <Unicode>sidt dser vonn Kinnen zogen nit, dan do¬</Unicode>
                </TextEquiv>
            </TextLine>
            <TextLine id="r1l23" custom="readingOrder {index:22;}">
                <Coords points="148,1943 190,1927 265,1959 386,1915 431,1946 467,1908 523,1904 607,1942 695,1903 946,1915 946,1863 874,1874 800,1827 683,1839 639,1870 572,1838 466,1885 304,1850 193,1903 145,1892"/>
                <Baseline points="153,1926 192,1923 231,1921 271,1919 310,1917 350,1914 389,1913 428,1911 468,1910 507,1908 547,1907 586,1905 625,1904 665,1902 704,1901 744,1899 783,1897 822,1895 862,1893 901,1890 941,1887"/>
                <TextEquiv>
                    <Unicode>mal gsechenn, so for sye es, das er mit</Unicode>
                </TextEquiv>
            </TextLine>
            <TextLine id="r1l24" custom="readingOrder {index:23;}">
                <Coords points="130,2047 269,1996 412,2016 878,1967 936,2004 980,1973 977,1905 892,1924 831,1897 765,1936 695,1903 603,1944 524,1904 441,1959 390,1926 270,1972 213,1972 170,1933 126,1960"/>
                <Baseline points="134,2001 176,2000 218,1998 260,1996 302,1994 344,1992 386,1989 428,1988 470,1986 512,1985 554,1982 596,1980 638,1978 680,1976 722,1974 764,1971 806,1970 848,1968 890,1966 932,1964 974,1962"/>
                <TextEquiv>
                    <Unicode>Ihm gmeinschafft ghept, vnd stölche dalsse</Unicode>
                </TextEquiv>
            </TextLine>
            <TextLine id="r1l25" custom="readingOrder {index:24;}">
                <Coords points="150,2096 387,2068 482,2105 605,2056 759,2039 866,2076 909,2036 959,2039 957,2011 879,1967 784,2005 743,1976 683,2006 539,1997 481,2037 361,2004 326,2028 253,2006 212,2043 146,2034"/>
                <Baseline points="155,2076 194,2075 234,2073 274,2072 314,2070 354,2067 394,2066 434,2063 474,2061 514,2057 554,2055 593,2053 633,2049 673,2048 713,2045 753,2042 793,2040 833,2039 873,2036 913,2034 953,2033"/>
                <TextEquiv>
                    <Unicode>Poßporsen habe gholffen verfortigenn</Unicode>
                </TextEquiv>
            </TextLine>
            <TextLine id="r1l26" custom="readingOrder {index:25;}">
                <Coords points="139,2188 286,2160 370,2198 464,2153 536,2174 575,2143 966,2105 962,2056 926,2038 866,2077 762,2043 594,2067 499,2086 455,2127 380,2074 243,2105 200,2075 134,2122"/>
                <Baseline points="143,2160 183,2160 224,2159 265,2157 306,2155 347,2153 387,2150 428,2147 469,2145 510,2141 551,2138 591,2134 632,2131 673,2128 714,2124 755,2120 795,2116 836,2113 877,2109 918,2105 959,2102"/>
                <TextEquiv>
                    <Unicode>Prtoth Jrungenlybest vmb aned, vnd</Unicode>
                </TextEquiv>
            </TextLine>
            <TextLine id="r1l27" custom="readingOrder {index:26;}">
                <Coords points="140,2241 224,2272 319,2232 394,2266 518,2209 993,2190 966,2104 929,2133 809,2112 736,2167 685,2135 587,2184 505,2164 368,2203 295,2161 137,2199"/>
                <Baseline points="146,2235 188,2234 230,2232 272,2229 314,2226 356,2223 398,2221 440,2218 482,2215 524,2212 566,2208 608,2205 650,2203 692,2200 734,2196 776,2194 818,2192 860,2189 902,2186 944,2184 986,2183"/>
                <TextEquiv>
                    <Unicode>lediglaßung, sich erpiettende zu Kunftige</Unicode>
                </TextEquiv>
            </TextLine>
            <TextLine id="r1l28" custom="readingOrder {index:27;}">
                <Coords points="138,2346 314,2304 479,2298 557,2327 628,2278 832,2285 972,2256 968,2209 826,2193 634,2263 519,2208 316,2288 258,2246 221,2272 127,2231"/>
                <Baseline points="143,2336 184,2328 225,2322 266,2317 307,2312 348,2307 389,2303 430,2298 471,2296 512,2292 554,2289 595,2286 636,2283 677,2280 718,2276 759,2272 800,2268 841,2264 882,2259 923,2254 965,2247"/>
                <TextEquiv>
                    <Unicode>byttenn sich allwegen ehrlich Vundten</Unicode>
                </TextEquiv>
            </TextLine>
            <TextLine id="r1l29" custom="readingOrder {index:28;}">
                <Coords points="901,2360 909,2362 915,2359 918,2366 923,2365 928,2367 944,2327 937,2324 934,2320 919,2314"/>
                <Baseline points="903,2369 918,2375"/>
                <TextEquiv>
                    <Unicode>2</Unicode>
                </TextEquiv>
            </TextLine>
            <TextLine id="r1l30" custom="readingOrder {index:29;}">
                <Coords points="139,2426 214,2406 274,2422 299,2402 457,2379 571,2399 591,2376 711,2354 707,2318 569,2338 453,2297 403,2309 362,2355 303,2316 201,2354 129,2341"/>
                <Baseline points="143,2412 171,2408 199,2405 227,2401 255,2397 283,2395 311,2391 339,2388 367,2385 395,2382 423,2379 451,2376 479,2373 507,2370 535,2366 563,2364 591,2360 619,2357 647,2353 675,2349 704,2345"/>
                <TextEquiv>
                    <Unicode>zehalten, unnd trageen</Unicode>
                </TextEquiv>
            </TextLine>
            <TextLine id="r1l31" custom="readingOrder {index:30;}">
                <Coords points="669,2566 675,2566 689,2549 701,2559 706,2558 729,2567 745,2562 739,2498 721,2500 698,2486 693,2492 677,2488 662,2491"/>
                <Baseline points="675,2559 706,2550 738,2553"/>
                <TextEquiv>
                    <Unicode></Unicode>
                </TextEquiv>
            </TextLine>
            <TextLine id="r1l32" custom="readingOrder {index:31;}">
                <Coords points="152,2687 270,2635 354,2658 396,2626 527,2644 550,2620 739,2628 828,2595 862,2620 959,2579 957,2546 904,2516 786,2522 735,2566 500,2544 452,2577 399,2542 220,2568 184,2611 145,2595"/>
                <Baseline points="155,2646 194,2642 234,2638 274,2634 314,2630 354,2627 394,2624 434,2621 474,2619 514,2616 554,2614 593,2612 633,2610 673,2608 713,2604 753,2603 793,2598 833,2595 873,2590 913,2586 953,2580"/>
                <TextEquiv>
                    <Unicode>uff sambstag denn 14. decemb Sdiser fitor</Unicode>
                </TextEquiv>
            </TextLine>
            <TextLine id="r1l33" custom="readingOrder {index:32;}">
                <Coords points="145,2727 363,2722 441,2685 651,2706 969,2661 964,2596 863,2621 821,2596 762,2637 614,2617 557,2652 417,2629 369,2664 282,2637 243,2666 140,2661"/>
                <Baseline points="150,2715 190,2710 231,2705 271,2701 312,2697 353,2693 393,2691 434,2687 474,2684 515,2682 556,2679 596,2676 637,2674 677,2672 718,2668 759,2666 799,2663 840,2659 880,2655 921,2651 962,2646"/>
                <TextEquiv>
                    <Unicode>Steltz v ein gutte censir ledigglaßenn wordeni</Unicode>
                </TextEquiv>
            </TextLine>
            <TextEquiv>
                <Unicode>Wund als ey ihr anhalten worden, sul zuver&#13;
luthoren, ob er mit bößen buben kein gmeinschafft&#13;
cepb, Hatter hoch bezugtt, Jas Mein, Allein&#13;
ongefagne vor 12 oder E Wuchen habe er zu&#13;
Hoydelborg den Vhrwisnen Vlich Megertt&#13;
antrokenn, welcher, nach dem er den S. Cantz¬&#13;
ler, vnnd Rectore besucht, zu Ihme Ins Ceirte¬&#13;
huß zum Roßlin gonampt kommen allda&#13;
sy mit einanderen ein trnnk gethan, vnnd&#13;
Vnder anderem habe bemelcher Megertt fürgel¬&#13;
er siynein Edelman, einß von Ehlach soben&#13;
er siye spoliert unnd bßzogen worden, habe&#13;
hiemit ein wunden Im Houpf gean Punher&#13;
zeigt erkomme uß Nideland vnnd habe sin&#13;
gutte Paßportt by handen, Vnd nach dem i&#13;
die Paßportt gläßen, habe er darzun gschiben&#13;
funden, das er Megertt zwey paar lang zun&#13;
Niderlandn Vnder der Adelichenn Rodts&#13;
gstin Nach fillichem seye er egeich e¬&#13;
dorumb hinweg zogenn, Vidt welcher zyt&#13;
er Ihn niencher gsechenn, habe Ihi auch&#13;
sidt dser vonn Kinnen zogen nit, dan do¬&#13;
mal gsechenn, so for sye es, das er mit&#13;
Ihm gmeinschafft ghept, vnd stölche dalsse&#13;
Poßporsen habe gholffen verfortigenn&#13;
Prtoth Jrungenlybest vmb aned, vnd&#13;
lediglaßung, sich erpiettende zu Kunftige&#13;
byttenn sich allwegen ehrlich Vundten&#13;
2&#13;
zehalten, unnd trageen&#13;
&#13;
uff sambstag denn 14. decemb Sdiser fitor&#13;
Steltz v ein gutte censir ledigglaßenn wordeni</Unicode>
            </TextEquiv>
        </TextRegion>
        <TextRegion orientation="0.0" type="heading" id="TextRegion_1684307376212_838" custom="readingOrder {index:1;} structure {type:heading;}">
            <Coords points="1149,374 1975,372 1975,626 1149,628"/>
            <TextLine id="r2l5" custom="readingOrder {index:0;}">
                <Coords points="1200,528 1468,517 1529,494 1589,514 1720,492 1832,534 1886,507 1885,454 1886,381 1835,386 1739,380 1688,381 1632,379 1578,392 1543,385 1508,394 1445,394 1185,394"/>
                <Baseline points="1206,517 1345,506 1373,504 1401,504 1429,503 1457,501 1485,500 1514,498 1542,497 1570,495 1598,494 1626,493 1654,492 1682,491 1711,491 1739,491 1767,491 1795,491 1823,491 1851,492 1880,494"/>
                <TextEquiv>
                    <Unicode>ann dse</Unicode>
                </TextEquiv>
            </TextLine>
            <TextLine id="r2l7" custom="readingOrder {index:1;}">
                <Coords points="1301,594 1328,601 1418,555 1661,569 1736,553 1867,576 1949,559 1949,496 1832,533 1720,492 1694,516 1642,497 1574,520 1533,502 1456,528 1378,510 1301,532"/>
                <Baseline points="1307,552 1338,552 1370,552 1402,552 1434,552 1466,552 1497,551 1529,551 1561,551 1593,549 1625,549 1656,549 1688,549 1720,549 1752,549 1784,549 1815,551 1847,552 1879,553 1911,555 1943,557"/>
                <TextEquiv>
                    <Unicode>dß dem aderboden der landl.</Unicode>
                </TextEquiv>
            </TextLine>
            <TextLine id="r2l8" custom="readingOrder {index:2;} place {offset:0; length:16;}">
                <Coords points="1403,623 1455,609 1517,628 1556,613 1650,633 1700,611 1772,641 1772,588 1687,576 1652,594 1597,556 1559,575 1537,558 1466,570 1444,559 1403,582"/>
                <Baseline points="1409,608 1434,607 1460,606 1485,606 1511,606 1536,606 1562,606 1587,606 1613,606 1638,608 1664,608 1689,608 1715,606 1740,606 1766,606"/>
                <TextEquiv>
                    <Unicode>schaffhrutingenn</Unicode>
                </TextEquiv>
            </TextLine>
            <TextEquiv>
                <Unicode>ann dse&#13;
dß dem aderboden der landl.&#13;
schaffhrutingenn</Unicode>
            </TextEquiv>
        </TextRegion>
        <TextRegion orientation="0.0" type="paragraph" id="TextRegion_1684307376212_837" custom="readingOrder {index:2;} structure {type:paragraph;}">
            <Coords points="1149,628 2157,628 2157,2990 1149,2990"/>
            <TextLine id="r2l9" custom="readingOrder {index:0;}">
                <Coords points="1268,737 1358,712 1455,730 1488,702 1649,744 1745,702 1825,724 1936,691 2058,700 2056,622 1964,671 1896,641 1789,658 1689,618 1571,674 1476,617 1356,693 1267,693"/>
                <Baseline points="1274,713 1312,710 1351,707 1390,706 1429,704 1468,703 1507,702 1545,701 1584,701 1623,700 1662,699 1701,699 1740,698 1779,698 1817,696 1856,696 1895,695 1934,693 1973,691 2012,688 2051,686"/>
                <TextEquiv>
                    <Unicode>emnach uff samb stag den 14 decemb.</Unicode>
                </TextEquiv>
            </TextLine>
            <TextLine id="r2l10" custom="readingOrder {index:1;}">
                <Coords points="1213,792 1269,755 1346,787 1418,769 1458,804 1576,756 1616,777 1920,749 2017,781 2046,762 2044,714 1935,690 1804,734 1726,715 1653,740 1532,710 1472,734 1363,712 1210,731"/>
                <Baseline points="1218,783 1259,778 1300,774 1341,770 1382,767 1423,763 1464,761 1505,758 1546,757 1587,756 1628,755 1669,753 1710,753 1751,752 1792,752 1833,750 1874,750 1915,750 1956,749 1997,747 2039,746"/>
                <TextEquiv>
                    <Unicode>16 Duch den Prommen furnemmen, fursichtigen</Unicode>
                </TextEquiv>
            </TextLine>
            <TextLine id="r2l11" custom="readingOrder {index:2;} person {offset:16; length:16;} organization {offset:38; length:7; continued:true;}">
                <Coords points="1208,847 1393,828 1487,855 1586,822 1629,850 1660,822 1782,819 1898,860 1984,813 2087,821 2087,788 1921,753 1837,788 1770,754 1711,793 1579,755 1490,803 1417,769 1326,811 1256,774 1207,792"/>
                <Baseline points="1214,834 1257,832 1300,828 1344,826 1387,824 1430,822 1474,820 1517,819 1560,818 1604,816 1647,816 1690,815 1734,815 1777,815 1820,815 1864,813 1907,813 1950,813 1994,813 2037,813 2081,813"/>
                <TextEquiv>
                    <Unicode>Voysenn Herren, Peterfiemodemych, daß Ploinen</Unicode>
                </TextEquiv>
            </TextLine>
            <TextLine id="r2l12" custom="readingOrder {index:3;} organization {offset:0; length:6; continued:true;} person {offset:34; length:13;}">
                <Coords points="1199,914 1374,890 1430,927 1507,883 1635,905 1869,871 2114,885 2113,836 2039,818 1897,860 1699,818 1630,850 1542,831 1499,864 1387,833 1198,858"/>
                <Baseline points="1205,902 1250,897 1295,893 1340,889 1385,887 1430,884 1475,882 1521,881 1566,879 1611,878 1656,878 1701,876 1746,876 1791,876 1837,876 1882,875 1927,875 1972,875 2017,873 2062,873 2108,872"/>
                <TextEquiv>
                    <Unicode>Rhatts Inn gegenwudtigkeit Herren Jacob Buchers</Unicode>
                </TextEquiv>
            </TextLine>
            <TextLine id="r2l13" custom="readingOrder {index:4;} person {offset:22; length:20;}">
                <Coords points="1199,975 1331,991 1446,946 2124,935 2123,904 2045,916 1970,868 1874,904 1525,887 1419,929 1372,890 1198,929"/>
                <Baseline points="1205,965 1250,961 1296,956 1341,953 1387,949 1433,947 1478,944 1524,942 1569,940 1615,939 1661,938 1706,937 1752,936 1797,936 1843,935 1889,935 1934,935 1980,935 2025,933 2071,933 2117,933"/>
                <TextEquiv>
                    <Unicode>Bhattschrybers vnd H. Hans Rudolff Gärwers</Unicode>
                </TextEquiv>
            </TextLine>
            <TextLine id="r2l14" custom="readingOrder {index:5;} person {offset:15; length:12;}">
                <Coords points="1203,1037 1505,999 1804,1025 2105,988 2104,960 1993,934 1926,964 1884,938 1785,964 1561,944 1423,950 1336,990 1201,979"/>
                <Baseline points="1208,1022 1252,1017 1297,1012 1341,1009 1386,1006 1430,1004 1475,1002 1519,1001 1564,999 1608,999 1653,998 1698,998 1742,996 1787,996 1831,995 1876,994 1920,992 1965,990 2009,989 2054,985 2099,981"/>
                <TextEquiv>
                    <Unicode>das roßweybels Hans Schärtz Vß dem Adelboden</Unicode>
                </TextEquiv>
            </TextLine>
            <TextLine id="r2l15" custom="readingOrder {index:6;} place {offset:17; length:10;}">
                <Coords points="1203,1100 1431,1073 1486,1108 1600,1064 1653,1096 1726,1057 2008,1074 2082,1060 2081,1028 1955,992 1769,1037 1659,1002 1405,1016 1345,1046 1310,1017 1261,1063 1201,1038"/>
                <Baseline points="1209,1085 1252,1081 1295,1077 1339,1074 1382,1070 1425,1067 1469,1064 1512,1061 1555,1059 1599,1058 1642,1056 1685,1055 1729,1053 1772,1052 1815,1052 1859,1052 1902,1052 1945,1052 1989,1052 2032,1052 2076,1053"/>
                <TextEquiv>
                    <Unicode>der Landtschafft Fudtingenn purtig vber ge¬</Unicode>
                </TextEquiv>
            </TextLine>
            <TextLine id="r2l16" custom="readingOrder {index:7;}">
                <Coords points="1220,1167 1578,1123 1652,1156 1820,1112 2086,1135 2060,1052 1899,1088 1832,1057 1791,1091 1721,1057 1680,1098 1421,1113 1289,1076 1219,1111"/>
                <Baseline points="1226,1139 1268,1136 1311,1134 1353,1131 1396,1130 1439,1127 1481,1125 1524,1124 1567,1121 1609,1119 1652,1118 1695,1116 1737,1115 1780,1113 1823,1113 1865,1112 1908,1112 1951,1112 1993,1112 2036,1113 2079,1113"/>
                <TextEquiv>
                    <Unicode>igte sachenn examiniert, sonderlichen aber Vber</Unicode>
                </TextEquiv>
            </TextLine>
            <TextLine id="r2l17" custom="readingOrder {index:8;}">
                <Coords points="1199,1223 1251,1242 1361,1200 1676,1202 1730,1177 1780,1199 1813,1174 1867,1221 1922,1176 2112,1178 2110,1147 2043,1124 1974,1154 1883,1112 1779,1123 1743,1157 1642,1158 1579,1123 1486,1129 1451,1164 1397,1128 1270,1174 1197,1161"/>
                <Baseline points="1205,1203 1250,1202 1295,1199 1340,1197 1385,1195 1430,1193 1475,1190 1520,1188 1565,1185 1610,1183 1655,1181 1700,1178 1745,1176 1790,1175 1835,1173 1880,1172 1925,1170 1970,1170 2015,1170 2060,1170 2105,1170"/>
                <TextEquiv>
                    <Unicode>zugeschickten bichs vonn pundten zu punstenn</Unicode>
                </TextEquiv>
            </TextLine>
            <TextLine id="r2l18" custom="readingOrder {index:9;}">
                <Coords points="1193,1289 2118,1239 2115,1188 2059,1200 2016,1166 1866,1221 1809,1176 1693,1214 1654,1188 1521,1223 1422,1194 1191,1233"/>
                <Baseline points="1199,1277 1244,1273 1290,1269 1335,1266 1381,1264 1427,1261 1472,1257 1518,1255 1563,1252 1609,1250 1655,1248 1700,1245 1746,1244 1791,1242 1837,1241 1883,1238 1928,1238 1974,1236 2019,1236 2065,1236 2111,1235"/>
                <TextEquiv>
                    <Unicode>elraht wordenn, Hatter in allein sine voracht</Unicode>
                </TextEquiv>
            </TextLine>
            <TextLine id="r2l19" custom="readingOrder {index:10;}">
                <Coords points="1199,1354 1682,1307 1805,1335 1963,1310 2013,1342 2109,1298 2107,1241 2054,1277 2018,1244 1936,1265 1867,1238 1761,1290 1679,1247 1579,1287 1531,1252 1480,1296 1423,1259 1362,1307 1197,1290"/>
                <Baseline points="1205,1332 1249,1331 1294,1329 1339,1326 1384,1324 1429,1323 1474,1320 1519,1318 1564,1316 1609,1314 1654,1313 1698,1311 1743,1310 1788,1308 1833,1307 1878,1305 1923,1305 1968,1304 2013,1304 2058,1304 2103,1305"/>
                <TextEquiv>
                    <Unicode>tagenn gethane Vergutt vndbß bestältiget.</Unicode>
                </TextEquiv>
            </TextLine>
            <TextLine id="r2l20" custom="readingOrder {index:11;}">
                <Coords points="1188,1434 1293,1402 1338,1433 1421,1399 1677,1414 1729,1378 1838,1376 1872,1406 1997,1366 2132,1379 2130,1336 2054,1306 2000,1357 1767,1313 1669,1355 1575,1316 1371,1330 1320,1377 1239,1344 1185,1365"/>
                <Baseline points="1193,1412 1239,1409 1286,1406 1332,1402 1379,1399 1426,1396 1472,1394 1519,1390 1566,1387 1612,1385 1659,1383 1706,1380 1752,1379 1799,1377 1846,1376 1892,1376 1939,1376 1986,1376 2032,1376 2079,1377 2126,1379"/>
                <TextEquiv>
                    <Unicode>sonder Estouch dr der mißt handlungenn deron</Unicode>
                </TextEquiv>
            </TextLine>
            <TextLine id="r2l21" custom="readingOrder {index:12;}">
                <Coords points="1203,1485 1495,1459 1723,1499 1832,1451 1892,1483 1947,1452 2009,1476 2129,1447 2127,1381 1946,1413 1840,1376 1722,1384 1682,1421 1535,1396 1486,1441 1388,1403 1332,1435 1291,1404 1202,1449"/>
                <Baseline points="1208,1475 1253,1470 1299,1467 1345,1465 1391,1462 1436,1459 1482,1458 1528,1456 1574,1454 1619,1454 1665,1452 1711,1451 1757,1451 1802,1451 1848,1449 1894,1448 1940,1448 1985,1446 2031,1445 2077,1443 2123,1442"/>
                <TextEquiv>
                    <Unicode>er in anzegnem bikt anlagt wirt gichtig und</Unicode>
                </TextEquiv>
            </TextLine>
            <TextLine id="r2l22" custom="readingOrder {index:13;}">
                <Coords points="1205,1551 1302,1557 1390,1537 1432,1551 1472,1541 1575,1550 1573,1504 1500,1464 1471,1482 1438,1465 1374,1490 1323,1472 1274,1519 1229,1510 1204,1530"/>
                <Baseline points="1211,1547 1236,1543 1262,1540 1287,1539 1313,1537 1338,1536 1364,1535 1389,1533 1415,1533 1440,1532 1466,1532 1491,1531 1517,1530 1542,1530 1568,1529"/>
                <TextEquiv>
                    <Unicode>eanttlich wordenn.</Unicode>
                </TextEquiv>
            </TextLine>
            <TextLine id="r2l23" custom="readingOrder {index:14;}">
                <Coords points="1175,1657 1400,1633 1547,1669 1597,1632 1766,1625 1809,1664 2006,1619 2128,1647 2134,1551 2049,1597 1965,1530 1900,1568 1818,1529 1734,1579 1444,1545 1361,1589 1239,1548 1174,1569"/>
                <Baseline points="1181,1638 1228,1636 1275,1635 1323,1632 1370,1631 1418,1630 1465,1629 1512,1629 1560,1628 1607,1628 1655,1628 1702,1628 1749,1626 1797,1626 1844,1626 1892,1625 1939,1623 1986,1622 2034,1620 2081,1617 2129,1614"/>
                <TextEquiv>
                    <Unicode>Nenlichennder sih sid etlichen dagen daber mit</Unicode>
                </TextEquiv>
            </TextLine>
            <TextLine id="r2l24" custom="readingOrder {index:15;}">
                <Coords points="1200,1705 1293,1685 1359,1720 1702,1675 2153,1691 2152,1647 2045,1653 2007,1620 1969,1652 1914,1627 1828,1662 1766,1624 1697,1662 1617,1631 1546,1669 1199,1648"/>
                <Baseline points="1205,1692 1252,1691 1299,1691 1346,1689 1393,1688 1440,1687 1487,1686 1534,1685 1581,1685 1628,1683 1676,1683 1723,1682 1770,1682 1817,1680 1864,1680 1911,1680 1958,1679 2005,1679 2052,1677 2099,1677 2147,1676"/>
                <TextEquiv>
                    <Unicode>spilenn, Inbrechenn, stälenn vnd vngehorsame gegen</Unicode>
                </TextEquiv>
            </TextLine>
            <TextLine id="r2l25" custom="readingOrder {index:16;}">
                <Coords points="1163,1786 1467,1747 1608,1749 1638,1777 1797,1735 2105,1749 2058,1679 1913,1721 1821,1682 1751,1713 1703,1675 1657,1707 1502,1690 1380,1729 1294,1685 1241,1725 1162,1721"/>
                <Baseline points="1169,1757 1215,1755 1262,1754 1308,1752 1355,1751 1401,1750 1448,1749 1494,1748 1541,1746 1587,1745 1634,1745 1680,1743 1727,1742 1773,1742 1820,1740 1866,1740 1913,1739 1959,1738 2006,1737 2052,1736 2099,1736"/>
                <TextEquiv>
                    <Unicode>den Elteren hochlich vergaßenn: Dan mndt allein</Unicode>
                </TextEquiv>
            </TextLine>
            <TextLine id="r2l26" custom="readingOrder {index:17;}">
                <Coords points="1181,1840 1467,1811 1524,1842 1555,1815 1623,1841 1655,1812 2079,1816 2098,1746 1796,1736 1716,1773 1579,1749 1530,1779 1471,1747 1383,1796 1304,1770 1180,1798"/>
                <Baseline points="1187,1823 1232,1821 1277,1818 1322,1817 1368,1815 1413,1814 1458,1812 1504,1811 1549,1809 1594,1809 1640,1808 1685,1808 1730,1806 1775,1806 1821,1806 1866,1806 1911,1806 1957,1806 2002,1806 2047,1806 2093,1806"/>
                <TextEquiv>
                    <Unicode>den Elteren, anchenn, soltz, schmaltz, kuß, Mußkan</Unicode>
                </TextEquiv>
            </TextLine>
            <TextLine id="r2l27" custom="readingOrder {index:18;}">
                <Coords points="1200,1890 1794,1862 1840,1904 1882,1872 1928,1905 2014,1870 2157,1880 2156,1831 2076,1846 2009,1805 1787,1840 1654,1813 1521,1848 1452,1814 1200,1864"/>
                <Baseline points="1206,1887 1253,1883 1300,1880 1347,1878 1395,1875 1442,1872 1489,1872 1536,1870 1584,1869 1631,1868 1678,1868 1725,1867 1773,1866 1820,1866 1867,1868 1914,1868 1962,1868 2009,1868 2056,1869 2103,1869 2151,1871"/>
                <TextEquiv>
                    <Unicode>ual Hembdt Creverenter zemolden) gelt, strangenn</Unicode>
                </TextEquiv>
            </TextLine>
            <TextLine id="r2l28" custom="readingOrder {index:19;}">
                <Coords points="2105,1935 2117,1936 2123,1943 2130,1944 2143,1883 2133,1882 2129,1877 2125,1880 2116,1879"/>
                <Baseline points="2112,1928 2127,1931"/>
                <TextEquiv>
                    <Unicode></Unicode>
                </TextEquiv>
            </TextLine>
            <TextLine id="r2l29" custom="readingOrder {index:20;}">
                <Coords points="1191,1968 1514,1925 1567,1966 1622,1929 1690,1955 1744,1924 1984,1918 2022,1945 2100,1918 2099,1874 2029,1872 1985,1909 1843,1905 1794,1862 1682,1894 1552,1876 1522,1903 1331,1883 1294,1919 1190,1923"/>
                <Baseline points="1197,1944 1241,1941 1286,1940 1331,1938 1376,1937 1421,1935 1466,1934 1510,1932 1555,1931 1600,1931 1645,1929 1690,1928 1735,1928 1780,1926 1824,1926 1869,1926 1914,1926 1959,1926 2004,1926 2049,1926 2094,1926"/>
                <TextEquiv>
                    <Unicode>garnn vnd anders was Ihm zwerden mögen vor</Unicode>
                </TextEquiv>
            </TextLine>
            <TextLine id="r2l30" custom="readingOrder {index:21;}">
                <Coords points="1188,2009 1285,2033 1332,2003 1617,1992 1778,2026 1968,1991 2163,2022 2162,1923 1188,1972"/>
                <Baseline points="1194,2003 1242,2001 1290,2000 1338,1998 1386,1998 1434,1997 1482,1997 1531,1997 1579,1997 1627,1997 1675,1997 1723,1997 1771,1997 1819,1996 1868,1995 1916,1995 1964,1995 2012,1994 2060,1992 2108,1991 2157,1989"/>
                <TextEquiv>
                    <Unicode>len, vßgetragen, vnnd verkoufft, vnd das er</Unicode>
                </TextEquiv>
            </TextLine>
            <TextLine id="r2l31" custom="readingOrder {index:22;}">
                <Coords points="1182,2102 1255,2066 1335,2103 1415,2068 1457,2108 1512,2068 2000,2092 2087,2070 2087,2003 1940,2000 1860,2036 1806,2012 1763,2041 1718,2004 1612,2045 1531,2004 1354,2025 1329,2003 1182,2043"/>
                <Baseline points="1188,2070 1232,2069 1277,2067 1321,2067 1366,2066 1411,2066 1455,2066 1500,2066 1545,2066 1589,2066 1634,2066 1679,2066 1723,2067 1768,2067 1813,2067 1857,2067 1902,2067 1947,2067 1991,2066 2036,2064 2081,2063"/>
                <TextEquiv>
                    <Unicode>gelt vorstpilt, sondern er siye ouch mit hilf</Unicode>
                </TextEquiv>
            </TextLine>
            <TextLine id="r2l32" custom="readingOrder {index:23;}">
                <Coords points="1178,2171 1236,2139 1647,2127 1724,2161 1870,2137 2105,2174 2147,2155 2147,2087 2027,2073 1970,2115 1919,2076 1754,2100 1662,2067 1563,2114 1529,2085 1457,2108 1410,2070 1346,2111 1256,2066 1178,2118"/>
                <Baseline points="1184,2142 1231,2139 1279,2136 1327,2135 1375,2133 1423,2132 1471,2132 1518,2132 1566,2132 1614,2132 1662,2132 1710,2133 1758,2135 1806,2135 1853,2136 1901,2136 1949,2137 1997,2138 2045,2138 2093,2136 2141,2136"/>
                <TextEquiv>
                    <Unicode>gsollenn Vilen anderen luttenn Inbrochen, vnd </Unicode>
                </TextEquiv>
            </TextLine>
            <TextLine id="r2l33" custom="readingOrder {index:24;}">
                <Coords points="1184,2223 1247,2203 1299,2234 1444,2194 1478,2222 1589,2199 1838,2213 1896,2243 1919,2231 1920,2147 1851,2181 1647,2127 1577,2174 1511,2137 1483,2158 1366,2142 1322,2181 1260,2177 1223,2144 1185,2167"/>
                <Baseline points="1191,2202 1227,2202 1263,2201 1299,2201 1335,2201 1371,2201 1407,2201 1444,2201 1480,2201 1516,2201 1552,2201 1588,2202 1624,2202 1660,2204 1697,2204 1733,2205 1769,2206 1805,2208 1841,2210 1877,2211 1914,2213"/>
                <TextEquiv>
                    <Unicode>Ihme geliebet Ihnen vervethunwett.</Unicode>
                </TextEquiv>
            </TextLine>
            <TextLine id="r2l34" custom="readingOrder {index:25;}">
                <Coords points="1180,2348 1281,2309 1439,2338 1658,2319 1709,2347 1801,2326 1834,2355 1940,2323 2124,2330 2124,2294 1999,2237 1921,2236 1823,2298 1659,2246 1580,2289 1473,2220 1421,2257 1354,2260 1316,2221 1261,2258 1224,2225 1182,2254"/>
                <Baseline points="1187,2312 1233,2311 1280,2310 1326,2310 1373,2310 1419,2312 1466,2312 1512,2312 1559,2313 1605,2315 1652,2316 1699,2316 1745,2318 1792,2319 1838,2321 1885,2321 1931,2322 1978,2324 2024,2324 2071,2324 2118,2325"/>
                <TextEquiv>
                    <Unicode>Er sieruch vf ein vitt mit sinengfellen</Unicode>
                </TextEquiv>
            </TextLine>
            <TextLine id="r2l35" custom="readingOrder {index:26;} person {offset:9; length:13;}">
                <Coords points="1175,2386 1485,2384 1613,2414 1655,2379 1733,2409 1812,2380 1877,2423 1915,2395 2033,2397 2036,2325 1876,2329 1837,2358 1798,2325 1747,2365 1669,2364 1599,2317 1438,2339 1396,2315 1331,2351 1281,2308 1177,2350"/>
                <Baseline points="1182,2372 1224,2373 1266,2374 1308,2375 1351,2376 1393,2377 1435,2378 1477,2379 1520,2380 1562,2381 1604,2382 1646,2382 1689,2384 1731,2385 1773,2387 1815,2388 1858,2390 1900,2391 1942,2393 1984,2396 2027,2397"/>
                <TextEquiv>
                    <Unicode>Landtman Michel Louber genampt, In sin das</Unicode>
                </TextEquiv>
            </TextLine>
            <TextLine id="r2l36" custom="readingOrder {index:27;}">
                <Coords points="1181,2456 1903,2452 2088,2499 2089,2439 2030,2443 1977,2388 1831,2438 1656,2379 1598,2430 1486,2384 1336,2407 1293,2374 1243,2405 1183,2385"/>
                <Baseline points="1188,2445 1232,2445 1277,2445 1322,2445 1366,2447 1411,2447 1456,2448 1500,2448 1545,2450 1590,2450 1635,2451 1679,2453 1724,2453 1769,2454 1813,2456 1858,2457 1903,2458 1947,2459 1992,2460 2037,2462 2082,2462"/>
                <TextEquiv>
                    <Unicode>der weydt Inkrochen, Vnd hab ihm ein flle</Unicode>
                </TextEquiv>
            </TextLine>
            <TextLine id="r2l37" custom="readingOrder {index:28;}">
                <Coords points="1178,2555 1264,2520 1394,2550 1527,2514 1851,2531 1946,2581 1991,2542 2115,2540 2116,2512 1912,2457 1864,2492 1667,2457 1626,2477 1594,2445 1525,2489 1478,2448 1405,2445 1342,2495 1264,2446 1180,2473"/>
                <Baseline points="1185,2519 1231,2517 1277,2516 1323,2516 1369,2516 1416,2517 1462,2517 1508,2519 1554,2520 1600,2522 1647,2524 1693,2525 1739,2526 1785,2529 1831,2531 1878,2531 1924,2532 1970,2534 2016,2534 2062,2534 2109,2532"/>
                <TextEquiv>
                    <Unicode>Vß einem Kaßenn verstolen, welche doch d</Unicode>
                </TextEquiv>
            </TextLine>
            <TextLine id="r2l38" custom="readingOrder {index:29;}">
                <Coords points="1164,2604 1235,2585 1635,2601 1636,2557 1598,2529 1557,2537 1526,2514 1468,2524 1422,2568 1374,2566 1303,2526 1245,2561 1211,2549 1165,2567"/>
                <Baseline points="1170,2586 1195,2585 1221,2584 1246,2583 1272,2582 1297,2582 1323,2582 1348,2582 1374,2583 1399,2583 1425,2585 1450,2585 1476,2586 1501,2587 1527,2588 1552,2589 1578,2591 1603,2592 1629,2592"/>
                <TextEquiv>
                    <Unicode>ihme widerumb worden.</Unicode>
                </TextEquiv>
            </TextLine>
            <TextLine id="r2l39" custom="readingOrder {index:30;}">
                <Coords points="1166,2691 1737,2680 1810,2724 1866,2696 1980,2744 2023,2729 2028,2606 1939,2595 1881,2632 1804,2595 1711,2659 1651,2617 1598,2663 1481,2604 1169,2615"/>
                <Baseline points="1173,2672 1215,2670 1257,2670 1299,2670 1342,2670 1384,2672 1426,2673 1468,2675 1511,2675 1553,2678 1595,2679 1637,2681 1680,2683 1722,2685 1764,2688 1806,2690 1849,2693 1891,2695 1933,2697 1975,2699 2018,2700"/>
                <TextEquiv>
                    <Unicode>Mlin vat den derige deinen hoffen d</Unicode>
                </TextEquiv>
            </TextLine>
            <TextLine id="r2l40" custom="readingOrder {index:31;}">
                <Coords points="1175,2730 1259,2721 1389,2768 1455,2735 1554,2741 1595,2772 1628,2747 1865,2744 1962,2772 1999,2741 1819,2728 1738,2681 1540,2719 1474,2672 1359,2699 1284,2672 1177,2685"/>
                <Baseline points="1182,2724 1222,2728 1262,2729 1303,2732 1343,2733 1384,2735 1424,2736 1465,2736 1505,2738 1546,2738 1586,2739 1626,2741 1667,2741 1707,2743 1748,2744 1788,2747 1829,2749 1869,2752 1910,2756 1950,2759 1991,2765"/>
                <TextEquiv>
                    <Unicode>band vnd sonst noch ein stuck belange so </Unicode>
                </TextEquiv>
            </TextLine>
            <TextLine id="r2l41" custom="readingOrder {index:32;}">
                <Coords points="1172,2800 1466,2814 1526,2852 1616,2816 1856,2820 2004,2865 1990,2757 1839,2801 1635,2747 1561,2794 1466,2738 1400,2770 1325,2740 1174,2746"/>
                <Baseline points="1179,2789 1220,2793 1261,2798 1302,2800 1343,2804 1384,2806 1425,2807 1466,2809 1507,2811 1548,2813 1589,2813 1630,2814 1671,2816 1712,2816 1753,2817 1794,2818 1835,2819 1876,2820 1917,2822 1958,2824 2000,2826"/>
                <TextEquiv>
                    <Unicode>funden worden, Halb er gedachtem Condir so</Unicode>
                </TextEquiv>
            </TextLine>
            <TextLine id="r2l42" custom="readingOrder {index:33;} person {offset:33; length:5; continued:true;}">
                <Coords points="1163,2864 1488,2904 1667,2891 1710,2927 1766,2894 1918,2951 1961,2931 1965,2862 1856,2821 1707,2838 1616,2816 1553,2860 1439,2855 1343,2803 1273,2833 1234,2799 1165,2827"/>
                <Baseline points="1170,2858 1209,2861 1248,2864 1287,2867 1327,2870 1366,2873 1405,2875 1445,2878 1484,2879 1523,2882 1563,2885 1602,2886 1641,2889 1680,2891 1720,2894 1759,2895 1798,2898 1838,2900 1877,2903 1916,2904 1956,2907"/>
                <TextEquiv>
                    <Unicode>entwendt, dan es ihm in der zyt, doron</Unicode>
                </TextEquiv>
            </TextLine>
            <TextLine id="r2l43" custom="readingOrder {index:34;} person {offset:0; length:6; continued:true;}">
                <Coords points="1163,2951 1208,2942 1299,2979 1342,2959 1509,2978 1563,2960 1851,2987 1853,2950 1817,2947 1767,2894 1710,2932 1671,2900 1544,2912 1518,2889 1420,2926 1366,2878 1318,2897 1168,2861"/>
                <Baseline points="1170,2936 1203,2937 1237,2940 1271,2940 1305,2943 1338,2944 1372,2946 1406,2947 1440,2949 1473,2951 1507,2953 1541,2954 1575,2957 1608,2958 1642,2960 1676,2962 1710,2965 1743,2966 1777,2969 1811,2972 1845,2975"/>
                <TextEquiv>
                    <Unicode>Volliß gsin, eitfromklet wordenn.</Unicode>
                </TextEquiv>
            </TextLine>
            <TextEquiv>
                <Unicode>emnach uff samb stag den 14 decemb.&#13;
16 Duch den Prommen furnemmen, fursichtigen&#13;
Voysenn Herren, Peterfiemodemych, daß Ploinen&#13;
Rhatts Inn gegenwudtigkeit Herren Jacob Buchers&#13;
Bhattschrybers vnd H. Hans Rudolff Gärwers&#13;
das roßweybels Hans Schärtz Vß dem Adelboden&#13;
der Landtschafft Fudtingenn purtig vber ge¬&#13;
igte sachenn examiniert, sonderlichen aber Vber&#13;
zugeschickten bichs vonn pundten zu punstenn&#13;
elraht wordenn, Hatter in allein sine voracht&#13;
tagenn gethane Vergutt vndbß bestältiget.&#13;
sonder Estouch dr der mißt handlungenn deron&#13;
er in anzegnem bikt anlagt wirt gichtig und&#13;
eanttlich wordenn.&#13;
Nenlichennder sih sid etlichen dagen daber mit&#13;
spilenn, Inbrechenn, stälenn vnd vngehorsame gegen&#13;
den Elteren hochlich vergaßenn: Dan mndt allein&#13;
den Elteren, anchenn, soltz, schmaltz, kuß, Mußkan&#13;
ual Hembdt Creverenter zemolden) gelt, strangenn&#13;
&#13;
garnn vnd anders was Ihm zwerden mögen vor&#13;
len, vßgetragen, vnnd verkoufft, vnd das er&#13;
gelt vorstpilt, sondern er siye ouch mit hilf&#13;
gsollenn Vilen anderen luttenn Inbrochen, vnd &#13;
Ihme geliebet Ihnen vervethunwett.&#13;
Er sieruch vf ein vitt mit sinengfellen&#13;
Landtman Michel Louber genampt, In sin das&#13;
der weydt Inkrochen, Vnd hab ihm ein flle&#13;
Vß einem Kaßenn verstolen, welche doch d&#13;
ihme widerumb worden.&#13;
Mlin vat den derige deinen hoffen d&#13;
band vnd sonst noch ein stuck belange so &#13;
funden worden, Halb er gedachtem Condir so&#13;
entwendt, dan es ihm in der zyt, doron&#13;
Volliß gsin, eitfromklet wordenn.</Unicode>
            </TextEquiv>
        </TextRegion>
    </Page>
</PcGts>
