4032 3024
959 339 1693 480 so er alsir dem yssenkrännr erten,
952 401 1684 556 geim Parwellenn, sprichesie u
973 462 1647 600 in stellen solte erch so wlisse er
961 531 1694 676 kein witheren Bethiid darunb
984 621 1669 754 zu gäbend, dan d vrwersser
978 671 1670 775 und frast druncken wäre und
975 728 1676 837 Deshalb sölliche bendel möcht
984 800 1663 908 grommen habenn sie ime doch
1015 870 1542 975 nitt heitter zu wassen
987 942 1710 1080 Damiethin so fat man im für
992 1021 1694 1119 gehaht, wannt er min den
1011 1080 1726 1179 zwenzig sägessen kumensige, deser
1005 1139 1748 1248 er mine vnnb viersthilling userkesen
1011 1200 1719 1301 hebe zrygt anwid das er in senem
983 1247 1742 1356 labenn nir keinsäpensen sunders
1018 1303 1742 1410 brucht habe, vnd ouch keine nie
1035 1367 1697 1477 in henden orpt habe, danse
1032 1439 1728 1550 sy fast syn steinbompenn
1047 1495 1761 1598 eritet, ouch allen den vergang¬
1051 1555 1730 1672 wen sunste sin J. Bernharts
1043 1617 1771 1734 von Wattenwyls steindyuwer
1046 1698 1728 1804 zu Burgistienn gewerchen.
1048 1764 1223 1852 babt
1069 1809 1746 1922 Witers ist erbefragt wordenn,
1070 1876 1754 1979 wie eil gelts sr dem E vren
1048 1926 1781 2034 dieaufenzu vätterskingen uß seinem
1064 1999 1677 2103 Pintersach gnommen habe ✳
1045 2056 1753 2169 zu sollichen sagen w er sey zu
1095 2139 1739 2229 ätterekingen nie gwäsen
1088 2191 1766 2290 berken auch vermelten  pr
1079 2255 1778 2352 diekant dint wuse despelib
1110 2308 1673 2403 halben kein bicht noch
1110 2367 1748 2472 sscheid zu gäben habe ouh
1105 2429 1753 2521 niemant nitze verruckt nach
1110 2490 1763 2572 entragen, dan sinem vatter
1114 2555 1747 2643 ein imli sonnen ✳ und alts
2351 249 2404 302 96
1733 287 2422 458 inkli tu shu und käder woee
1719 336 2422 511 des übder kbit hat mögen, die
1738 394 2454 586 blidthe besseren, wichers
1753 461 2392 632 habe er nie mißhandler dorf
1751 518 2419 711 zühr er sölliche seiner wandell
1752 594 2431 751 ie eineng se schuld stryger
1751 673 2408 817 Itt in dankpot seckenne ont
1762 727 2410 872 mirsmen g sie luber pfarrr
1762 792 2460 916 habe sach vor virthalb jarenn einen
1758 838 2402 969 guldinde ring die dissenthalb
1791 914 2431 1014 hun funden, der dan eigem
1783 956 2437 1097 herren schuld zu gehörgen und
1779 1032 2411 1155 von ime durch einem mier
1806 1079 2399 1204 dhwuerenn so in und und wys
1805 1140 2441 1257 verklögt was wider um zu
1831 1195 2459 1314 umn y hanndeen zugstelt
1819 1254 2479 1373 und ybevantwurt ime ouch
1813 1310 2481 1441 von deswägenn fünf brützer
1851 1372 2488 1499 mehen ther, doch so becksen
1835 1439 2520 1567 er sych gefäldt habenn und syt
1825 1510 2508 1620 In vor abgott den fr dem
1834 1565 2504 1673 nach uil nung b umb gnad
1845 1629 2483 1742 vnd verzichung ist einist
1829 1685 2539 1794 Lai demnach ein dem Glie
1844 1755 2552 1858 neren stein der 5 b uf age
1873 1810 2537 1910 wordenn und  ein wihis
1859 1880 2160 1971 ußtähen
