4032 3024
1062 313 1804 466 vff grittag den ix inp Aprellens im
1098 399 1784 510 168 in ergenwintigkheytt heinen
1088 458 1812 565 Viclans Schorren dess Bhares Dand
1084 510 1783 627 Ehstharner der Bingeren ist zu
1068 558 1521 649 Martzilli nochmals
1245 627 1790 739 Jörg Oberli von Sengen
1109 693 1820 804 vffs alles ennstig ermantt ein heine
1113 762 1792 842 ne vergycht he schun, ob er iu
1075 802 1825 887 Lentzburg dem Anni Chresser den
1002 860 1819 950 ein dickpfl der gsteltt wis obgemeltt
1113 906 1828 992 aeben hab, darumb rund ushan
1087 954 1829 1065 Ia oder Nein zusagen, dan das
1122 1011 1822 1107 meyttli dosse gantz vnd gar nit
1124 1061 1840 1160 anred sige worden, solle deshalb
1544 1111 1829 1187 albi haben, vn
1124 1127 1545 1207 guutt acht zu Im
1124 1167 1833 1266 Ime sllft selb grosser marter
1127 1226 1445 1307 vor zu sin
1127 1242 1835 1367 hieuff er gentzlich darbi blibt
1134 1309 1858 1418 das es also wis es ers vornehen
1128 1353 1845 1472 alle mal anzeigt hatt, ergangen
1285 1400 1837 1511 wiewol er mangel halb
1167 1446 1286 1541 g
1138 1452 1844 1575 der kundtschafft musse dahinden
1173 1504 1825 1642 tan, hab aut alzytt die sec
1169 1559 1821 1691 gern von handengen nach
1164 1606 1852 1731 dem das meyttli ing der ver¬
1155 1640 1829 1795 heyssung abgstanden und sig
1169 1699 1862 1836 daruff mitt deß meyelis fründen
1173 1746 1880 1888 in ein spruch wor dem junckhern
1157 1810 1859 1950 zu Hallwyl vnd sinen chrichtern
1312 1836 1879 1982 sich eins halben dicben
1170 1929 1321 1998 gangen
1157 1881 1880 2040 den im das meyttlis frund geben
1161 1932 1870 2100 benugen lassen ✳ und der sachen
1165 1995 1880 2144 nachwverts niemermehr mitt ein
1182 2023 1887 2175 worteli gedacht, als ein vßgemachte
1153 2061 1895 2231 handel hessen ber die bhahen
1174 2102 1888 2282 zu Eentzburg mithabeninben
1162 2155 1894 2318 daß sruchs aben die Schrichten zu
1140 2203 1902 2366 Lentzbung nitt zuͦ freden waren
1154 2259 1870 2411 vnd citier In fun sich geb er
1165 2270 1902 2459 domalen vst khait sins junt¬
1186 2339 1904 2501 herren dem botten zuͦ antwer
1183 2370 1892 2546 esollee vnd hette sinbe theilt
1198 2418 1878 2587 haulber suhn das meyttli mitt
1413 2493 1838 2610 gangeen heyratt
1197 2574 1374 2638 sinen
1220 2521 1864 2673 ern fürferen lassen dan
1227 2562 1857 2704 as die ehrichten zu Lentz
1206 2584 1908 2741 bung den handel withen fur
1222 2692 1590 2794 guon habindt,
1956 288 2535 440 Ih zu anstifften worden sie
1837 330 2535 543 s ensten s
1856 395 2553 564 nnd zuerwartten, vnd fur mitt
1854 461 2548 627 mitt erliettung, sich mit mir vor
1845 465 2619 709 gagen rehlen d
1854 585 2608 749 persaupe zu wandlen allein arg
1853 697 2155 811 im fir zekhen
2022 763 2437 876 inghermbd mir enzeige
1857 806 2508 958 ziger Hans von Mercken hab zu
1864 840 2608 1007 ott marsdingen im vürtthusz eing₎
1867 942 2533 1055 lichen handels vnn de meyttli
1873 1035 2085 1129 sich erlagt
