4032 3024
1021 366 1674 521 Lodem presentibus, obstat. Ist In
1053 451 1682 587 der Iunstell. Cristan Wund
1029 508 1710 678 von sanen pürtig, gliche ges
1080 592 1457 697 befragt worden.
1233 682 1682 813 Cristen pfund
1059 776 1690 928 Daruff er bsthedt seibt wie
1090 893 1675 979 das mit minder, nach dem
1111 943 1729 1081 ee verschiner zytt zu Bagnyl
1098 1001 1710 1120 gedienen, dann das er von
1112 1079 1748 1202 ettlichen ghört, ein manda
1117 1156 1744 1280 von hochgenant minen gehele
1102 1230 1751 1346 von Bun ußgangen, mengklich
1123 1294 1741 1418 anheinsch ze blyben, vnnd sich
1115 1373 1742 1493 dnn yrz schwäbende krieg, ze¬
1124 1435 1711 1559 gäben, vergotten sein, doch
1126 1520 1715 1619 dasselbig Mandat, als er
1111 1573 1788 1696 Leyder) vff verkhundung desse
1131 1654 1770 1787 big mit zu predig gsin mit
1140 1718 1780 1857 selbs personlich verlässen hörn.
1134 1820 1749 1934 derhalb Im desselben Inhalt
1147 1890 1766 1993 mitt aller dingen bewüße gsen
1159 1973 1756 2069 ye das er darnaben vermeint
1153 2031 1811 2140 ghept, das die, so in mineg
1152 2101 1719 2212 Herrn riert mitt hußhäblich
1171 2172 1751 2276 gsessen, mit darin vergriff
1169 2229 1785 2338 noch bunden ein sollent, der
1173 2293 1807 2410 halb, diewyl vnnd er nun ettwa
1167 2367 1789 2482 by den xx jaren inn dienst
1184 2444 1799 2535 wyß sich hin unnd wider by den
1180 2499 1756 2616 mysenen teünrlich ußbrache
1195 2564 1813 2687 vnd eie frebklich ener
2343 289 2416 349 88
1742 320 2426 521 ad gein ach schaffen hm
1748 422 2461 605 dißem manden nit berürt werden
1772 473 2411 655 r Inn söllichen fäler (der in
1770 559 2427 719 nun von hertzun beyden uß vn¬
1780 601 2444 796 eseht, begrnen, und
1778 699 2456 847 darmitt übell vergangen, von
1789 774 2475 923 deßwägen er nun nun eß herrn
1795 836 2453 976 umb g und verzychunge höchlich
1805 886 2499 1043 anruffe vnd pitte. Dann nechst
1822 963 2496 1105 vor Marini hab in bendich
1818 1036 2463 1169 huw von Ottiswyl mitt
1816 1089 2503 1261 ime gen polochnrn zeyen vber¬
1841 1189 2468 1322 reden, daselbst er fendlin
1854 1268 2531 1394 schon hinwäg gezogen was giengen
1870 1325 2497 1476 syheren zum Hauptlurn uß den
1835 1398 2492 1538 leundeen, wölche hauptlerch
1861 1473 2476 1597 aber mitt, von wägen das sy ein
1865 1538 2552 1688 für Beuer zeerkennen gubt sy
1878 1625 2530 1747 nitt annemen wöllen etc vff
1906 1712 2556 1826 olliche e zu Peter Brun¬
1908 1763 2544 1904 neen doselbst gedihgen, doch
1907 1837 2536 1963 mit lanng nach dem selbig
1913 1919 2548 2046 stigind die fendlin uß den
1916 1978 2530 2121 punden khommen, da bei
1912 2020 2616 2176 gtwtte Im obbemelter Bendichen
1921 2104 2594 2253 haw, sin gsell, als er die posts
1924 2174 2602 2314 gewanck gefutren, inn an
1949 2258 2569 2368 reugende, mit ime zu den
1953 2305 2620 2448 selbig₎ houptenn zugen ✳ das
1951 2392 2576 2504 er Ei erstlicheh, von wäge das
1952 2440 2531 2557 er ein guten meister hätte
1947 2530 2457 2665 gentzlich abgschlab.
