4032 3024
1023 207 1786 437 dnch sen bege
1060 321 1730 489 ob mit doctor Somes imme
1055 386 1790 555 sollich Rerept zegeiben unnd zer¬
1058 470 1599 614 duet sich gewidrigett habe
1051 568 1760 719 daruf gibt er solliche antwurt
1078 672 1797 800 gebt, wie das Im mitt ze wüssen
1075 739 1755 853 das sich dessen gedachter Doctor
1078 807 1813 930 Comes gewidriget, dann er Ime
1091 884 1796 1011 söllich Rereet durch einen rottn
1085 944 1389 1073 zugschickt
2564 181 2628 259 10
1946 239 2619 415 ff mentag dem 121 juni
1901 314 2610 473 Im 116 7 jar in bwästenn
1939 379 2641 534 herrn Gallins Baldi großweybels.
2063 461 2655 617 Petter Baba, oder Ikan dr¬
1908 596 2572 719 Ist petter Baba von 6 Görgen
1923 639 2570 784 us der hersthafft füssen pürtig
1910 725 2570 863 In der keffi befragt worden
1914 772 2664 941 Erstlich diewyll er das Vlemusen
1936 876 2642 1004 höüsche, warumb er sich doch mitt
1938 923 2601 1061 wynn allso vber lade, vnnd wes
1931 1017 2591 1141 usuf doch beholfe vnnd ernert
1920 1094 2568 1211 daruff er granttent das er
1942 1155 2593 1280 ein ungschickts schryen unnd wäsen
1939 1233 2555 1329 fùr unnd alls bald in bose
1965 1299 2626 1402 schwür ußbrüche und nitt vil
1958 1361 2638 1479 meer, sich still vnnd gebarlich, wie
1960 1430 2598 1541 es sinem alter zin zustunde
1958 1499 2585 1606 trage Hieby auch was er für
1962 1562 2631 1666 ein bgangenschafft habe vnnd inn
1969 1621 2586 1722 diß Landts art veursachet, ze¬
2361 1701 2585 1773 bryfft an.
1959 1693 2160 1794 khommen.
1961 1748 2631 1846 wie das er ob viertzig jaren zu
1977 1814 2661 1924 meeitheyll umb hosannen, ouch zum
1985 1869 2668 1981 heyl inn diserem land ✳ sich mitt
1965 1947 2636 2029 kyrben unnd kuncklen ✳ unnd der¬
1975 1987 2661 2109 glychen schnetzel werck. beholffen
1978 2052 2631 2160 und verneret habe. dermassen
1989 2112 2687 2211 das er getruwe niemanndts beschwe¬
1981 2182 2647 2293 lich gsin noch beleydiget habe
1988 2238 2679 2353 noch vil weniger in böse gselschafft
1988 2298 2682 2413 ingelassen, wüß auch noch hürigs
2008 2356 2698 2470 tags von Ehemer mitzit dann
1992 2412 2668 2538 er für sich selbs, sich vnnd sin
1985 2480 2692 2610 gstindtli mitt werchen erhalten.
