4032 3024
1106 1722 1284 1732 Daruff gitt sy diseren bslee
1085 436 1657 566 uff mentag dem ersten tag
1025 497 1686 642 Wolffmonans, im 1567. jun
1063 573 1671 693 Ist inn der frouwen keffien
1057 642 1675 763 vom herren großweybell
1093 717 1700 868 Ballins Galdi, Margeli
1100 816 1717 929 Glunz alhie wonhafft befiege
1081 875 1715 1016 worden unnd iren fürghan
1096 953 1719 1068 wie dann sich ein jungfrouw
1084 1027 1726 1138 Ium genaompt, erslage, das
1118 1094 1699 1203 sy Fra Gefuzina, ettliche
1117 1173 1721 1274 kleyder, zubehalten gäben
1077 1240 1684 1345 vnnd aber Ira derselbigen
1096 1312 1706 1400 Iungfromen yetzund von
1105 1362 1717 1459 Ira nutze wider werden
1127 1431 1707 1537 khönn. Derhalb söll sy
1122 1493 1726 1601 anzeygen, wo sy die selbigen
1113 1557 1704 1655 Fleyder verkhanfft vnnd
1136 1628 1491 1725 inthan habt
1106 1732 1795 1857 Daruff gitt sy diseren bslee
1109 1805 1789 1931 Als namlich, hab es eich begeten
1158 1873 1788 1995 das obangezogne jungfrong
1152 1955 1756 2067 vor ettwas zytts zu Ira
1143 2016 1780 2133 inn er huß kommen unnd
1691 2072 1745 2120 en
1158 2094 1789 2197 mitt ira ein lyblin s
1149 2149 1786 2271 Söller, sampt zwösen vnder¬
1163 2215 1800 2334 Pöcklen gebracht, sya pittende
1166 2289 1756 2400 wölte so wol thun unnd
1166 2352 1774 2453 jra ettwas galts daruff
1173 2418 1745 2518 entlenen, dann sy nitt
1183 2482 1786 2585 wee biez grott hätten etc.
1178 2537 1814 2641 damit sy brott khauffen, unnds
1208 2591 1823 2700 des gungers geweeren, könnt.
2352 250 2420 357 86
1736 305 2330 518 dais de dann bscheg
1750 378 2440 558 dem sy domaln khein gält gheyt
1753 440 2398 647 eche e ehige men st
1761 514 2406 698 weren mähne, so wölte sy iren
1768 595 2417 751 vber achttag wol ertwas daruff
1782 653 2474 804 entlenen, Als aber sy sya Glintzina
1784 715 2465 902 hert an gegätten, hab sy uß y irem
1805 768 2467 959 gheyß vnnd beuelch, den einen kof
1806 838 2446 1006 s nögeli farb sampt dem göller
1810 911 2493 1088 Pärschen des seylers frouwwen by dem
1806 965 2500 1139 Ead gebracht, die augendes nm lb
1829 1031 2505 1208 daruff eichenn, do hab sy dasselbig
1838 1122 2498 1267 gältt, dra von stunden gäben unnd
1850 1196 2449 1331 sye der sach wol zfriden esen etc.
1834 1260 2470 1395 die vber cleyder, namlich das
1844 1318 2473 1438 Lyblin vnnd ein grunen bostein
1845 1385 2501 1510 runderrorkt, hab sy einer andern
1852 1442 2532 1580 jungfrauwen, so dotzmaln inn irem
1873 1499 2508 1640 huss gsin unnd von Wallns pütig
1897 1559 2554 1714 ige, gabe die ouch verheysstm ettes
1890 1619 2565 1770 daruff zuenlenen, doch hiezwüse
1891 1687 2536 1844 Hein Inn Wallis greysser komme
1904 1769 2550 1903 aber Inn Burtzem widerumb alhar,
1895 1820 2561 1958 unnd siy hiemit vrpünig, sy wölle
1913 1885 2569 2033 Ira die Kleyder alle Camenthafft
1928 1958 2572 2075 an alles falen innerhalb achts tag
1905 2015 2559 2160 Ja wenn sy ira die vier
1948 2085 2553 2215 fundgelso sy inn irem namen
1941 2130 2614 2269 von Pärschen frouwen der seylern daruff
1946 2194 2579 2314 eülent unnd ira gäben, ußrichts
1939 2278 2543 2382 vnnd bezale, zu iren thanden
1951 2303 2612 2447 zestellen, vnnd zuüberantwurt
1967 2374 2584 2504 will stunst nitt wyter anred sih
1973 2435 2588 2558 dann sy hab die Luwer warheytt
2314 2481 2538 2574 Birer li
1979 2522 2141 2609 bekhent
1971 2503 2628 2638 nin s wöllinde sy widrrmb heim
1965 2599 2402 2718 zu drey kinden lassen
