<?xml version="1.0" encoding="UTF-8" standalone="yes"?>
<PcGts xmlns="http://schema.primaresearch.org/PAGE/gts/pagecontent/2013-07-15" xmlns:xsi="http://www.w3.org/2001/XMLSchema-instance" xsi:schemaLocation="http://schema.primaresearch.org/PAGE/gts/pagecontent/2013-07-15 http://schema.primaresearch.org/PAGE/gts/pagecontent/2013-07-15/pagecontent.xsd">
    <Metadata>
        <Creator>prov=University of Rostock/Institute of Mathematics/CITlab|PLANET AI GmbH/Gundram Leifert/gundram.leifert@planet-ai.de:name=German_Kurrent_XVI-XVIII_M1(htr_id=19584)::::v=2.6.7
prov=University of Rostock/Institute of Mathematics/CITlab|PLANET AI GmbH/Tobias Gruening/tobias.gruening@planet-ai.de:name=de.uros.citlab.module.baseline2polygon.B2PSeamMultiOriented:v=2.6.7
prov=University of Rostock/Institute of Mathematics/CITlab|PLANET AI GmbH/Tobias Gruening/tobias.gruening@planet-ai.de:name=/net_tf/LA73_249_0mod360.pb:de.uros.citlab.segmentation.CITlab_LA_ML:v=2.6.7
Transkribus</Creator>
        <Created>2021-08-09T22:34:23.535+02:00</Created>
        <LastChange>2023-05-15T16:51:21.567+02:00</LastChange>
        <TranskribusMetadata docId="1349230" pageId="52966661" pageNr="157" tsid="121836645" status="IN_PROGRESS" userId="42748" imgUrl="https://files.transkribus.eu/Get?id=YCUPEUUPOYDRYGPTYLUPWXWB&amp;fileType=view" xmlUrl="https://files.transkribus.eu/Get?id=DXFAPLUVUHZQIGBEWXUALVYY" imageId="22031917"/>
    </Metadata>
    <Page imageFilename="Foto 23.07.21, 9 54 05 AM.jpg" imageWidth="4032" imageHeight="3024">
        <ReadingOrder>
            <OrderedGroup id="ro_1687513526363" caption="Regions reading order">
                <RegionRefIndexed index="0" regionRef="r1"/>
                <RegionRefIndexed index="1" regionRef="region_1684162273720_2543"/>
                <RegionRefIndexed index="2" regionRef="r2"/>
            </OrderedGroup>
        </ReadingOrder>
        <TextRegion orientation="0.0" type="paragraph" id="r1" custom="readingOrder {index:0;} structure {type:paragraph;}">
            <Coords points="1044,329 1114,2537 1873,2521 1785,413"/>
            <TextLine id="r1l1" custom="readingOrder {index:0;} place {offset:22; length:11;}">
                <Coords points="1132,419 1180,449 1236,417 1274,435 1363,419 1464,455 1544,437 1571,461 1652,456 1686,487 1724,474 1763,501 1782,448 1676,429 1639,398 1599,415 1551,371 1398,362 1364,380 1295,349 1224,370 1138,361"/>
                <Baseline points="1143,405 1174,407 1205,410 1236,411 1268,413 1299,414 1330,416 1362,417 1393,420 1424,422 1456,425 1487,427 1518,430 1549,434 1581,440 1612,443 1643,449 1675,457 1706,464 1737,473 1769,483"/>
                <TextEquiv>
                    <Unicode>gstellen daselbst zum indergerwen</Unicode>
                </TextEquiv>
            </TextLine>
            <TextLine id="r1l2" custom="readingOrder {index:1;}">
                <Coords points="1117,495 1136,487 1155,489 1171,477 1196,488 1219,475 1256,478 1256,427 1228,435 1207,431 1179,449 1156,430 1150,436 1143,432 1116,436"/>
                <Baseline points="1127,470 1157,467 1187,467 1217,468 1247,467"/>
                <TextEquiv>
                    <Unicode>umb</Unicode>
                </TextEquiv>
            </TextLine>
            <TextLine id="r1l3" custom="readingOrder {index:2;}">
                <Coords points="1256,513 1310,488 1352,515 1395,485 1461,529 1581,500 1611,529 1669,512 1747,537 1763,489 1724,474 1689,488 1628,449 1576,463 1544,437 1512,455 1500,442 1464,456 1440,432 1391,447 1366,419 1262,449"/>
                <Baseline points="1268,477 1293,476 1318,476 1343,477 1369,477 1394,479 1419,480 1445,482 1470,484 1495,486 1521,490 1546,492 1571,494 1597,498 1622,502 1647,505 1673,510 1698,514 1723,519 1749,524"/>
                <TextEquiv>
                    <Unicode> gutdi grstrafft unnd</Unicode>
                </TextEquiv>
            </TextLine>
            <TextLine id="r1l4" custom="readingOrder {index:3;}">
                <Coords points="1122,537 1238,546 1300,526 1385,562 1491,557 1514,578 1590,555 1655,589 1687,572 1738,594 1757,593 1762,533 1721,551 1682,515 1613,531 1585,502 1480,528 1400,489 1339,516 1309,489 1269,513 1126,484"/>
                <Baseline points="1131,528 1161,530 1192,531 1223,531 1254,533 1285,534 1316,536 1347,537 1378,538 1409,540 1440,542 1470,544 1501,547 1532,550 1563,553 1594,556 1625,561 1656,566 1687,571 1718,576 1749,582"/>
                <TextEquiv>
                    <Unicode>Wynnntorff i lb an sin rosten</Unicode>
                </TextEquiv>
            </TextLine>
            <TextLine id="r1l5" custom="readingOrder {index:4;}">
                <Coords points="1105,605 1224,590 1299,618 1338,599 1429,637 1529,606 1632,652 1752,666 1757,594 1722,577 1664,598 1630,569 1598,590 1566,559 1514,577 1359,538 1326,555 1110,539"/>
                <Baseline points="1116,590 1147,590 1178,590 1210,590 1241,590 1273,591 1304,592 1336,593 1367,595 1399,597 1430,599 1461,600 1493,603 1524,605 1556,609 1587,612 1619,616 1650,618 1682,622 1713,626 1745,630"/>
                <TextEquiv>
                    <Unicode>die er haussi im ußrichten solle</Unicode>
                </TextEquiv>
            </TextLine>
            <TextLine id="r1l6" custom="readingOrder {index:5;}">
                <Coords points="1126,676 1234,654 1306,685 1339,664 1413,684 1503,668 1550,701 1630,672 1664,703 1708,684 1769,709 1772,667 1631,650 1524,603 1476,619 1431,586 1350,631 1321,612 1243,628 1201,594 1130,623"/>
                <Baseline points="1137,653 1168,653 1199,651 1230,651 1261,651 1292,651 1323,651 1355,652 1386,653 1417,654 1448,655 1479,658 1510,660 1541,662 1573,665 1604,669 1635,672 1666,676 1697,681 1728,687 1760,693"/>
                <TextEquiv>
                    <Unicode>gesprochen, hab es sich härnach</Unicode>
                </TextEquiv>
            </TextLine>
            <TextLine id="r1l7" custom="readingOrder {index:6;}">
                <Coords points="1115,722 1192,740 1280,715 1315,732 1435,714 1555,726 1579,750 1631,735 1749,755 1751,710 1708,685 1664,703 1631,673 1551,700 1508,675 1466,693 1339,665 1300,692 1226,656 1117,686"/>
                <Baseline points="1125,711 1155,711 1186,711 1217,711 1248,711 1278,711 1309,712 1340,713 1371,713 1401,713 1432,714 1463,716 1494,717 1524,718 1555,720 1586,722 1617,725 1647,728 1678,731 1709,735 1740,740"/>
                <TextEquiv>
                    <Unicode>begeben, das er ein fuder holz</Unicode>
                </TextEquiv>
            </TextLine>
            <TextLine id="r1l8" custom="readingOrder {index:7;}">
                <Coords points="1123,811 1182,773 1474,813 1643,777 1761,808 1783,773 1699,739 1580,750 1535,726 1125,724"/>
                <Baseline points="1134,768 1165,770 1197,771 1229,773 1261,773 1293,773 1325,773 1357,774 1389,774 1421,774 1453,774 1484,774 1516,776 1548,776 1580,777 1612,778 1644,781 1676,784 1708,786 1740,791 1772,795"/>
                <TextEquiv>
                    <Unicode>zeuerkouffn jenher inn dstat</Unicode>
                </TextEquiv>
            </TextLine>
            <TextLine id="r1l9" custom="readingOrder {index:8;}">
                <Coords points="1115,849 1154,871 1280,823 1332,845 1476,827 1504,845 1527,827 1559,850 1612,834 1658,864 1755,851 1775,810 1672,783 1558,803 1530,787 1484,811 1375,785 1326,807 1277,781 1201,795 1177,777 1116,808"/>
                <Baseline points="1125,830 1158,828 1192,828 1225,827 1259,827 1293,827 1326,827 1360,827 1394,827 1427,828 1461,828 1494,830 1528,831 1562,831 1595,834 1629,835 1663,838 1696,839 1730,842 1764,845"/>
                <TextEquiv>
                    <Unicode>ffurr unnd als er mit ros und</Unicode>
                </TextEquiv>
            </TextLine>
            <TextLine id="r1l10" custom="readingOrder {index:9;}">
                <Coords points="1124,905 1204,888 1252,905 1302,878 1494,893 1539,924 1621,898 1669,924 1698,903 1785,918 1784,863 1711,848 1637,869 1528,830 1482,868 1387,829 1125,863"/>
                <Baseline points="1134,884 1166,884 1198,884 1230,884 1262,884 1294,884 1326,884 1358,884 1390,884 1422,884 1454,885 1486,886 1518,887 1550,888 1582,890 1614,891 1646,894 1678,896 1710,899 1742,902 1775,906"/>
                <TextEquiv>
                    <Unicode>wagen widerumb heimgwöllen</Unicode>
                </TextEquiv>
            </TextLine>
            <TextLine id="r1l11" custom="readingOrder {index:10;} person {offset:4; length:10;}">
                <Coords points="1128,966 1283,946 1352,969 1390,949 1448,978 1594,945 1769,981 1771,921 1701,902 1634,926 1582,902 1536,922 1494,892 1452,907 1414,891 1365,920 1335,893 1221,915 1129,894"/>
                <Baseline points="1137,944 1168,942 1199,941 1230,941 1261,939 1293,939 1324,938 1355,938 1386,938 1417,938 1449,939 1480,939 1511,941 1542,942 1573,943 1605,945 1636,947 1667,948 1698,952 1729,954 1761,959"/>
                <TextEquiv>
                    <Unicode>syr winistorff von dem er gantz</Unicode>
                </TextEquiv>
            </TextLine>
            <TextLine id="r1l12" custom="readingOrder {index:11;}">
                <Coords points="1134,1011 1268,1006 1302,1030 1336,996 1402,1017 1463,999 1485,1022 1659,1003 1696,1030 1768,1026 1769,982 1590,945 1516,975 1282,946 1135,977"/>
                <Baseline points="1143,998 1173,996 1204,995 1235,995 1266,993 1296,993 1327,992 1358,992 1389,992 1419,992 1450,993 1481,993 1512,994 1542,995 1573,996 1604,998 1635,1000 1665,1002 1696,1005 1727,1008 1758,1011"/>
                <TextEquiv>
                    <Unicode>unnd gar mit gwüst uff</Unicode>
                </TextEquiv>
            </TextLine>
            <TextLine id="r1l13" custom="readingOrder {index:12;} place {offset:4; length:5;}">
                <Coords points="1105,1059 1179,1053 1220,1076 1266,1049 1377,1074 1491,1053 1560,1087 1670,1058 1692,1082 1782,1093 1784,1036 1660,1003 1512,1025 1461,1000 1393,1029 1341,999 1302,1027 1263,1005 1180,1023 1106,1004"/>
                <Baseline points="1115,1050 1147,1049 1180,1048 1213,1047 1246,1047 1279,1047 1312,1047 1345,1047 1378,1047 1411,1048 1444,1049 1476,1049 1509,1050 1542,1052 1575,1052 1608,1054 1641,1055 1674,1056 1707,1058 1740,1059 1773,1061"/>
                <TextEquiv>
                    <Unicode>der brugg an in gstossen ✳ ine</Unicode>
                </TextEquiv>
            </TextLine>
            <TextLine id="r1l14" custom="readingOrder {index:13;}">
                <Coords points="1122,1117 1203,1116 1235,1141 1283,1106 1393,1143 1460,1108 1494,1142 1560,1145 1588,1117 1680,1137 1730,1105 1792,1115 1792,1091 1676,1063 1555,1084 1489,1053 1347,1086 1266,1049 1221,1077 1123,1055"/>
                <Baseline points="1131,1101 1163,1101 1196,1101 1228,1101 1261,1101 1293,1101 1326,1103 1358,1103 1391,1103 1423,1103 1456,1103 1489,1104 1521,1104 1554,1104 1586,1105 1619,1106 1651,1106 1684,1106 1716,1107 1749,1107 1782,1109"/>
                <TextEquiv>
                    <Unicode>den guldi gehörschen, zu dem er</Unicode>
                </TextEquiv>
            </TextLine>
            <TextLine id="r1l15" custom="readingOrder {index:14;}">
                <Coords points="1117,1200 1151,1209 1228,1174 1263,1198 1306,1175 1378,1203 1474,1168 1548,1190 1668,1164 1782,1186 1781,1122 1732,1105 1668,1140 1590,1114 1530,1149 1460,1108 1391,1144 1319,1143 1277,1115 1238,1140 1209,1118 1117,1117"/>
                <Baseline points="1127,1170 1159,1169 1191,1167 1223,1166 1256,1166 1288,1164 1320,1164 1352,1164 1385,1163 1417,1163 1449,1163 1481,1163 1514,1163 1546,1163 1578,1163 1610,1163 1643,1163 1675,1163 1707,1163 1739,1161 1772,1161"/>
                <TextEquiv>
                    <Unicode>vsprochen er hab das gelt nit und</Unicode>
                </TextEquiv>
            </TextLine>
            <TextLine id="r1l16" custom="readingOrder {index:15;}">
                <Coords points="1137,1228 1770,1241 1770,1190 1674,1166 1630,1192 1579,1179 1506,1202 1292,1205 1228,1173 1170,1194 1137,1175"/>
                <Baseline points="1146,1220 1176,1220 1207,1220 1238,1220 1269,1220 1299,1220 1330,1220 1361,1220 1392,1220 1422,1221 1453,1221 1484,1221 1515,1221 1545,1221 1576,1221 1607,1221 1638,1220 1668,1220 1699,1220 1730,1220 1761,1220"/>
                <TextEquiv>
                    <Unicode>so der nit erwinden welt er¬</Unicode>
                </TextEquiv>
            </TextLine>
            <TextLine id="r1l17" custom="readingOrder {index:16;}">
                <Coords points="1133,1309 1197,1275 1244,1304 1352,1280 1480,1306 1592,1277 1639,1296 1675,1273 1784,1298 1784,1258 1654,1226 1594,1241 1484,1222 1460,1244 1378,1248 1326,1223 1201,1255 1133,1222"/>
                <Baseline points="1142,1272 1173,1272 1205,1274 1236,1274 1268,1274 1300,1274 1331,1274 1363,1274 1395,1272 1426,1272 1458,1272 1490,1271 1521,1271 1553,1271 1585,1271 1616,1271 1648,1272 1680,1274 1711,1275 1743,1278 1775,1281"/>
                <TextEquiv>
                    <Unicode>im die lettin so uff dem wag</Unicode>
                </TextEquiv>
            </TextLine>
            <TextLine id="r1l18" custom="readingOrder {index:17;}">
                <Coords points="1150,1367 1190,1346 1292,1365 1356,1328 1531,1349 1582,1320 1639,1353 1686,1324 1743,1346 1775,1334 1774,1302 1693,1277 1654,1300 1600,1282 1459,1301 1351,1281 1257,1311 1198,1276 1149,1295"/>
                <Baseline points="1160,1331 1190,1329 1220,1328 1250,1328 1281,1326 1311,1326 1341,1325 1372,1324 1402,1323 1432,1323 1463,1323 1493,1322 1523,1322 1553,1322 1584,1322 1614,1322 1644,1322 1675,1322 1705,1322 1735,1322 1766,1322"/>
                <TextEquiv>
                    <Unicode>Megen unnd wo an der ketten</Unicode>
                </TextEquiv>
            </TextLine>
            <TextLine id="r1l19" custom="readingOrder {index:18;}">
                <Coords points="1130,1405 1232,1391 1259,1411 1305,1388 1368,1414 1400,1387 1475,1379 1583,1401 1641,1371 1706,1394 1754,1370 1754,1349 1683,1321 1641,1352 1585,1329 1505,1356 1464,1329 1414,1347 1355,1328 1293,1360 1251,1345 1231,1365 1199,1347 1129,1360"/>
                <Baseline points="1140,1386 1170,1385 1200,1383 1230,1382 1261,1381 1291,1380 1321,1380 1351,1379 1382,1378 1412,1377 1442,1377 1472,1376 1503,1375 1533,1374 1563,1374 1593,1373 1624,1372 1654,1371 1684,1371 1714,1370 1745,1368"/>
                <TextEquiv>
                    <Unicode>min gnug, welt er im korn</Unicode>
                </TextEquiv>
            </TextLine>
            <TextLine id="r1l20" custom="readingOrder {index:19;}">
                <Coords points="1110,1471 1165,1479 1211,1442 1268,1472 1463,1431 1547,1457 1590,1427 1804,1455 1801,1378 1754,1363 1706,1395 1396,1386 1370,1412 1317,1395 1255,1412 1226,1390 1172,1418 1108,1413"/>
                <Baseline points="1118,1443 1151,1442 1185,1440 1219,1439 1253,1436 1286,1435 1320,1433 1354,1433 1388,1431 1421,1430 1455,1428 1489,1427 1523,1427 1556,1425 1590,1425 1624,1424 1658,1422 1691,1422 1725,1422 1759,1421 1793,1421"/>
                <TextEquiv>
                    <Unicode>unnd haber zfand geben, des ver¬</Unicode>
                </TextEquiv>
            </TextLine>
            <TextLine id="r1l21" custom="readingOrder {index:20;} person {offset:7; length:10;}">
                <Coords points="1125,1511 1183,1499 1220,1520 1296,1486 1335,1507 1417,1490 1468,1520 1531,1489 1575,1502 1591,1484 1622,1509 1728,1472 1771,1491 1769,1442 1659,1451 1592,1426 1546,1458 1490,1436 1263,1470 1207,1441 1165,1477 1124,1471"/>
                <Baseline points="1134,1494 1165,1493 1196,1493 1227,1493 1259,1491 1290,1490 1321,1490 1353,1488 1384,1487 1415,1486 1447,1485 1478,1483 1509,1481 1540,1480 1572,1478 1603,1476 1634,1475 1666,1472 1697,1471 1728,1469 1760,1466"/>
                <TextEquiv>
                    <Unicode>melter Winistorff sich mit er¬</Unicode>
                </TextEquiv>
            </TextLine>
            <TextLine id="r1l22" custom="readingOrder {index:21;}">
                <Coords points="1150,1586 1203,1557 1249,1580 1373,1549 1408,1579 1460,1547 1594,1540 1633,1573 1798,1540 1796,1493 1733,1472 1672,1477 1630,1512 1591,1484 1489,1518 1429,1490 1377,1509 1346,1495 1298,1527 1184,1499 1147,1512"/>
                <Baseline points="1157,1553 1188,1551 1220,1550 1251,1549 1283,1547 1314,1546 1346,1544 1377,1544 1409,1542 1440,1541 1472,1539 1503,1538 1535,1536 1566,1536 1598,1535 1629,1533 1661,1532 1692,1532 1724,1530 1755,1530 1787,1529"/>
                <TextEquiv>
                    <Unicode>settigen lassen welle sonders</Unicode>
                </TextEquiv>
            </TextLine>
            <TextLine id="r1l23" custom="readingOrder {index:22;}">
                <Coords points="1131,1634 1421,1608 1458,1637 1527,1609 1558,1633 1621,1590 1752,1611 1780,1606 1778,1551 1652,1568 1594,1540 1509,1540 1416,1582 1375,1550 1284,1582 1127,1546"/>
                <Baseline points="1139,1611 1170,1610 1202,1610 1233,1608 1265,1607 1296,1605 1328,1603 1359,1602 1391,1601 1422,1598 1454,1597 1485,1595 1517,1594 1548,1593 1580,1592 1611,1590 1643,1589 1674,1589 1706,1587 1737,1587 1769,1586"/>
                <TextEquiv>
                    <Unicode>vber ein den gutdi, den er doch</Unicode>
                </TextEquiv>
            </TextLine>
            <TextLine id="r1l24" custom="readingOrder {index:23;}">
                <Coords points="1143,1700 1225,1664 1280,1697 1326,1667 1371,1691 1447,1667 1484,1687 1531,1652 1793,1636 1791,1609 1715,1595 1675,1620 1643,1594 1546,1589 1501,1630 1421,1608 1324,1639 1236,1618 1138,1634"/>
                <Baseline points="1151,1670 1182,1668 1214,1667 1245,1665 1277,1664 1309,1662 1340,1661 1372,1658 1404,1656 1435,1654 1467,1653 1499,1650 1530,1647 1562,1646 1594,1644 1625,1642 1657,1639 1689,1637 1720,1635 1752,1632 1784,1631"/>
                <TextEquiv>
                    <Unicode>min ghert haben wellen der</Unicode>
                </TextEquiv>
            </TextLine>
            <TextLine id="r1l25" custom="readingOrder {index:24;}">
                <Coords points="1146,1753 1242,1721 1286,1752 1455,1711 1513,1729 1538,1707 1569,1721 1754,1686 1778,1705 1800,1696 1796,1638 1528,1652 1485,1686 1395,1693 1326,1666 1281,1698 1233,1663 1142,1701"/>
                <Baseline points="1154,1730 1185,1727 1217,1725 1249,1724 1281,1722 1313,1719 1344,1717 1376,1714 1408,1712 1440,1710 1472,1707 1503,1705 1535,1702 1567,1700 1599,1697 1631,1694 1662,1693 1694,1689 1726,1687 1758,1685 1790,1682"/>
                <TextEquiv>
                    <Unicode>gstatt s an einanderen komen,</Unicode>
                </TextEquiv>
            </TextLine>
            <TextLine id="r1l26" custom="readingOrder {index:25;}">
                <Coords points="1119,1825 1179,1788 1238,1818 1386,1780 1524,1798 1646,1753 1756,1783 1819,1744 1816,1708 1750,1686 1681,1724 1536,1706 1491,1735 1401,1722 1284,1752 1242,1721 1187,1767 1113,1746"/>
                <Baseline points="1125,1785 1159,1784 1193,1782 1227,1781 1261,1779 1295,1776 1329,1773 1364,1772 1398,1769 1432,1767 1466,1764 1500,1761 1534,1759 1568,1756 1603,1752 1637,1749 1671,1747 1705,1745 1739,1741 1773,1738 1808,1734"/>
                <TextEquiv>
                    <Unicode>Da hab wenstorff inne anfangs</Unicode>
                </TextEquiv>
            </TextLine>
            <TextLine id="r1l27" custom="readingOrder {index:26;}">
                <Coords points="1138,1845 1292,1854 1404,1829 1442,1853 1502,1821 1524,1835 1743,1806 1740,1774 1678,1779 1648,1753 1524,1799 1477,1778 1362,1808 1309,1788 1242,1818 1187,1792 1135,1806"/>
                <Baseline points="1148,1844 1177,1841 1206,1838 1235,1836 1265,1833 1294,1832 1323,1830 1352,1827 1382,1826 1411,1824 1440,1823 1469,1820 1499,1817 1528,1815 1557,1813 1586,1810 1616,1806 1645,1804 1674,1800 1703,1796 1733,1793"/>
                <TextEquiv>
                    <Unicode>unnd des ersten mit sinem</Unicode>
                </TextEquiv>
            </TextLine>
            <TextLine id="r1l28" custom="readingOrder {index:27;}">
                <Coords points="1144,1925 1246,1896 1343,1925 1433,1893 1513,1911 1669,1861 1794,1855 1789,1800 1764,1797 1662,1803 1581,1843 1486,1826 1441,1853 1403,1829 1371,1847 1347,1832 1299,1869 1139,1865"/>
                <Baseline points="1151,1898 1182,1896 1214,1895 1245,1892 1277,1891 1309,1888 1340,1885 1372,1884 1404,1880 1435,1877 1467,1875 1499,1872 1530,1869 1562,1866 1594,1863 1625,1860 1657,1856 1689,1854 1720,1852 1752,1848 1784,1847"/>
                <TextEquiv>
                    <Unicode>dagen pfess uff dashaupf den</Unicode>
                </TextEquiv>
            </TextLine>
            <TextLine id="r1l29" custom="readingOrder {index:28;}">
                <Coords points="1149,1976 1191,1963 1245,1989 1271,1963 1398,1944 1456,1973 1555,1966 1631,1921 1701,1939 1759,1909 1832,1922 1828,1878 1721,1888 1684,1861 1595,1904 1475,1913 1427,1892 1345,1926 1293,1895 1144,1926"/>
                <Baseline points="1157,1955 1190,1953 1223,1953 1256,1951 1289,1950 1322,1947 1355,1944 1389,1943 1422,1940 1455,1937 1488,1932 1521,1930 1554,1926 1587,1922 1621,1919 1654,1915 1687,1912 1720,1908 1753,1905 1786,1901 1820,1898"/>
                <TextEquiv>
                    <Unicode>kopff unnd im zwoy Löcher derm</Unicode>
                </TextEquiv>
            </TextLine>
            <TextLine id="r1l30" custom="readingOrder {index:29;}">
                <Coords points="1158,2043 1204,2053 1256,2016 1291,2029 1407,2002 1528,2029 1615,1980 1664,1993 1799,1963 1796,1916 1705,1941 1639,1919 1555,1966 1455,1972 1398,1944 1271,1964 1247,1989 1190,1965 1153,1981"/>
                <Baseline points="1166,2013 1197,2010 1228,2007 1259,2004 1290,2001 1322,2000 1353,1998 1384,1996 1415,1995 1446,1992 1478,1992 1509,1989 1540,1987 1571,1985 1602,1981 1634,1978 1665,1975 1696,1971 1727,1966 1758,1961 1790,1955"/>
                <TextEquiv>
                    <Unicode>gschlagen, da er sich volgendts</Unicode>
                </TextEquiv>
            </TextLine>
            <TextLine id="r1l31" custom="readingOrder {index:30;}">
                <Coords points="1154,2071 1220,2072 1262,2106 1346,2072 1398,2080 1424,2055 1463,2069 1534,2043 1565,2067 1586,2044 1789,2014 1786,1961 1666,1995 1599,1984 1553,2019 1517,2001 1440,2025 1345,2009 1151,2043"/>
                <Baseline points="1163,2067 1193,2067 1224,2067 1255,2066 1286,2065 1317,2063 1348,2062 1379,2060 1410,2057 1441,2056 1472,2052 1502,2049 1533,2046 1564,2043 1595,2040 1626,2035 1657,2030 1688,2025 1719,2021 1750,2015 1781,2010"/>
                <TextEquiv>
                    <Unicode>umbsechen zeweer gstelt unnd</Unicode>
                </TextEquiv>
            </TextLine>
            <TextLine id="r1l32" custom="readingOrder {index:31;} person {offset:4; length:10;}">
                <Coords points="1136,2153 1223,2130 1251,2149 1331,2114 1375,2139 1391,2122 1494,2135 1558,2101 1631,2118 1678,2085 1784,2073 1781,2037 1702,2017 1623,2050 1587,2042 1552,2077 1519,2051 1303,2094 1205,2071 1130,2087"/>
                <Baseline points="1142,2118 1173,2118 1205,2117 1236,2117 1268,2115 1300,2114 1331,2113 1363,2111 1395,2109 1426,2107 1458,2105 1490,2102 1521,2099 1553,2096 1585,2093 1616,2089 1648,2085 1680,2081 1711,2075 1743,2070 1775,2064"/>
                <TextEquiv>
                    <Unicode>ime winistorff beyder die</Unicode>
                </TextEquiv>
            </TextLine>
            <TextLine id="r1l33" custom="readingOrder {index:32;}">
                <Coords points="1168,2186 1193,2172 1289,2206 1323,2182 1383,2201 1454,2163 1524,2185 1610,2153 1684,2169 1757,2123 1800,2142 1832,2116 1827,2067 1635,2115 1548,2104 1472,2139 1394,2122 1375,2139 1335,2114 1251,2149 1219,2132 1164,2149"/>
                <Baseline points="1175,2169 1207,2171 1239,2171 1272,2171 1304,2169 1337,2167 1369,2165 1401,2162 1434,2160 1466,2157 1499,2153 1531,2149 1563,2145 1596,2141 1628,2137 1661,2132 1693,2128 1725,2124 1758,2119 1790,2115 1823,2111"/>
                <TextEquiv>
                    <Unicode>vier stich uin sinem bymaͤst</Unicode>
                </TextEquiv>
            </TextLine>
            <TextLine id="r1l34" custom="readingOrder {index:33;}">
                <Coords points="1166,2233 1491,2242 1684,2180 1753,2207 1804,2185 1800,2137 1735,2131 1649,2168 1595,2154 1531,2187 1493,2164 1435,2169 1375,2200 1162,2190"/>
                <Baseline points="1175,2225 1205,2225 1236,2224 1267,2223 1298,2222 1329,2220 1360,2219 1391,2216 1422,2214 1453,2211 1484,2208 1514,2205 1545,2202 1576,2198 1607,2194 1638,2190 1669,2186 1700,2182 1731,2178 1762,2172 1793,2168"/>
                <TextEquiv>
                    <Unicode>werden lassen, dann er inn</Unicode>
                </TextEquiv>
            </TextLine>
            <TextLine id="r1l35" custom="readingOrder {index:34;}">
                <Coords points="1157,2293 1316,2294 1343,2273 1434,2298 1530,2258 1555,2275 1736,2240 1799,2263 1828,2248 1824,2204 1776,2191 1654,2224 1617,2194 1492,2240 1152,2231"/>
                <Baseline points="1166,2280 1198,2277 1231,2276 1263,2274 1296,2271 1328,2271 1361,2268 1393,2267 1426,2265 1458,2262 1491,2260 1524,2257 1556,2255 1589,2252 1621,2250 1654,2246 1686,2243 1719,2238 1751,2235 1784,2230 1817,2225"/>
                <TextEquiv>
                    <Unicode>zuuor umb gots willen gebat</Unicode>
                </TextEquiv>
            </TextLine>
            <TextLine id="r1l36" custom="readingOrder {index:35;}">
                <Coords points="1144,2357 1290,2326 1346,2348 1448,2316 1706,2328 1777,2304 1774,2249 1722,2242 1538,2290 1467,2273 1443,2295 1359,2277 1323,2298 1141,2301"/>
                <Baseline points="1151,2324 1181,2324 1212,2324 1243,2323 1274,2322 1304,2321 1335,2321 1366,2319 1397,2318 1427,2316 1458,2315 1489,2313 1520,2311 1550,2309 1581,2307 1612,2304 1643,2302 1673,2299 1704,2297 1735,2294 1766,2291"/>
                <TextEquiv>
                    <Unicode>das er inn ruwig lasse</Unicode>
                </TextEquiv>
            </TextLine>
            <TextLine id="r1l37" custom="readingOrder {index:36;}">
                <Coords points="1151,2377 1186,2396 1217,2381 1353,2405 1431,2386 1511,2400 1639,2355 1718,2347 1757,2369 1779,2355 1776,2304 1698,2323 1668,2300 1630,2331 1565,2321 1529,2339 1442,2317 1346,2349 1309,2327 1266,2348 1149,2347"/>
                <Baseline points="1160,2375 1190,2375 1220,2375 1251,2375 1281,2373 1312,2373 1342,2372 1373,2370 1403,2370 1434,2369 1464,2367 1494,2366 1525,2363 1555,2360 1586,2359 1616,2355 1647,2353 1677,2350 1708,2347 1738,2344 1769,2340"/>
                <TextEquiv>
                    <Unicode>sys derhalb sin begaren das</Unicode>
                </TextEquiv>
            </TextLine>
            <TextLine id="r1l38" custom="readingOrder {index:37;}">
                <Coords points="1588,2448 1603,2441 1620,2451 1632,2437 1663,2446 1683,2422 1725,2437 1745,2413 1782,2412 1771,2362 1746,2369 1717,2350 1687,2366 1646,2355 1640,2362 1630,2360 1618,2378 1572,2366"/>
                <Baseline points="1592,2414 1617,2418 1642,2416 1667,2411 1692,2403 1717,2394 1742,2390 1767,2388"/>
                <TextEquiv>
                    <Unicode>us dem</Unicode>
                </TextEquiv>
            </TextLine>
            <TextLine id="r1l39" custom="readingOrder {index:38;} person {offset:4; length:15;}">
                <Coords points="1149,2438 1243,2430 1270,2446 1292,2429 1310,2440 1381,2430 1417,2443 1456,2425 1478,2441 1504,2425 1548,2447 1578,2440 1576,2367 1507,2401 1458,2402 1433,2385 1354,2405 1219,2383 1188,2396 1147,2378"/>
                <Baseline points="1158,2427 1183,2427 1209,2427 1234,2427 1260,2427 1286,2427 1311,2427 1337,2426 1363,2426 1388,2426 1414,2424 1439,2423 1465,2423 1491,2421 1516,2420 1542,2417 1568,2414"/>
                <TextEquiv>
                    <Unicode>man petter Krouchen</Unicode>
                </TextEquiv>
            </TextLine>
            <TextLine id="r1l40" custom="readingOrder {index:39;}">
                <Coords points="1153,2523 1308,2494 1372,2515 1467,2493 1528,2509 1628,2471 1726,2502 1801,2486 1797,2400 1589,2449 1503,2427 1149,2444"/>
                <Baseline points="1160,2483 1191,2483 1223,2481 1254,2481 1286,2481 1317,2480 1349,2480 1380,2480 1412,2479 1443,2478 1475,2477 1506,2475 1538,2474 1569,2472 1601,2469 1632,2467 1664,2463 1695,2460 1727,2455 1758,2449 1790,2442"/>
                <TextEquiv>
                    <Unicode>lndenthall der annfannbs</Unicode>
                </TextEquiv>
            </TextLine>
            <TextEquiv>
                <Unicode>gstellen daselbst zum indergerwen
umb
 gutdi grstrafft unnd
Wynnntorff i lb an sin rosten
die er haussi im ußrichten solle
gesprochen, hab es sich härnach
begeben, das er ein fuder holz
zeuerkouffn jenher inn dstat
ffurr unnd als er mit ros und
wagen widerumb heimgwöllen
syr winistorff von dem er gantz
unnd gar mit gwüst uff
der brugg an in gstossen ✳ ine
den guldi gehörschen, zu dem er
vsprochen er hab das gelt nit und
so der nit erwinden welt er¬
im die lettin so uff dem wag
Megen unnd wo an der ketten
min gnug, welt er im korn
unnd haber zfand geben, des ver¬
melter Winistorff sich mit er¬
settigen lassen welle sonders
vber ein den gutdi, den er doch
min ghert haben wellen der
gstatt s an einanderen komen,
Da hab wenstorff inne anfangs
unnd des ersten mit sinem
dagen pfess uff dashaupf den
kopff unnd im zwoy Löcher derm
gschlagen, da er sich volgendts
umbsechen zeweer gstelt unnd
ime winistorff beyder die
vier stich uin sinem bymaͤst
werden lassen, dann er inn
zuuor umb gots willen gebat
das er inn ruwig lasse
sys derhalb sin begaren das
us dem
man petter Krouchen
lndenthall der annfannbs</Unicode>
            </TextEquiv>
        </TextRegion>
        <TextRegion type="page-number" id="region_1684162273720_2543" custom="readingOrder {index:1;} structure {type:page-number;}">
            <Coords points="2410,286 2530,286 2530,368 2410,368"/>
        </TextRegion>
        <TextRegion orientation="0.0" type="paragraph" id="r2" custom="readingOrder {index:2;} structure {type:paragraph;}">
            <Coords points="1808,420 1889,2570 2654,2555 2520,350"/>
            <TextLine id="r2l2" custom="readingOrder {index:0;}">
                <Coords points="1820,486 1920,444 1999,456 2019,432 2056,455 2124,418 2191,410 2266,436 2304,397 2463,407 2456,353 2361,334 2236,373 2143,355 2118,383 1905,385 1815,443"/>
                <Baseline points="1827,464 1858,455 1889,447 1920,441 1951,435 1982,429 2013,423 2045,419 2076,415 2107,412 2138,408 2169,405 2200,402 2231,399 2263,397 2294,395 2325,393 2356,391 2387,390 2418,387 2450,386"/>
                <TextEquiv>
                    <Unicode>unnd sonst by allem henndell</Unicode>
                </TextEquiv>
            </TextLine>
            <TextLine id="r2l3" custom="readingOrder {index:1;}">
                <Coords points="1857,549 1949,498 2053,493 2088,464 2176,493 2221,464 2310,487 2379,453 2443,468 2464,454 2460,411 2324,398 2265,437 2190,410 2153,437 2083,433 2052,453 2020,433 1998,457 1945,462 1919,444 1850,474"/>
                <Baseline points="1863,512 1892,503 1922,495 1951,488 1981,482 2010,478 2040,473 2069,469 2099,467 2128,464 2158,461 2187,459 2217,458 2246,455 2276,454 2305,452 2335,450 2364,449 2394,445 2423,443 2453,440"/>
                <TextEquiv>
                    <Unicode>sin darumb verhoren solle, der</Unicode>
                </TextEquiv>
            </TextLine>
            <TextLine id="r2l4" custom="readingOrder {index:2;}">
                <Coords points="1847,583 1900,560 2017,552 2057,526 2247,535 2276,508 2316,525 2383,501 2418,509 2415,465 2315,487 2222,467 2183,493 2140,465 2090,467 2059,492 2018,483 1988,514 1910,513 1843,548"/>
                <Baseline points="1854,566 1881,559 1909,551 1937,545 1965,540 1992,534 2020,530 2048,526 2076,523 2103,519 2131,516 2159,513 2187,511 2214,509 2242,507 2270,505 2298,503 2325,501 2353,499 2381,496 2409,495"/>
                <TextEquiv>
                    <Unicode>wird wis konen sagen, wie</Unicode>
                </TextEquiv>
            </TextLine>
            <TextLine id="r2l5" custom="readingOrder {index:3;} person {offset:9; length:9;}">
                <Coords points="1854,642 1918,639 1999,588 2130,598 2148,574 2214,587 2256,556 2400,570 2445,560 2439,517 2381,507 2329,533 2166,540 2124,522 2044,556 1895,562 1846,586"/>
                <Baseline points="1862,629 1890,618 1919,609 1947,601 1976,594 2004,588 2033,582 2061,578 2090,574 2118,570 2147,567 2175,564 2204,562 2232,559 2261,556 2289,555 2318,553 2346,550 2375,548 2403,546 2432,542"/>
                <TextEquiv>
                    <Unicode>gesagter Winstorff mit im</Unicode>
                </TextEquiv>
            </TextLine>
            <TextLine id="r2l6" custom="readingOrder {index:4;}">
                <Coords points="1850,695 2009,648 2036,664 2075,645 2205,648 2273,614 2348,622 2410,601 2477,619 2470,559 2368,581 2249,558 2224,585 2176,573 2089,606 2001,588 1918,639 1842,637"/>
                <Baseline points="1856,677 1886,668 1916,661 1947,654 1977,647 2008,642 2038,637 2069,633 2099,629 2130,624 2160,621 2190,619 2221,615 2251,612 2282,610 2312,606 2343,604 2373,602 2404,597 2434,594 2465,590"/>
                <TextEquiv>
                    <Unicode>den anfang gethan, vnd wie es</Unicode>
                </TextEquiv>
            </TextLine>
            <TextLine id="r2l7" custom="readingOrder {index:5;}">
                <Coords points="1871,749 1940,711 1965,731 1995,701 2070,720 2101,693 2125,708 2205,676 2284,679 2318,702 2366,670 2490,655 2485,614 2410,599 2244,648 2075,645 2041,666 1971,652 1865,689"/>
                <Baseline points="1878,720 1908,712 1938,706 1968,701 1998,695 2028,691 2058,688 2088,683 2118,680 2148,677 2179,674 2209,671 2239,668 2269,667 2299,664 2329,662 2359,659 2389,657 2419,654 2449,650 2480,647"/>
                <TextEquiv>
                    <Unicode>frothalb erganngen syn dann</Unicode>
                </TextEquiv>
            </TextLine>
            <TextLine id="r2l8" custom="readingOrder {index:6;}">
                <Coords points="1842,800 1945,802 1970,771 1998,784 2084,742 2219,756 2289,721 2346,739 2412,713 2492,736 2494,656 2367,669 2319,701 2193,677 2102,718 1996,701 1967,733 1913,718 1837,759"/>
                <Baseline points="1850,782 1883,774 1917,766 1950,760 1984,753 2018,748 2051,743 2085,740 2119,735 2152,733 2186,730 2219,727 2253,724 2287,722 2320,719 2354,716 2388,712 2421,709 2455,704 2489,699"/>
                <TextEquiv>
                    <Unicode>er sonst wo man im das recht</Unicode>
                </TextEquiv>
            </TextLine>
            <TextLine id="r2l9" custom="readingOrder {index:7;} place {offset:6; length:9;}">
                <Coords points="1871,858 2053,803 2109,826 2132,798 2174,811 2211,789 2281,816 2363,772 2407,792 2472,758 2467,720 2406,714 2349,749 2319,732 2291,754 2251,735 2219,756 2114,739 2026,782 1865,802"/>
                <Baseline points="1878,831 1907,824 1936,818 1965,812 1994,809 2024,805 2053,801 2082,797 2111,794 2140,791 2170,788 2199,786 2228,783 2257,781 2286,778 2316,774 2345,772 2374,769 2403,765 2432,761 2462,756"/>
                <TextEquiv>
                    <Unicode>gegen wunstorff erganlies.</Unicode>
                </TextEquiv>
            </TextLine>
            <TextLine id="r2l10" custom="readingOrder {index:8;}">
                <Coords points="1875,899 2133,846 2210,868 2288,822 2397,826 2421,845 2490,828 2485,781 2407,793 2367,773 2303,804 2265,783 2099,831 2053,803 1871,860"/>
                <Baseline points="1883,878 1912,874 1942,870 1972,866 2002,862 2032,859 2062,855 2091,852 2121,849 2151,845 2181,843 2211,840 2241,837 2271,834 2300,832 2330,829 2360,826 2390,823 2420,820 2450,817 2480,815"/>
                <TextEquiv>
                    <Unicode>gungsamtich erzeige welte das</Unicode>
                </TextEquiv>
            </TextLine>
            <TextLine id="r2l11" custom="readingOrder {index:9;}">
                <Coords points="1879,944 2052,911 2091,936 2137,930 2186,900 2261,932 2390,876 2469,913 2499,883 2548,883 2543,830 2462,828 2435,849 2287,823 2211,868 2134,848 1874,895"/>
                <Baseline points="1886,923 1918,921 1951,919 1983,917 2016,912 2048,910 2081,907 2113,904 2146,900 2178,897 2211,893 2244,891 2276,887 2309,884 2341,882 2374,879 2406,876 2439,873 2471,871 2504,870 2537,869"/>
                <TextEquiv>
                    <Unicode>winstorff aller sach ein urheber</Unicode>
                </TextEquiv>
            </TextLine>
            <TextLine id="r2l12" custom="readingOrder {index:10;}">
                <Coords points="1909,1017 1942,1016 1973,986 2019,1009 2054,983 2098,1002 2148,991 2142,924 2118,918 2091,936 2057,914 2024,929 2006,917 1976,939 1902,932"/>
                <Baseline points="1916,978 1943,973 1970,970 1998,966 2025,965 2052,963 2080,961 2107,959 2135,954"/>
                <TextEquiv>
                    <Unicode>gsin wo tc.</Unicode>
                </TextEquiv>
            </TextLine>
            <TextLine id="r2l13" custom="readingOrder {index:11;}">
                <Coords points="1900,1155 1958,1167 1984,1138 2115,1138 2142,1119 2193,1148 2240,1116 2334,1135 2363,1108 2442,1131 2496,1100 2494,1064 2328,1044 2139,1077 2070,1059 2013,1086 1981,1061 1895,1072"/>
                <Baseline points="1908,1133 1936,1130 1965,1128 1994,1126 2023,1124 2052,1122 2081,1121 2110,1119 2139,1116 2168,1115 2197,1114 2225,1112 2254,1110 2283,1108 2312,1106 2341,1105 2370,1102 2399,1100 2428,1098 2457,1096 2486,1092"/>
                <TextEquiv>
                    <Unicode>Zum anndern ist er befragt</Unicode>
                </TextEquiv>
            </TextLine>
            <TextLine id="r2l14" custom="readingOrder {index:12;}">
                <Coords points="1901,1221 1987,1206 2006,1184 2084,1213 2121,1175 2170,1204 2209,1173 2326,1167 2354,1186 2433,1152 2488,1179 2512,1172 2509,1119 2364,1109 2338,1136 2295,1123 2195,1149 2153,1121 2122,1141 2083,1124 1897,1163"/>
                <Baseline points="1907,1185 1936,1184 1966,1182 1996,1179 2025,1178 2055,1176 2085,1173 2114,1172 2144,1169 2174,1167 2204,1166 2233,1164 2263,1161 2293,1160 2322,1158 2352,1156 2382,1154 2411,1152 2441,1150 2471,1149 2501,1146"/>
                <TextEquiv>
                    <Unicode>ob war sye das er an orten</Unicode>
                </TextEquiv>
            </TextLine>
            <TextLine id="r2l15" custom="readingOrder {index:13;}">
                <Coords points="1902,1258 2208,1225 2321,1245 2351,1216 2424,1228 2463,1198 2490,1204 2488,1170 2445,1156 2352,1184 2324,1165 2277,1192 2224,1171 2183,1203 2130,1180 2051,1211 2014,1189 1899,1222"/>
                <Baseline points="1910,1242 1938,1239 1967,1237 1995,1235 2024,1232 2052,1230 2081,1227 2109,1226 2138,1224 2166,1221 2195,1221 2223,1218 2252,1217 2280,1214 2309,1213 2337,1210 2366,1208 2394,1205 2423,1201 2451,1199 2480,1194"/>
                <TextEquiv>
                    <Unicode>unnd ennden usgossen ✳ er</Unicode>
                </TextEquiv>
            </TextLine>
            <TextLine id="r2l16" custom="readingOrder {index:14;} person {offset:24; length:6; continued:true;}">
                <Coords points="1897,1327 1963,1289 2580,1268 2575,1185 2478,1235 2367,1214 2321,1244 2154,1227 1893,1262"/>
                <Baseline points="1904,1295 1937,1293 1970,1290 2003,1287 2037,1284 2070,1282 2103,1280 2137,1278 2170,1275 2203,1272 2237,1271 2270,1269 2303,1266 2336,1264 2370,1263 2403,1260 2436,1258 2470,1255 2503,1254 2536,1251 2570,1248"/>
                <TextEquiv>
                    <Unicode>hab ein mur schwerdt uf Cenrat</Unicode>
                </TextEquiv>
            </TextLine>
            <TextLine id="r2l17" custom="readingOrder {index:15;} person {offset:0; length:10; continued:true;}">
                <Coords points="1916,1360 1996,1343 2024,1361 2072,1340 2113,1362 2192,1331 2280,1346 2316,1321 2354,1347 2394,1344 2452,1314 2491,1325 2487,1268 2454,1261 2426,1287 2347,1271 2311,1295 2287,1273 2238,1286 2201,1270 2171,1291 2030,1286 1913,1317"/>
                <Baseline points="1925,1346 1952,1343 1980,1341 2008,1340 2036,1337 2063,1335 2091,1334 2119,1331 2147,1330 2174,1327 2202,1325 2230,1325 2258,1322 2285,1321 2313,1319 2341,1317 2369,1315 2396,1314 2424,1312 2452,1311 2480,1310"/>
                <TextEquiv>
                    <Unicode>Winistorff koufft dasselbig</Unicode>
                </TextEquiv>
            </TextLine>
            <TextLine id="r2l18" custom="readingOrder {index:16;}">
                <Coords points="1910,1409 1975,1434 2128,1383 2189,1394 2260,1376 2317,1404 2392,1371 2484,1368 2481,1326 2450,1315 2424,1342 2373,1348 2322,1322 2278,1347 2196,1332 2111,1364 2079,1344 1906,1360"/>
                <Baseline points="1920,1404 1947,1401 1975,1399 2003,1396 2030,1394 2058,1391 2086,1390 2113,1387 2141,1385 2169,1383 2197,1381 2224,1379 2252,1375 2280,1373 2307,1371 2335,1370 2363,1367 2390,1365 2418,1362 2446,1361 2474,1358"/>
                <TextEquiv>
                    <Unicode>müsse im werden, Zeigran</Unicode>
                </TextEquiv>
            </TextLine>
            <TextLine id="r2l19" custom="readingOrder {index:17;}">
                <Coords points="1909,1465 1983,1474 2066,1448 2119,1472 2204,1438 2254,1451 2318,1428 2431,1441 2497,1410 2494,1377 2393,1370 2316,1402 2267,1377 2230,1413 2125,1384 2055,1424 1906,1435"/>
                <Baseline points="1917,1460 1945,1456 1974,1453 2002,1451 2031,1448 2059,1446 2088,1444 2116,1441 2145,1438 2173,1436 2202,1434 2230,1432 2259,1429 2287,1427 2316,1425 2344,1422 2373,1419 2401,1416 2430,1413 2458,1412 2487,1407"/>
                <TextEquiv>
                    <Unicode>das er des nir bkanntlich sye</Unicode>
                </TextEquiv>
            </TextLine>
            <TextLine id="r2l20" custom="readingOrder {index:18;}">
                <Coords points="1905,1526 2011,1502 2073,1513 2088,1494 2127,1508 2209,1485 2261,1500 2511,1470 2507,1429 2397,1451 2314,1429 2119,1473 2093,1454 2023,1481 1901,1468"/>
                <Baseline points="1913,1508 1942,1506 1971,1503 2001,1500 2030,1499 2060,1496 2089,1494 2118,1493 2148,1490 2177,1488 2207,1486 2236,1484 2265,1480 2295,1478 2324,1475 2354,1473 2383,1471 2412,1469 2442,1466 2471,1463 2501,1460"/>
                <TextEquiv>
                    <Unicode>dann er allein ein klein alte</Unicode>
                </TextEquiv>
            </TextLine>
            <TextLine id="r2l21" custom="readingOrder {index:19;}">
                <Coords points="1920,1568 2080,1556 2116,1581 2164,1545 2198,1569 2283,1540 2321,1564 2408,1560 2485,1513 2520,1516 2515,1467 2351,1493 2240,1485 2152,1514 2037,1501 1917,1540"/>
                <Baseline points="1929,1557 1958,1556 1987,1555 2016,1553 2045,1551 2074,1548 2103,1547 2132,1544 2161,1542 2190,1539 2219,1537 2248,1535 2277,1532 2306,1529 2335,1526 2364,1523 2393,1520 2422,1517 2451,1514 2480,1511 2510,1508"/>
                <TextEquiv>
                    <Unicode>unusbutzt schwertli hab und</Unicode>
                </TextEquiv>
            </TextLine>
            <TextLine id="r2l22" custom="readingOrder {index:20;}">
                <Coords points="1944,1625 2019,1614 2045,1636 2116,1640 2248,1595 2286,1613 2308,1591 2474,1574 2472,1536 2323,1564 2283,1541 2194,1567 2164,1545 2116,1582 2083,1560 2068,1577 2029,1565 1984,1589 1940,1585"/>
                <Baseline points="1952,1613 1977,1612 2003,1611 2028,1610 2054,1609 2080,1607 2105,1605 2131,1603 2157,1601 2182,1598 2208,1596 2234,1593 2259,1591 2285,1587 2311,1585 2336,1581 2362,1578 2388,1575 2413,1572 2439,1568 2465,1565"/>
                <TextEquiv>
                    <Unicode>o man zreiß züchen wurde.</Unicode>
                </TextEquiv>
            </TextLine>
            <TextLine id="r2l23" custom="readingOrder {index:21;}">
                <Coords points="1921,1691 2150,1690 2203,1645 2290,1683 2382,1672 2434,1635 2482,1665 2533,1661 2566,1637 2561,1571 2361,1585 2334,1607 2310,1588 2289,1613 2217,1604 2193,1631 2047,1638 2017,1614 1917,1641"/>
                <Baseline points="1929,1671 1960,1670 1991,1667 2022,1665 2054,1662 2085,1659 2116,1657 2148,1653 2179,1650 2210,1647 2242,1644 2273,1641 2304,1638 2335,1635 2367,1632 2398,1630 2429,1627 2461,1624 2492,1622 2523,1620 2555,1619"/>
                <TextEquiv>
                    <Unicode>müßte er es usbutzen lassen.</Unicode>
                </TextEquiv>
            </TextLine>
            <TextLine id="r2l24" custom="readingOrder {index:22;}">
                <Coords points="2072,1819 2084,1814 2092,1817 2095,1812 2101,1809 2103,1811 2107,1804 2113,1805 2122,1791 2131,1789 2124,1752 2107,1754 2101,1763 2091,1759 2061,1763"/>
                <Baseline points="2078,1802 2123,1793"/>
                <TextEquiv>
                    <Unicode>orste</Unicode>
                </TextEquiv>
            </TextLine>
            <TextLine id="r2l25" custom="readingOrder {index:23;}">
                <Coords points="1865,1860 1932,1850 1970,1878 2155,1838 2226,1860 2347,1823 2417,1853 2507,1814 2596,1818 2592,1755 2555,1766 2504,1739 2423,1780 2312,1737 2172,1815 2123,1791 2093,1816 1928,1759 1861,1800"/>
                <Baseline points="1874,1845 1909,1845 1945,1845 1980,1844 2016,1843 2051,1842 2087,1839 2122,1838 2158,1835 2193,1833 2229,1829 2265,1827 2300,1823 2336,1821 2371,1817 2407,1814 2442,1812 2478,1809 2513,1807 2549,1803 2585,1802"/>
                <TextEquiv>
                    <Unicode>1. Zum dritten ist er haussen angehoben</Unicode>
                </TextEquiv>
            </TextLine>
            <TextLine id="r2l26" custom="readingOrder {index:24;}">
                <Coords points="1917,1904 2064,1917 2117,1894 2157,1920 2187,1891 2211,1906 2384,1868 2416,1887 2499,1854 2497,1831 2401,1846 2332,1825 2208,1865 2145,1839 2084,1876 2054,1859 1987,1876 1914,1862"/>
                <Baseline points="1926,1896 1954,1896 1982,1895 2010,1895 2038,1893 2066,1892 2094,1891 2123,1889 2151,1887 2179,1885 2207,1882 2235,1880 2263,1878 2291,1874 2320,1871 2348,1869 2376,1866 2404,1864 2432,1862 2460,1859 2489,1856"/>
                <TextEquiv>
                    <Unicode>wie das er sol gredt haben ses</Unicode>
                </TextEquiv>
            </TextLine>
            <TextLine id="r2l27" custom="readingOrder {index:25;}">
                <Coords points="1917,1954 2022,1963 2078,1945 2117,1963 2159,1941 2206,1962 2252,1928 2296,1953 2387,1913 2452,1939 2552,1914 2549,1878 2455,1861 2421,1886 2343,1896 2288,1877 2149,1919 2101,1900 2064,1918 1913,1901"/>
                <Baseline points="1925,1943 1955,1944 1986,1943 2017,1943 2048,1941 2079,1940 2109,1938 2140,1935 2171,1933 2202,1931 2233,1928 2263,1925 2294,1922 2325,1919 2356,1916 2387,1914 2417,1911 2448,1908 2479,1905 2510,1902 2541,1901"/>
                <TextEquiv>
                    <Unicode>Ligind im wry uf den achslen</Unicode>
                </TextEquiv>
            </TextLine>
            <TextLine id="r2l28" custom="readingOrder {index:26;}">
                <Coords points="1920,2004 2065,2020 2112,1988 2151,2002 2208,1981 2279,1995 2323,1976 2525,1966 2510,1927 2191,1960 2141,1942 2041,1973 1994,1951 1916,1953"/>
                <Baseline points="1929,1992 1958,1992 1987,1991 2016,1991 2046,1989 2075,1988 2104,1986 2133,1983 2163,1982 2192,1979 2221,1977 2250,1974 2280,1971 2309,1968 2338,1965 2367,1963 2397,1961 2426,1959 2455,1958 2484,1957 2514,1956"/>
                <TextEquiv>
                    <Unicode>dero hab er einen entwent</Unicode>
                </TextEquiv>
            </TextLine>
            <TextLine id="r2l29" custom="readingOrder {index:27;}">
                <Coords points="1921,2066 2184,2034 2227,2050 2263,2026 2467,2001 2539,2024 2534,1966 2512,1965 2251,1999 2208,1981 2058,2020 1916,2002"/>
                <Baseline points="1929,2040 1960,2040 1992,2039 2023,2037 2055,2036 2086,2034 2118,2031 2149,2030 2181,2027 2212,2024 2244,2021 2275,2018 2307,2015 2338,2012 2370,2009 2401,2007 2433,2004 2464,2002 2496,2001 2528,2000"/>
                <TextEquiv>
                    <Unicode>die annderen zwen wel er ouch</Unicode>
                </TextEquiv>
            </TextLine>
            <TextLine id="r2l30" custom="readingOrder {index:28;}">
                <Coords points="1941,2099 2078,2084 2194,2107 2265,2097 2300,2066 2330,2084 2344,2069 2416,2077 2524,2045 2521,2017 2420,2006 2347,2039 2319,2020 2223,2051 2191,2033 1938,2065"/>
                <Baseline points="1950,2088 1978,2087 2006,2086 2034,2084 2062,2082 2091,2079 2119,2077 2147,2075 2175,2073 2203,2071 2232,2068 2260,2065 2288,2063 2316,2060 2344,2058 2373,2055 2401,2053 2429,2051 2457,2048 2485,2045 2514,2043"/>
                <TextEquiv>
                    <Unicode>abweeren oder got muss im</Unicode>
                </TextEquiv>
            </TextLine>
            <TextLine id="r2l31" custom="readingOrder {index:29;}">
                <Coords points="1962,2163 2040,2139 2173,2161 2284,2115 2355,2141 2407,2109 2467,2131 2548,2101 2543,2040 2419,2078 2331,2084 2299,2066 2267,2094 2094,2084 2022,2112 1956,2097"/>
                <Baseline points="1970,2138 1998,2136 2026,2135 2055,2132 2083,2130 2111,2128 2140,2126 2168,2123 2196,2120 2225,2118 2253,2115 2281,2113 2310,2110 2338,2107 2366,2105 2395,2102 2423,2100 2451,2097 2480,2093 2508,2091 2537,2088"/>
                <TextEquiv>
                    <Unicode>sin laben nemen, gibt bscheid</Unicode>
                </TextEquiv>
            </TextLine>
            <TextLine id="r2l32" custom="readingOrder {index:30;}">
                <Coords points="1941,2201 1979,2220 2026,2191 2077,2211 2109,2187 2159,2196 2204,2176 2312,2191 2364,2161 2443,2175 2477,2149 2559,2153 2557,2111 2381,2120 2364,2139 2284,2116 2252,2138 2206,2132 2176,2160 1937,2157"/>
                <Baseline points="1950,2193 1981,2192 2013,2189 2044,2187 2076,2186 2107,2183 2139,2181 2170,2178 2202,2175 2233,2172 2265,2169 2296,2166 2328,2163 2359,2159 2391,2156 2422,2153 2454,2149 2485,2146 2517,2142 2549,2139"/>
                <TextEquiv>
                    <Unicode>als er ein winstorf in den</Unicode>
                </TextEquiv>
            </TextLine>
            <TextLine id="r2l33" custom="readingOrder {index:31;}">
                <Coords points="1945,2259 1992,2281 2072,2245 2329,2235 2357,2214 2386,2234 2489,2223 2575,2195 2572,2163 2482,2155 2402,2187 2365,2160 2316,2198 2283,2175 2205,2176 2078,2209 2033,2198 2014,2218 1938,2199"/>
                <Baseline points="1953,2249 1983,2247 2014,2246 2044,2243 2075,2240 2105,2237 2136,2235 2166,2232 2197,2228 2227,2225 2258,2221 2289,2218 2319,2214 2350,2211 2380,2208 2411,2204 2441,2200 2472,2196 2502,2192 2533,2189 2564,2184"/>
                <TextEquiv>
                    <Unicode>unfal komen und an sinem hanm¬</Unicode>
                </TextEquiv>
            </TextLine>
            <TextLine id="r2l34" custom="readingOrder {index:32;}">
                <Coords points="1958,2335 2062,2295 2121,2324 2193,2291 2308,2289 2339,2258 2414,2280 2522,2267 2581,2235 2576,2193 2391,2235 2360,2216 2330,2235 2237,2232 2150,2266 2071,2245 2046,2273 1952,2282"/>
                <Baseline points="1965,2304 1995,2302 2025,2300 2055,2297 2086,2294 2116,2292 2146,2288 2177,2284 2207,2280 2237,2276 2268,2273 2298,2269 2328,2265 2358,2261 2389,2257 2419,2254 2449,2249 2480,2245 2510,2241 2540,2238 2571,2235"/>
                <TextEquiv>
                    <Unicode>gan ✳ sye benndicht shuegg unnd</Unicode>
                </TextEquiv>
            </TextLine>
            <TextLine id="r2l35" custom="readingOrder {index:33;}">
                <Coords points="1973,2389 2161,2343 2188,2362 2236,2331 2300,2360 2342,2315 2373,2337 2402,2320 2464,2334 2546,2289 2583,2292 2573,2242 2425,2280 2341,2259 2314,2288 2189,2292 2121,2325 2057,2300 1966,2336"/>
                <Baseline points="1979,2357 2008,2354 2038,2351 2068,2349 2097,2345 2127,2342 2157,2338 2186,2334 2216,2330 2246,2326 2276,2322 2305,2319 2335,2315 2365,2312 2394,2308 2424,2304 2454,2300 2483,2296 2513,2293 2543,2289 2573,2286"/>
                <TextEquiv>
                    <Unicode>noch einer im bis ufs brieytt</Unicode>
                </TextEquiv>
            </TextLine>
            <TextLine id="r2l36" custom="readingOrder {index:34;}">
                <Coords points="1961,2409 2010,2426 2140,2401 2163,2417 2226,2388 2251,2406 2284,2378 2317,2397 2346,2368 2413,2376 2526,2351 2550,2365 2567,2361 2561,2306 2507,2303 2444,2336 2402,2320 2372,2337 2341,2316 2302,2357 2216,2336 2189,2363 2128,2349 2103,2375 1958,2385"/>
                <Baseline points="1971,2412 2000,2411 2029,2408 2058,2406 2088,2403 2117,2400 2146,2395 2175,2392 2205,2388 2234,2384 2263,2381 2292,2376 2322,2373 2351,2368 2380,2365 2409,2361 2439,2358 2468,2355 2497,2352 2526,2351 2556,2349"/>
                <TextEquiv>
                    <Unicode>veld nach gangen, dero er sich</Unicode>
                </TextEquiv>
            </TextLine>
            <TextLine id="r2l37" custom="readingOrder {index:35;}">
                <Coords points="1962,2490 2023,2491 2048,2466 2095,2488 2163,2446 2196,2464 2240,2437 2351,2423 2431,2448 2461,2411 2558,2409 2549,2345 2483,2372 2375,2368 2340,2400 2291,2380 2180,2415 2068,2404 2009,2445 1956,2447"/>
                <Baseline points="1968,2471 1998,2468 2028,2465 2059,2462 2089,2458 2120,2454 2150,2449 2181,2445 2211,2440 2242,2435 2272,2431 2303,2425 2333,2420 2364,2416 2394,2412 2425,2407 2455,2404 2486,2400 2516,2397 2547,2394"/>
                <TextEquiv>
                    <Unicode>vntstssen vnnd daruff seinliche</Unicode>
                </TextEquiv>
            </TextLine>
            <TextLine id="r2l38" custom="readingOrder {index:36;}">
                <Coords points="2171,2520 2223,2512 2245,2521 2262,2501 2299,2508 2311,2498 2334,2512 2357,2490 2370,2500 2404,2499 2435,2483 2482,2478 2476,2439 2455,2438 2417,2455 2390,2447 2355,2462 2339,2451 2287,2462 2276,2454 2245,2475 2219,2469 2167,2492"/>
                <Baseline points="2180,2516 2206,2511 2233,2505 2259,2501 2286,2497 2312,2494 2339,2491 2365,2487 2392,2485 2418,2481 2445,2477 2472,2472"/>
                <TextEquiv>
                    <Unicode>dan sollichs der X</Unicode>
                </TextEquiv>
            </TextLine>
            <TextLine id="r2l39" custom="readingOrder {index:37;}">
                <Coords points="2495,2516 2510,2511 2515,2515 2525,2512 2544,2523 2555,2516 2563,2520 2585,2507 2594,2507 2590,2428 2569,2423 2536,2438 2525,2450 2517,2447 2510,2453 2491,2454"/>
                <Baseline points="2504,2498 2531,2497 2558,2494 2585,2495"/>
                <TextEquiv>
                    <Unicode>e</Unicode>
                </TextEquiv>
            </TextLine>
            <TextLine id="r2l40" custom="readingOrder {index:38;} place {offset:11; length:9;}">
                <Coords points="1955,2578 2493,2554 2490,2476 2347,2506 2326,2493 2182,2515 2160,2494 2100,2491 2074,2518 1953,2518"/>
                <Baseline points="1964,2540 1991,2538 2018,2538 2045,2537 2073,2537 2100,2535 2127,2535 2155,2534 2182,2534 2209,2533 2237,2532 2264,2531 2291,2531 2319,2529 2346,2528 2373,2528 2401,2526 2428,2525 2455,2523 2483,2522"/>
                <TextEquiv>
                    <Unicode>nemlich zi Bollingen an</Unicode>
                </TextEquiv>
            </TextLine>
            <TextEquiv>
                <Unicode>unnd sonst by allem henndell
sin darumb verhoren solle, der
wird wis konen sagen, wie
gesagter Winstorff mit im
den anfang gethan, vnd wie es
frothalb erganngen syn dann
er sonst wo man im das recht
gegen wunstorff erganlies.
gungsamtich erzeige welte das
winstorff aller sach ein urheber
gsin wo tc.
Zum anndern ist er befragt
ob war sye das er an orten
unnd ennden usgossen ✳ er
hab ein mur schwerdt uf Cenrat
Winistorff koufft dasselbig
müsse im werden, Zeigran
das er des nir bkanntlich sye
dann er allein ein klein alte
unusbutzt schwertli hab und
o man zreiß züchen wurde.
müßte er es usbutzen lassen.
orste
1. Zum dritten ist er haussen angehoben
wie das er sol gredt haben ses
Ligind im wry uf den achslen
dero hab er einen entwent
die annderen zwen wel er ouch
abweeren oder got muss im
sin laben nemen, gibt bscheid
als er ein winstorf in den
unfal komen und an sinem hanm¬
gan ✳ sye benndicht shuegg unnd
noch einer im bis ufs brieytt
veld nach gangen, dero er sich
vntstssen vnnd daruff seinliche
dan sollichs der X
e
nemlich zi Bollingen an</Unicode>
            </TextEquiv>
        </TextRegion>
    </Page>
</PcGts>
