4032 3024
1906 375 2622 469 uff nentag den v tag Mortzens im
1898 420 2624 515 xuf lyii jar ist in der keffi vom
1896 459 2607 568 herren glosweybell Ballus galdin
1891 501 2649 629 den schmid von undersouwen Jorgs
1908 561 2643 671 Mündlin von Villingen am schwarz¬
1908 601 2626 729 wald pùrttig fùrghalltten und be¬
1903 673 2629 803 fragt werden von wegen der arg¬
1902 716 2603 847 wonischen wortten und verdachtes
1896 775 2583 908 wettens ✳ soner deren er sich zu
1907 828 2625 941 Oberhoffen vor herren Shylgers
1923 910 2139 975 ssen hus im
1909 885 2639 1015 segen Jacob Trogen geprucht hatt
1892 945 2615 1088 vnd Namlich alda gsprochen, Es sih
1912 1025 2623 1141 ein schönes huß wüsse woll es sige
1901 1074 2634 1191 herr Thylpens, aber es werde nitt
1907 1140 2622 1250 ùber ij jar do stan ✳ und redt
1906 1185 2632 1295 Wiefer zu Jacoben trogen geerdt, Er
1911 1241 2645 1357 wolle mitt im umb sin kopff wot¬
1915 1311 2592 1394 ten ✳ wo es uber 1 jar desten
1912 1352 2655 1450 werde, doruff als der selbig knecht
1916 1415 2619 1531 ime schmid Jagen geantwortt, sin
1903 1471 2652 1587 kopff sig im nitt feil, er wells nitt
1930 1527 2646 1624 drum wetten habe er Jong gspro¬
1927 1583 2635 1686 chen so geltt es sinen, er hab ouch
2162 1637 2357 1681 ber das
2347 1639 2576 1722 uf sagtt er
1925 1657 2338 1736 ein kopff er
2206 1691 2275 1741 gsah
1945 1657 2633 1793 noch ein mal Als gallete ein maß
1932 1728 2655 1836 wyns wo es über zwey jar do stan
2052 1790 2628 1875 darzu der knecht vorge¬
1938 1808 2048 1866 werde.
2444 1820 2640 1915 so felle
2214 1829 2442 1915 gsprerser
1953 1857 2092 1909 nanter
2061 1850 2214 1929 s
1931 1881 2628 1978 i so hand wir beid zu trincken
2058 1930 2169 1980 semlichs
1924 1931 2580 2024 vff das Er grorh schmid hab
1946 1968 2619 2085 wellen zu hin gan, vnd dem
1943 2026 2607 2122 knecht inhin schlachen, als aber
1914 2066 2648 2158 der selb nitt hab wellen wetten
1956 2119 2585 2221 do hab dar er Jöra fhend für
1943 2165 2635 2274 das letzste gradt, Nun sag mirs
1937 2207 2646 2334 frölich nach, der schmid von vnder¬
1950 2260 2592 2362 seuwen, der Schwab, habe gride
1949 2319 2604 2413 Es werde nitt über in jar da
1970 2360 2596 2458 ten vnd hiemitt wan In
1963 2418 2434 2517 sin stras gangen
