4032 3024
1051 329 1789 451 7p addr ff Mirwichenn dan
1349 393 1778 483 Wywebeng im
1084 414 1406 495 unnd xx vi
1454 455 1794 549 sr fbe
1051 477 1802 592 Wanti Fhn der kheffinn
1047 519 1789 634 gage nnig gntonwirttigkedit
1038 566 1810 679 vnn Johanns in tag des bats
1047 608 1785 716 albus Galdi Großzweybebe ist
1047 653 1814 754 der bapffi mantti fuchs trn
1058 698 1818 796 mit ernst spfragt unnd bemant
1020 750 1789 840 word₎ ✳ frundlich unnd grytter die
1067 798 1820 898 wargvytt zu bekhrmsen ✳ mit vor
1057 855 1805 943 Er wy gstabt unnd zuͦstigung ✳ ꝫ
1082 890 1784 987 ich mit der frouwen Margertt
1064 941 1813 1020 Wyvn ienmupt urngunden fr
1049 996 1785 1093 darun ft das offelsan syg nath
1059 1034 1817 1137 dem inzu beydenn den gilchgar
1065 1099 1817 1181 zu Bundtorfft, diewie vr Etein er
1064 1143 1812 1239 sonpnus brieff hatte angeschlag
1082 1200 1835 1288 wartt f unnd vonn wägen das sy übr
1074 1245 1788 1344 olichs ein andenn nit müssig
1058 1273 1789 1368 zitegen ✳ fùr begnicht da solbs s
1090 1316 1838 1424 bick wendenn sigennt ✳ sy beyde ein
1075 1361 1855 1468 andenn dex er sethanndsich da
1785 1423 1850 1483 sich
1056 1409 1785 1529 unnd insunden vitt die frout
1040 1455 1842 1593 erguttonptt ✳ sy woleyfn haben
1104 1509 1821 1622 und wo man sy schann en miner
1074 1551 1816 1691 g x unn berunden nnd gopiott
1074 1610 1799 1722 nit dasso Susgasdic₎ ienn
1139 1634 1847 1769 syge doch anden wo als guͦtt zosin
1094 1710 1835 1821 als ie daruben unmit inenn
1109 1742 1827 1863 in wag in socbothurnon riett
1107 1778 1860 1931 gezogenn ✳ unnd also fr niip rachtli
1109 1816 1873 1965 vonn anwin abgestheidenn dnn
1112 1875 1872 2011 aben uden Edwas hitts geharn
1108 1917 1860 2080 die statt widerumb ingelassen
1080 1963 1860 2126 wnnd sich nittt fronna schrun
1128 2010 1869 2165 mit siner onston abgesthryd₎n
1125 2080 1864 2224 threg aeso Odlich tagen mit
1095 2128 1848 2262 Ann uß gegalt er Salt
1107 2171 1844 2340 darnach widonrumg uff der stor
1088 2223 1849 2392 in zùr zogenn die mit jeg
1093 2275 1863 2446 widerumb zuͦ Budigkoffen in de
1120 2304 1892 2484 Kiechen liechseng ✳ zuͦ vorgenampt
1138 2357 1895 2527 mangrott vwyen sywonung gse
1122 2408 1899 2575 das aben die ss sy bygusott undb
1141 2448 1887 2632 goffott gannd ✳ bhring wags d
1149 2513 1894 2692 gestattet hattnuwo sy den soban
1131 2549 1905 2738 fùnggig gaittnt das sy breutt fo
1883 266 2550 461 seregt geed
1823 319 2550 511 wie vormals mwr allso ✳ es hab
1879 371 2543 558 ich brgyb nach dem synnfrorn
2230 410 2574 509 sih habe vonn
1948 472 2221 571 o fwuw
1853 465 2548 639 am lassenn schwydenn ✳ dannach
1886 510 2570 683 das grnden merwtg x as in ac
1841 553 2553 753 uff dem lannd mit siewr hand
1853 626 1899 702 A
1865 602 2587 788 anbost sehupff ✳ unnd als unver
1874 635 2582 820 nwint wor gwalt gann sich and
1873 679 2599 864 lart mit fmer efrouwen Zeue
1878 750 2539 921 sachenn ✳ des jals habe un den
1878 776 2559 976 e dehen de
1870 813 2586 1010 verbryssenn unnd wolte daruff de¬
1873 874 2573 1072 kechgnung thunn ✳ das aber im
2312 937 2565 1025 diewis vn
1886 971 2331 1129 engen et
1888 1000 2577 1167 als vin abgschwidnr d ein pr
1890 1047 2598 1215 beurnus Grieff darnobegen hatt
1857 1097 2581 1273 unnd wart iuon zuͦ Bundolfft
1878 1153 2607 1320 vor denn borngnicht wol antzvigt
1872 1193 2568 1360 ie zusagen möchte Etzein eo sin.
1880 1260 2633 1422 daruff ergert intt des hab
1932 1334 2648 1460 vonn bundolff vin jar vrnwysenn
1872 1369 2651 1546 deso sige vn mit ira inn solsspurn
1891 1441 2644 1576 mutt gezogenn salt der nach gan
1877 1480 2650 1622 fùr mun gnt hn boungnigts kien
1902 1532 2639 1670 llich einen fellen anvzogt danüber
1877 1575 2605 1727 fnr davon der bestbrydt wartt en
1906 1628 2582 1781 mößte weder mit denon noch mit
1902 1679 2594 1826 einn andern sich verrelich an
1894 1723 2570 1873 ehrlousnung unnd solte noch so
1913 1779 2587 1915 sonnsz stic₎ stann abs bisz har
1924 1846 2595 1977 der anston stigigung ✳ als sige
1921 1890 2582 2024 dann sach das er sich mit vor
1901 1932 2626 2076 brstgewusnen frouwen sich möge
1933 1993 2653 2122 ver ainbarenn das vnnun vor
1925 2031 2707 2175 inn jar gethann hatt ✳ und etwas
1960 2085 2596 2225 ges alter in der star hushabli¬
1942 2126 2657 2269 psassen, darnach der armitt wider
1945 2162 2694 2311 nachzopen vnd zu Burtikhoffen leiden
1945 2224 2639 2333 widen mitt der Mangreth gfeltt
1947 2260 2688 2384 vnd stingscher vndte auch Ime sidithar
2404 2304 2658 2372 Ar kein
1958 2339 2337 2414 diee virndt geb
2405 2351 2616 2420 der ehr
1953 2375 2395 2467 wthere zusarunen
1968 2380 2713 2506 nthan, noch sollichs vor rmids
2232 2425 2664 2537 ouch das kindt
1964 2460 2237 2581 furgwandt
1981 2473 2638 2600 nik als lassen fur Ehlich
1981 2577 2143 2654 tuffen
