<?xml version="1.0" encoding="UTF-8" standalone="yes"?>
<PcGts xmlns="http://schema.primaresearch.org/PAGE/gts/pagecontent/2013-07-15" xmlns:xsi="http://www.w3.org/2001/XMLSchema-instance" xsi:schemaLocation="http://schema.primaresearch.org/PAGE/gts/pagecontent/2013-07-15 http://schema.primaresearch.org/PAGE/gts/pagecontent/2013-07-15/pagecontent.xsd">
    <Metadata>
        <Creator>prov=University of Rostock/Institute of Mathematics/CITlab|PLANET AI GmbH/Gundram Leifert/gundram.leifert@planet-ai.de:name=German_Kurrent_XVI-XVIII_M1(htr_id=19584)::::v=2.6.7
prov=University of Rostock/Institute of Mathematics/CITlab|PLANET AI GmbH/Tobias Gruening/tobias.gruening@planet-ai.de:name=de.uros.citlab.module.baseline2polygon.B2PSeamMultiOriented:v=2.6.7
prov=University of Rostock/Institute of Mathematics/CITlab|PLANET AI GmbH/Tobias Gruening/tobias.gruening@planet-ai.de:name=/net_tf/LA73_249_0mod360.pb:de.uros.citlab.segmentation.CITlab_LA_ML:v=2.6.7
Transkribus</Creator>
        <Created>2021-08-09T22:34:24.325+02:00</Created>
        <LastChange>2023-05-15T17:51:54.068+02:00</LastChange>
        <TranskribusMetadata docId="1349230" pageId="52966694" pageNr="190" tsid="121838660" status="IN_PROGRESS" userId="42748" imgUrl="https://files.transkribus.eu/Get?id=GGSDUPKTLTANBPXQVRVCGWAB&amp;fileType=view" xmlUrl="https://files.transkribus.eu/Get?id=OVSQGHSOJYZLNSMZKEQHGLJV" imageId="22032439"/>
    </Metadata>
    <Page imageFilename="Foto 23.07.21, 9 57 33 AM.jpg" imageWidth="4032" imageHeight="3024">
        <ReadingOrder>
            <OrderedGroup id="ro_1687513529437" caption="Regions reading order">
                <RegionRefIndexed index="0" regionRef="r1"/>
                <RegionRefIndexed index="1" regionRef="region_1684165906848_3550"/>
                <RegionRefIndexed index="2" regionRef="r2"/>
            </OrderedGroup>
        </ReadingOrder>
        <TextRegion orientation="0.0" type="paragraph" id="r1" custom="readingOrder {index:0;} structure {type:paragraph;}">
            <Coords points="1072,246 1124,2714 1911,2674 1815,351"/>
            <TextLine id="r1l1" custom="readingOrder {index:0;}">
                <Coords points="1175,322 1277,360 1345,338 1385,378 1486,343 1526,374 1655,377 1692,413 1728,401 1790,427 1798,357 1779,351 1631,353 1537,310 1490,331 1439,301 1390,319 1337,294 1307,307 1254,280 1180,282"/>
                <Baseline points="1184,321 1214,324 1244,326 1274,328 1304,332 1334,333 1364,337 1394,339 1424,342 1454,345 1484,348 1514,353 1544,356 1574,360 1604,365 1634,369 1664,375 1694,380 1724,387 1754,393 1784,401"/>
                <TextEquiv>
                    <Unicode>e grotes gote utut e. ahn sie</Unicode>
                </TextEquiv>
            </TextLine>
            <TextLine id="r1l2" custom="readingOrder {index:1;}">
                <Coords points="1123,391 1375,394 1410,421 1460,401 1622,406 1687,421 1719,457 1799,454 1802,418 1776,423 1749,392 1707,411 1602,366 1506,377 1438,352 1372,371 1316,336 1254,363 1130,322"/>
                <Baseline points="1134,377 1166,378 1199,380 1232,381 1265,383 1298,384 1330,386 1363,387 1396,389 1429,390 1462,393 1494,397 1527,400 1560,404 1593,407 1625,412 1658,418 1691,425 1724,432 1757,440 1790,450"/>
                <TextEquiv>
                    <Unicode>leben lang vor solchen thatte</Unicode>
                </TextEquiv>
            </TextLine>
            <TextLine id="r1l3" custom="readingOrder {index:2;}">
                <Coords points="1120,443 1209,474 1291,437 1356,477 1482,449 1532,480 1631,461 1804,497 1807,458 1715,456 1621,405 1424,419 1392,395 1313,416 1254,387 1124,393"/>
                <Baseline points="1130,429 1163,431 1196,431 1229,432 1263,432 1296,434 1329,434 1363,435 1396,437 1429,439 1463,441 1496,444 1529,446 1562,450 1596,454 1629,458 1662,462 1696,468 1729,475 1762,482 1796,489"/>
                <TextEquiv>
                    <Unicode>noch wychtes behutten wolle</Unicode>
                </TextEquiv>
            </TextLine>
            <TextLine id="r1l4" custom="readingOrder {index:3;}">
                <Coords points="1132,505 1394,504 1426,532 1536,513 1596,562 1745,541 1799,582 1819,515 1741,488 1678,508 1630,462 1572,490 1499,454 1366,479 1267,437 1219,476 1135,467"/>
                <Baseline points="1142,495 1175,495 1208,494 1241,495 1274,495 1308,497 1341,497 1374,499 1407,501 1440,503 1474,506 1507,509 1540,513 1573,517 1606,520 1640,525 1673,531 1706,536 1739,541 1772,548 1806,554"/>
                <TextEquiv>
                    <Unicode>wig Aum an doch sige, so dorh</Unicode>
                </TextEquiv>
            </TextLine>
            <TextLine id="r1l5" custom="readingOrder {index:4;}">
                <Coords points="1123,560 1176,553 1213,588 1280,553 1346,583 1498,564 1576,570 1700,622 1736,594 1809,610 1811,581 1744,540 1626,559 1471,512 1423,534 1310,505 1240,505 1195,536 1126,519"/>
                <Baseline points="1133,557 1166,555 1199,554 1233,552 1266,552 1299,552 1333,552 1366,554 1399,555 1433,557 1466,559 1499,562 1533,566 1566,568 1599,572 1633,576 1666,580 1699,586 1733,591 1766,596 1800,602"/>
                <TextEquiv>
                    <Unicode>er sollicher Sachen nützer dan</Unicode>
                </TextEquiv>
            </TextLine>
            <TextLine id="r1l6" custom="readingOrder {index:5;} person {offset:13; length:13;}">
                <Coords points="1120,624 1175,607 1227,643 1307,610 1352,648 1416,616 1495,619 1655,668 1698,640 1768,640 1822,675 1825,622 1707,583 1622,603 1498,563 1416,586 1294,555 1196,585 1124,560"/>
                <Baseline points="1130,615 1164,612 1198,609 1232,608 1266,606 1301,606 1335,606 1369,607 1403,608 1437,610 1472,612 1506,615 1540,618 1574,621 1608,624 1643,629 1677,633 1711,636 1745,641 1779,644 1814,648"/>
                <TextEquiv>
                    <Unicode>sin schwäger Nukli pfander uff</Unicode>
                </TextEquiv>
            </TextLine>
            <TextLine id="r1l7" custom="readingOrder {index:6;} place {offset:4; length:10;}">
                <Coords points="1127,677 1741,686 1832,734 1835,684 1769,641 1665,662 1613,629 1587,653 1483,618 1365,644 1305,609 1258,642 1130,623"/>
                <Baseline points="1137,662 1171,662 1205,662 1240,662 1274,662 1308,663 1343,663 1377,664 1411,665 1446,666 1480,668 1514,669 1549,671 1583,674 1617,677 1652,679 1686,683 1720,687 1755,692 1789,696 1824,701"/>
                <TextEquiv>
                    <Unicode>dem leugenberg zum nussg</Unicode>
                </TextEquiv>
            </TextLine>
            <TextLine id="r1l8" custom="readingOrder {index:7;}">
                <Coords points="1116,743 1250,717 1342,754 1400,728 1480,746 1565,731 1626,761 1701,730 1820,764 1821,725 1743,687 1666,709 1642,686 1552,696 1530,672 1432,665 1400,691 1376,668 1339,700 1267,673 1208,694 1119,683"/>
                <Baseline points="1128,707 1162,710 1196,711 1230,713 1264,713 1299,715 1333,716 1367,716 1401,717 1435,719 1470,719 1504,720 1538,722 1572,723 1606,726 1641,728 1675,731 1709,734 1743,738 1777,742 1812,747"/>
                <TextEquiv>
                    <Unicode>genant ✳ geb in essen und ten</Unicode>
                </TextEquiv>
            </TextLine>
            <TextLine id="r1l9" custom="readingOrder {index:8;}">
                <Coords points="1100,800 1201,771 1283,802 1389,780 1425,812 1482,779 1576,813 1643,777 1739,816 1832,804 1815,766 1604,758 1566,732 1102,750"/>
                <Baseline points="1110,767 1145,768 1181,769 1217,770 1252,770 1288,770 1324,770 1359,771 1395,771 1431,771 1467,771 1502,773 1538,773 1574,774 1609,776 1645,778 1681,780 1716,784 1752,787 1788,791 1824,795"/>
                <TextEquiv>
                    <Unicode>wan er kompt, ganga auch nit</Unicode>
                </TextEquiv>
            </TextLine>
            <TextLine id="r1l10" custom="readingOrder {index:9;}">
                <Coords points="1142,851 1213,864 1307,823 1484,862 1507,839 1625,826 1648,849 1695,828 1831,858 1831,815 1688,782 1567,779 1525,800 1404,781 1280,807 1143,784"/>
                <Baseline points="1152,828 1185,828 1219,828 1252,827 1286,827 1319,825 1353,825 1386,824 1420,824 1453,822 1487,822 1521,822 1554,822 1588,823 1621,824 1655,825 1688,827 1722,830 1755,833 1789,836 1823,840"/>
                <TextEquiv>
                    <Unicode>so gar mussig als Abe er von</Unicode>
                </TextEquiv>
            </TextLine>
            <TextLine id="r1l11" custom="readingOrder {index:10;}">
                <Coords points="1142,907 1386,918 1482,879 1615,912 1656,885 1829,912 1829,851 1694,829 1648,849 1566,830 1489,858 1356,828 1203,865 1142,850"/>
                <Baseline points="1151,888 1184,887 1217,885 1251,884 1284,882 1318,881 1351,881 1385,879 1418,878 1452,878 1485,878 1518,876 1552,876 1585,876 1619,878 1652,878 1686,878 1719,879 1753,881 1786,883 1820,885"/>
                <TextEquiv>
                    <Unicode>threye sigt, das wüsse sen schwage</Unicode>
                </TextEquiv>
            </TextLine>
            <TextLine id="r1l12" custom="readingOrder {index:11;}">
                <Coords points="1151,960 1387,947 1430,969 1481,932 1537,951 1655,926 1741,960 1762,938 1836,946 1835,912 1754,888 1728,910 1590,910 1482,879 1384,919 1149,905"/>
                <Baseline points="1160,950 1193,947 1226,946 1260,943 1293,942 1326,939 1360,938 1393,936 1426,935 1460,933 1493,932 1526,930 1560,930 1593,929 1626,929 1660,929 1693,930 1726,931 1760,932 1793,934 1827,936"/>
                <TextEquiv>
                    <Unicode>pfander wol, dem er nechst ver</Unicode>
                </TextEquiv>
            </TextLine>
            <TextLine id="r1l13" custom="readingOrder {index:12;}">
                <Coords points="1138,1017 1206,1024 1242,1003 1438,1027 1547,982 1678,993 1738,1022 1791,987 1827,997 1826,961 1764,938 1736,961 1616,947 1554,965 1485,934 1430,969 1219,959 1137,987"/>
                <Baseline points="1146,1008 1179,1007 1213,1005 1246,1002 1280,1001 1314,999 1347,998 1381,995 1414,993 1448,991 1482,990 1515,988 1549,987 1582,986 1616,986 1650,986 1683,986 1717,986 1750,986 1784,987 1818,990"/>
                <TextEquiv>
                    <Unicode>ganges herpsts ein mechtige va</Unicode>
                </TextEquiv>
            </TextLine>
            <TextLine id="r1l14" custom="readingOrder {index:13;}">
                <Coords points="1164,1069 1353,1078 1394,1049 1441,1087 1555,1043 1639,1077 1723,1032 1779,1075 1831,1071 1828,998 1795,990 1712,1020 1537,982 1458,1027 1402,1013 1355,1036 1311,1011 1162,1017"/>
                <Baseline points="1172,1062 1204,1062 1236,1061 1269,1059 1301,1058 1334,1056 1366,1055 1399,1052 1431,1050 1464,1049 1496,1046 1528,1045 1561,1044 1593,1042 1626,1041 1658,1040 1691,1040 1723,1040 1756,1040 1788,1041 1821,1043"/>
                <TextEquiv>
                    <Unicode>enleitte graben hab gebos</Unicode>
                </TextEquiv>
            </TextLine>
            <TextLine id="r1l15" custom="readingOrder {index:14;}">
                <Coords points="1149,1135 1183,1148 1225,1115 1292,1132 1345,1111 1385,1135 1489,1099 1655,1086 1838,1091 1837,1071 1756,1062 1715,1032 1653,1072 1560,1042 1454,1078 1394,1048 1284,1086 1218,1087 1145,1051"/>
                <Baseline points="1157,1121 1190,1118 1224,1113 1257,1111 1291,1108 1325,1105 1358,1103 1392,1100 1425,1098 1459,1097 1493,1095 1526,1094 1560,1092 1593,1092 1627,1091 1661,1091 1694,1089 1728,1089 1761,1089 1795,1089 1829,1089"/>
                <TextEquiv>
                    <Unicode>schweger zu brott vnd vorn</Unicode>
                </TextEquiv>
            </TextLine>
            <TextLine id="r1l16" custom="readingOrder {index:15;}">
                <Coords points="1156,1212 1459,1150 1670,1166 1834,1145 1831,1095 1670,1107 1648,1088 1535,1126 1484,1109 1290,1132 1266,1112 1183,1148 1152,1135"/>
                <Baseline points="1164,1179 1197,1175 1230,1170 1263,1167 1296,1163 1329,1160 1362,1157 1395,1154 1428,1152 1461,1151 1494,1148 1527,1146 1560,1145 1593,1145 1626,1143 1659,1143 1692,1143 1725,1143 1758,1143 1791,1143 1824,1145"/>
                <TextEquiv>
                    <Unicode>zelohn, wann er dan dasselb¬</Unicode>
                </TextEquiv>
            </TextLine>
            <TextLine id="r1l17" custom="readingOrder {index:16;}">
                <Coords points="1165,1234 1506,1213 1526,1192 1582,1218 1670,1191 1756,1223 1839,1211 1836,1145 1670,1165 1528,1149 1505,1168 1465,1151 1210,1208 1162,1176"/>
                <Baseline points="1173,1229 1205,1226 1238,1223 1271,1220 1304,1216 1337,1213 1370,1210 1402,1207 1435,1204 1468,1202 1501,1200 1534,1198 1567,1196 1600,1195 1632,1193 1665,1193 1698,1193 1731,1193 1764,1194 1797,1196 1830,1197"/>
                <TextEquiv>
                    <Unicode>inem völckli hein zu hab</Unicode>
                </TextEquiv>
            </TextLine>
            <TextLine id="r1l18" custom="readingOrder {index:17;}">
                <Coords points="1160,1288 1217,1270 1268,1302 1407,1285 1436,1255 1496,1273 1534,1246 1580,1260 1620,1239 1670,1262 1834,1253 1832,1221 1703,1215 1673,1192 1649,1213 1476,1202 1158,1252"/>
                <Baseline points="1169,1277 1201,1274 1234,1271 1267,1266 1300,1264 1332,1261 1365,1257 1398,1256 1431,1253 1463,1251 1496,1248 1529,1247 1562,1245 1594,1244 1627,1243 1660,1242 1693,1242 1725,1242 1758,1242 1791,1242 1824,1242"/>
                <TextEquiv>
                    <Unicode>trug, sagte dlütt er käms</Unicode>
                </TextEquiv>
            </TextLine>
            <TextLine id="r1l19" custom="readingOrder {index:18;} person {offset:14; length:14;}">
                <Coords points="1146,1328 1265,1306 1303,1326 1583,1298 1628,1325 1707,1292 1851,1305 1848,1246 1804,1268 1723,1250 1661,1270 1615,1243 1524,1251 1493,1278 1436,1255 1402,1286 1144,1285"/>
                <Baseline points="1154,1314 1188,1313 1222,1313 1257,1311 1291,1311 1325,1308 1360,1308 1394,1305 1428,1304 1463,1301 1497,1300 1531,1298 1566,1295 1600,1293 1634,1292 1669,1290 1703,1289 1737,1287 1772,1287 1806,1286 1841,1286"/>
                <TextEquiv>
                    <Unicode>aber mitt der burdi argwonte</Unicode>
                </TextEquiv>
            </TextLine>
            <TextLine id="r1l20" custom="readingOrder {index:19;}">
                <Coords points="1171,1387 1229,1400 1265,1368 1409,1385 1461,1355 1613,1345 1740,1365 1806,1332 1805,1301 1731,1310 1706,1293 1620,1323 1584,1296 1531,1323 1445,1304 1405,1327 1231,1315 1167,1332"/>
                <Baseline points="1178,1368 1209,1367 1240,1365 1271,1362 1302,1361 1333,1358 1364,1356 1395,1355 1426,1353 1457,1351 1488,1349 1519,1346 1550,1344 1581,1342 1612,1340 1643,1337 1674,1336 1705,1333 1736,1331 1767,1328 1799,1326"/>
                <TextEquiv>
                    <Unicode>solches entfrombdet than,</Unicode>
                </TextEquiv>
            </TextLine>
            <TextLine id="r1l21" custom="readingOrder {index:20;}">
                <Coords points="1138,1465 1169,1448 1262,1473 1323,1436 1413,1452 1589,1418 1846,1428 1842,1369 1778,1345 1638,1397 1582,1376 1506,1390 1447,1360 1411,1386 1352,1368 1289,1419 1183,1386 1135,1411"/>
                <Baseline points="1146,1449 1180,1446 1214,1443 1249,1440 1283,1437 1318,1436 1352,1433 1387,1431 1421,1428 1456,1427 1490,1425 1524,1423 1559,1421 1593,1418 1628,1416 1662,1413 1697,1411 1731,1409 1766,1406 1800,1403 1835,1400"/>
                <TextEquiv>
                    <Unicode>Item so ist ime withensfürgh</Unicode>
                </TextEquiv>
            </TextLine>
            <TextLine id="r1l22" custom="readingOrder {index:21;}">
                <Coords points="1166,1530 1275,1481 1347,1504 1386,1478 1493,1491 1583,1465 1622,1484 1835,1448 1831,1402 1809,1400 1708,1434 1631,1416 1597,1441 1481,1429 1440,1454 1372,1427 1237,1474 1160,1455"/>
                <Baseline points="1173,1499 1205,1494 1238,1491 1270,1488 1303,1484 1336,1482 1368,1479 1401,1476 1434,1473 1466,1471 1499,1468 1532,1467 1564,1464 1597,1461 1630,1459 1662,1456 1695,1454 1728,1451 1760,1448 1793,1445 1826,1442"/>
                <TextEquiv>
                    <Unicode>tten ob ime nütt zu wüssen</Unicode>
                </TextEquiv>
            </TextLine>
            <TextLine id="r1l23" custom="readingOrder {index:22;}">
                <Coords points="1159,1556 1379,1525 1411,1541 1470,1515 1525,1532 1580,1509 1631,1530 1736,1499 1802,1520 1850,1490 1846,1442 1673,1481 1584,1467 1446,1498 1393,1479 1357,1506 1264,1484 1156,1522"/>
                <Baseline points="1167,1548 1200,1545 1234,1542 1268,1539 1301,1535 1335,1531 1369,1528 1402,1525 1436,1521 1470,1518 1504,1515 1537,1511 1571,1509 1605,1506 1638,1503 1672,1500 1706,1497 1739,1496 1773,1494 1807,1491 1841,1490"/>
                <TextEquiv>
                    <Unicode>von dem das vor einem Jar, t</Unicode>
                </TextEquiv>
            </TextLine>
            <TextLine id="r1l24" custom="readingOrder {index:23;}">
                <Coords points="1176,1616 1295,1572 1354,1591 1459,1561 1858,1540 1854,1494 1832,1487 1804,1518 1734,1500 1655,1527 1588,1512 1449,1544 1377,1526 1215,1565 1171,1552"/>
                <Baseline points="1182,1584 1215,1582 1248,1580 1281,1578 1315,1576 1348,1572 1381,1570 1415,1567 1448,1563 1481,1561 1515,1557 1548,1555 1581,1551 1614,1548 1648,1546 1681,1544 1714,1541 1748,1538 1781,1537 1814,1535 1848,1533"/>
                <TextEquiv>
                    <Unicode>zwen mutt einem meitli in de</Unicode>
                </TextEquiv>
            </TextLine>
            <TextLine id="r1l25" custom="readingOrder {index:24;}">
                <Coords points="1164,1639 1283,1622 1413,1643 1584,1592 1642,1614 1681,1588 1829,1597 1856,1580 1852,1537 1732,1562 1462,1561 1427,1590 1307,1587 1273,1609 1210,1591 1162,1618"/>
                <Baseline points="1172,1635 1205,1634 1239,1632 1273,1629 1307,1626 1340,1622 1374,1619 1408,1616 1442,1613 1475,1609 1509,1606 1543,1602 1577,1598 1610,1595 1644,1591 1678,1589 1712,1584 1745,1582 1779,1579 1813,1575 1847,1574"/>
                <TextEquiv>
                    <Unicode>ouw anchr der thuneren Cin</Unicode>
                </TextEquiv>
            </TextLine>
            <TextLine id="r1l26" custom="readingOrder {index:25;}">
                <Coords points="1159,1690 1328,1670 1375,1694 1431,1655 1509,1680 1596,1640 1857,1619 1853,1584 1770,1583 1682,1612 1583,1593 1438,1639 1154,1640"/>
                <Baseline points="1166,1676 1200,1676 1234,1674 1268,1671 1302,1668 1336,1666 1370,1663 1404,1661 1438,1657 1472,1654 1506,1650 1540,1646 1574,1642 1608,1639 1642,1634 1676,1631 1710,1626 1744,1623 1778,1618 1812,1615 1847,1610"/>
                <TextEquiv>
                    <Unicode>derbrungkn habindt muttwil</Unicode>
                </TextEquiv>
            </TextLine>
            <TextLine id="r1l27" custom="readingOrder {index:26;}">
                <Coords points="1471,1729 1509,1704 1544,1719 1622,1688 1653,1702 1715,1675 1748,1683 1757,1671 1846,1658 1841,1625 1819,1635 1800,1623 1753,1639 1681,1640 1630,1667 1564,1647 1528,1681 1484,1665 1463,1672"/>
                <Baseline points="1476,1704 1501,1702 1527,1699 1553,1695 1578,1692 1604,1688 1630,1685 1656,1681 1681,1677 1707,1673 1733,1670 1758,1666 1784,1663 1810,1659 1836,1656"/>
                <TextEquiv>
                    <Unicode>st sei antwurtt</Unicode>
                </TextEquiv>
            </TextLine>
            <TextLine id="r1l28" custom="readingOrder {index:27;}">
                <Coords points="1157,1736 1170,1736 1185,1727 1193,1731 1207,1726 1251,1748 1280,1743 1276,1689 1266,1692 1234,1681 1226,1687 1217,1682 1199,1685 1191,1679 1165,1688 1154,1686"/>
                <Baseline points="1166,1721 1191,1721 1217,1718 1243,1716 1269,1716"/>
                <TextEquiv>
                    <Unicode>lett</Unicode>
                </TextEquiv>
            </TextLine>
            <TextLine id="r1l29" custom="readingOrder {index:28;}">
                <Coords points="1165,1784 1261,1765 1388,1785 1492,1745 1582,1763 1650,1725 1682,1743 1713,1717 1845,1714 1838,1664 1797,1662 1480,1727 1425,1701 1272,1746 1159,1736"/>
                <Baseline points="1172,1775 1205,1773 1238,1771 1271,1767 1304,1765 1337,1762 1370,1758 1403,1754 1436,1750 1469,1746 1502,1742 1535,1737 1568,1732 1601,1728 1634,1724 1667,1719 1700,1714 1733,1710 1766,1705 1799,1700 1833,1695"/>
                <TextEquiv>
                    <Unicode>darvon sig ime gentzlich alle</Unicode>
                </TextEquiv>
            </TextLine>
            <TextLine id="r1l30" custom="readingOrder {index:29;}">
                <Coords points="1176,1831 1283,1805 1328,1824 1390,1788 1436,1809 1550,1780 1608,1804 1653,1765 1760,1781 1802,1747 1859,1757 1853,1706 1714,1717 1677,1745 1575,1730 1544,1761 1492,1745 1459,1772 1170,1783"/>
                <Baseline points="1182,1809 1215,1808 1248,1806 1281,1803 1315,1800 1348,1798 1381,1795 1414,1792 1448,1789 1481,1785 1514,1781 1547,1777 1581,1773 1614,1769 1647,1766 1680,1761 1714,1757 1747,1753 1780,1748 1813,1744 1847,1739"/>
                <TextEquiv>
                    <Unicode>dingen nütt zu wussen</Unicode>
                </TextEquiv>
            </TextLine>
            <TextLine id="r1l31" custom="readingOrder {index:30;}">
                <Coords points="1146,1891 1489,1824 1543,1848 1737,1805 1787,1827 1855,1796 1851,1761 1803,1749 1742,1783 1619,1782 1591,1802 1499,1787 1432,1818 1401,1797 1304,1829 1248,1809 1141,1838"/>
                <Baseline points="1152,1857 1186,1856 1221,1853 1255,1851 1290,1848 1325,1845 1359,1843 1394,1839 1428,1837 1463,1833 1498,1829 1532,1825 1567,1821 1601,1818 1636,1814 1671,1809 1705,1806 1740,1801 1774,1798 1809,1794 1844,1788"/>
                <TextEquiv>
                    <Unicode>noch das Ame etwas ye in der</Unicode>
                </TextEquiv>
            </TextLine>
            <TextLine id="r1l32" custom="readingOrder {index:31;}">
                <Coords points="1170,1934 1214,1944 1295,1895 1326,1914 1353,1895 1480,1910 1521,1882 1638,1899 1791,1850 1862,1856 1857,1793 1791,1831 1738,1806 1685,1835 1647,1813 1587,1847 1495,1829 1472,1852 1398,1843 1336,1873 1165,1886"/>
                <Baseline points="1176,1911 1209,1908 1243,1903 1277,1900 1311,1896 1345,1893 1379,1890 1412,1887 1446,1884 1480,1880 1514,1877 1548,1874 1582,1871 1616,1866 1649,1864 1683,1860 1717,1856 1751,1851 1785,1846 1819,1841 1853,1835"/>
                <TextEquiv>
                    <Unicode>gegur widerfaren sig dan all</Unicode>
                </TextEquiv>
            </TextLine>
            <TextLine id="r1l33" custom="readingOrder {index:32;}">
                <Coords points="1159,1973 1492,1961 1539,1939 1639,1951 1695,1906 1870,1906 1864,1858 1831,1852 1665,1897 1521,1883 1490,1909 1406,1900 1316,1934 1154,1933"/>
                <Baseline points="1167,1968 1201,1964 1236,1961 1270,1958 1305,1953 1340,1950 1374,1946 1409,1943 1443,1939 1478,1936 1513,1932 1547,1928 1582,1923 1616,1920 1651,1916 1686,1911 1720,1906 1755,1901 1789,1896 1824,1890 1859,1884"/>
                <TextEquiv>
                    <Unicode>damitt er doch nützit verhaltten</Unicode>
                </TextEquiv>
            </TextLine>
            <TextLine id="r1l34" custom="readingOrder {index:33;} person {offset:26; length:3; continued:true;}">
                <Coords points="1168,2030 1268,2002 1342,2022 1504,1982 1572,2006 1720,1956 1832,1978 1874,1945 1870,1905 1817,1931 1752,1908 1630,1955 1542,1938 1507,1967 1462,1946 1344,1975 1163,1977"/>
                <Baseline points="1175,2007 1209,2007 1244,2006 1278,2006 1313,2004 1347,2001 1382,1999 1416,1997 1451,1993 1485,1990 1520,1987 1554,1984 1589,1979 1623,1975 1658,1971 1692,1965 1727,1960 1761,1956 1796,1951 1830,1946 1865,1941"/>
                <TextEquiv>
                    <Unicode>das vff ein Zytt als mitt pet</Unicode>
                </TextEquiv>
            </TextLine>
            <TextLine id="r1l35" custom="readingOrder {index:34;} person {offset:0; length:6; continued:true;} person {offset:11; length:15;}">
                <Coords points="1175,2065 1258,2084 1342,2042 1514,2057 1572,2024 1621,2046 1655,2015 1730,2002 1775,2026 1811,1993 1865,1988 1862,1956 1743,1974 1720,1958 1573,2006 1409,1994 1326,2028 1227,2009 1171,2030"/>
                <Baseline points="1182,2055 1215,2052 1249,2051 1283,2048 1316,2046 1350,2043 1384,2041 1417,2036 1451,2033 1485,2030 1519,2026 1552,2023 1586,2019 1620,2015 1653,2010 1687,2007 1721,2002 1754,1998 1788,1995 1822,1991 1856,1986"/>
                <TextEquiv>
                    <Unicode>wenger und panli bodenzins</Unicode>
                </TextEquiv>
            </TextLine>
            <TextLine id="r1l36" custom="readingOrder {index:35;}">
                <Coords points="1177,2127 1326,2086 1365,2114 1402,2090 1433,2112 1874,2043 1867,1984 1775,2025 1729,2002 1622,2048 1535,2035 1510,2058 1470,2038 1370,2043 1331,2069 1266,2049 1171,2068"/>
                <Baseline points="1184,2102 1217,2099 1251,2096 1285,2094 1319,2091 1353,2089 1387,2086 1421,2083 1455,2081 1489,2078 1523,2075 1556,2072 1590,2068 1624,2065 1658,2060 1692,2056 1726,2051 1760,2046 1794,2039 1828,2033 1862,2025"/>
                <TextEquiv>
                    <Unicode>sampt zweyen erwachsnen dac</Unicode>
                </TextEquiv>
            </TextLine>
            <TextLine id="r1l37" custom="readingOrder {index:36;}">
                <Coords points="1791,2085 1802,2085 1806,2088 1815,2080 1824,2080 1829,2083 1831,2081 1834,2085 1836,2083 1847,2090 1859,2078 1868,2078 1868,2046 1843,2047 1838,2042 1833,2042 1824,2049 1816,2049 1813,2053 1809,2049 1802,2053 1791,2053"/>
                <Baseline points="1800,2075 1830,2075 1860,2075"/>
                <TextEquiv>
                    <Unicode>ver¬</Unicode>
                </TextEquiv>
            </TextLine>
            <TextLine id="r1l38" custom="readingOrder {index:37;}">
                <Coords points="1183,2165 1306,2137 1363,2168 1474,2125 1514,2150 1535,2126 1712,2098 1738,2110 1792,2085 1788,2046 1629,2094 1563,2078 1543,2100 1458,2095 1433,2112 1328,2086 1179,2126"/>
                <Baseline points="1191,2150 1220,2147 1250,2143 1279,2142 1309,2139 1339,2137 1368,2135 1398,2132 1428,2130 1457,2127 1487,2124 1517,2121 1546,2119 1576,2116 1606,2112 1635,2109 1665,2107 1695,2102 1724,2099 1754,2095 1784,2091"/>
                <TextEquiv>
                    <Unicode>ven so ime gnuningen</Unicode>
                </TextEquiv>
            </TextLine>
            <TextLine id="r1l39" custom="readingOrder {index:38;}">
                <Coords points="1170,2197 1595,2175 1869,2110 1865,2080 1790,2081 1744,2112 1601,2115 1518,2146 1474,2124 1384,2159 1276,2142 1168,2172"/>
                <Baseline points="1179,2192 1213,2189 1247,2185 1281,2181 1315,2178 1349,2175 1383,2172 1417,2169 1451,2166 1485,2163 1519,2160 1553,2157 1587,2154 1621,2149 1655,2146 1689,2140 1723,2136 1757,2130 1791,2124 1825,2118 1860,2109"/>
                <TextEquiv>
                    <Unicode>wandt voruuhun dase da</Unicode>
                </TextEquiv>
            </TextLine>
            <TextLine id="r1l40" custom="readingOrder {index:39;}">
                <Coords points="1189,2245 1563,2213 1735,2174 1787,2187 1869,2161 1864,2112 1723,2158 1411,2175 1353,2202 1261,2186 1185,2213"/>
                <Baseline points="1197,2232 1230,2229 1263,2226 1296,2222 1329,2219 1362,2216 1395,2213 1429,2210 1462,2208 1495,2204 1528,2201 1561,2198 1594,2194 1627,2191 1661,2187 1694,2182 1727,2177 1760,2173 1793,2167 1826,2161 1860,2156"/>
                <TextEquiv>
                    <Unicode>mantt warent gsin nur</Unicode>
                </TextEquiv>
            </TextLine>
            <TextLine id="r1l41" custom="readingOrder {index:40;}">
                <Coords points="1182,2301 1263,2272 1567,2265 1630,2231 1679,2254 1867,2195 1862,2161 1745,2162 1564,2213 1539,2200 1389,2240 1359,2220 1260,2246 1209,2232 1176,2258"/>
                <Baseline points="1187,2276 1220,2274 1254,2271 1287,2270 1321,2266 1354,2263 1388,2259 1421,2254 1455,2249 1488,2244 1522,2240 1555,2235 1589,2230 1622,2225 1656,2220 1689,2215 1723,2210 1756,2206 1790,2202 1823,2198 1857,2195"/>
                <TextEquiv>
                    <Unicode>babh</Unicode>
                </TextEquiv>
            </TextLine>
            <TextLine id="r1l42" custom="readingOrder {index:41;}">
                <Coords points="1169,2346 1476,2294 1522,2312 1646,2283 1724,2297 1884,2237 1879,2192 1679,2255 1629,2232 1572,2266 1272,2274 1234,2299 1160,2273"/>
                <Baseline points="1175,2324 1211,2320 1248,2316 1285,2312 1322,2308 1358,2306 1395,2302 1432,2299 1469,2296 1506,2292 1542,2288 1579,2285 1616,2280 1653,2276 1690,2271 1726,2264 1763,2259 1800,2251 1837,2242 1874,2234"/>
                <TextEquiv>
                    <Unicode>zu märitt warendt gsen und</Unicode>
                </TextEquiv>
            </TextLine>
            <TextLine id="r1l43" custom="readingOrder {index:42;}">
                <Coords points="1179,2370 1269,2385 1292,2362 1815,2318 1883,2285 1878,2241 1711,2298 1663,2285 1513,2312 1475,2294 1176,2345"/>
                <Baseline points="1188,2367 1222,2364 1256,2361 1290,2358 1325,2356 1359,2352 1393,2349 1428,2346 1462,2343 1496,2340 1531,2336 1565,2333 1599,2328 1633,2325 1668,2319 1702,2315 1736,2309 1771,2304 1805,2298 1839,2291 1874,2283"/>
                <TextEquiv>
                    <Unicode>ouch nyben die vortunfft mot</Unicode>
                </TextEquiv>
            </TextLine>
            <TextLine id="r1l44" custom="readingOrder {index:43;}">
                <Coords points="1198,2415 1250,2431 1341,2390 1422,2421 1523,2377 1614,2398 1722,2352 1888,2332 1867,2289 1780,2324 1194,2374"/>
                <Baseline points="1205,2399 1238,2397 1272,2396 1305,2394 1339,2391 1373,2390 1406,2387 1440,2385 1473,2382 1507,2380 1541,2376 1574,2373 1608,2369 1641,2365 1675,2360 1709,2356 1742,2350 1776,2343 1809,2336 1843,2329 1877,2321"/>
                <TextEquiv>
                    <Unicode>wiyn dan sich gezommt he</Unicode>
                </TextEquiv>
            </TextLine>
            <TextLine id="r1l45" custom="readingOrder {index:44;}">
                <Coords points="1188,2457 1301,2442 1415,2462 1463,2420 1568,2447 1696,2395 1777,2410 1804,2394 1798,2341 1689,2380 1602,2365 1573,2396 1523,2378 1495,2406 1390,2417 1342,2390 1291,2416 1184,2424"/>
                <Baseline points="1196,2448 1225,2447 1255,2444 1285,2443 1315,2440 1345,2438 1375,2435 1405,2432 1435,2429 1465,2426 1495,2424 1524,2420 1554,2417 1584,2412 1614,2409 1644,2405 1674,2401 1704,2397 1734,2392 1764,2388 1794,2384"/>
                <TextEquiv>
                    <Unicode>stuncken, begebe es s</Unicode>
                </TextEquiv>
            </TextLine>
            <TextLine id="r1l46" custom="readingOrder {index:45;}">
                <Coords points="1188,2498 1282,2517 1358,2488 1467,2509 1600,2461 1673,2486 1736,2437 1880,2419 1873,2357 1776,2409 1728,2398 1631,2436 1457,2423 1415,2462 1301,2443 1184,2459"/>
                <Baseline points="1197,2493 1230,2489 1264,2486 1297,2484 1331,2480 1365,2478 1398,2475 1432,2474 1465,2472 1499,2469 1533,2466 1566,2463 1600,2460 1633,2456 1667,2451 1701,2446 1734,2440 1768,2433 1801,2426 1835,2416 1869,2406"/>
                <TextEquiv>
                    <Unicode>an inem heimweg, das de</Unicode>
                </TextEquiv>
            </TextLine>
            <TextLine id="r1l47" custom="readingOrder {index:46;}">
                <Coords points="1477,2538 1516,2521 1535,2531 1572,2511 1601,2523 1642,2497 1742,2497 1801,2470 1827,2475 1856,2460 1849,2411 1815,2432 1783,2429 1729,2468 1661,2453 1617,2472 1553,2465 1496,2497 1469,2487"/>
                <Baseline points="1482,2519 1508,2515 1534,2510 1560,2507 1586,2504 1612,2501 1638,2498 1664,2495 1690,2492 1716,2488 1742,2484 1768,2480 1794,2473 1820,2467 1847,2457"/>
                <TextEquiv>
                    <Unicode> sich air die</Unicode>
                </TextEquiv>
            </TextLine>
            <TextLine id="r1l48" custom="readingOrder {index:47;}">
                <Coords points="1194,2558 1216,2565 1270,2539 1317,2534 1333,2542 1352,2530 1392,2533 1421,2547 1462,2537 1458,2475 1434,2484 1413,2476 1377,2498 1355,2488 1335,2504 1325,2499 1312,2511 1281,2515 1221,2495 1191,2497"/>
                <Baseline points="1202,2532 1227,2532 1252,2532 1277,2531 1302,2529 1327,2527 1352,2526 1377,2524 1402,2522 1427,2520 1452,2517"/>
                <TextEquiv>
                    <Unicode>zwen mann</Unicode>
                </TextEquiv>
            </TextLine>
            <TextLine id="r1l49" custom="readingOrder {index:48;}">
                <Coords points="1840,2545 1854,2548 1857,2551 1864,2550 1871,2552 1880,2508 1873,2506 1867,2509 1863,2506 1856,2510 1847,2508"/>
                <Baseline points="1851,2534 1866,2537"/>
                <TextEquiv>
                    <Unicode>vo</Unicode>
                </TextEquiv>
            </TextLine>
            <TextLine id="r1l50" custom="readingOrder {index:49;}">
                <Coords points="1203,2617 1248,2612 1278,2576 1355,2588 1376,2571 1406,2593 1453,2562 1531,2575 1600,2543 1744,2542 1786,2513 1871,2504 1868,2477 1802,2470 1771,2497 1403,2550 1194,2539"/>
                <Baseline points="1208,2579 1240,2577 1273,2576 1306,2573 1338,2570 1371,2567 1404,2565 1436,2562 1469,2559 1502,2556 1535,2553 1567,2549 1600,2546 1633,2541 1665,2536 1698,2532 1731,2526 1763,2522 1796,2516 1829,2509 1862,2502"/>
                <TextEquiv>
                    <Unicode>zweyen meyttlinen in die</Unicode>
                </TextEquiv>
            </TextLine>
            <TextLine id="r1l51" custom="readingOrder {index:50;}">
                <Coords points="1755,2592 1763,2589 1765,2591 1772,2585 1779,2587 1792,2565 1798,2566 1805,2559 1816,2556 1805,2514 1797,2516 1787,2513 1780,2517 1776,2516 1767,2529 1761,2527 1754,2536 1742,2539"/>
                <Baseline points="1758,2568 1806,2556"/>
                <TextEquiv>
                    <Unicode>si</Unicode>
                </TextEquiv>
            </TextLine>
            <TextLine id="r1l52" custom="readingOrder {index:51;} place {offset:7; length:11;}">
                <Coords points="1185,2639 1426,2605 1530,2619 1604,2586 1733,2596 1733,2542 1686,2530 1670,2548 1600,2543 1511,2575 1481,2558 1405,2591 1376,2569 1337,2595 1302,2576 1180,2591"/>
                <Baseline points="1193,2627 1219,2624 1246,2622 1273,2620 1299,2618 1326,2614 1353,2612 1379,2609 1406,2606 1433,2603 1460,2601 1486,2598 1513,2594 1540,2592 1566,2589 1593,2585 1620,2582 1646,2579 1673,2576 1700,2573 1727,2570"/>
                <TextEquiv>
                    <Unicode>by der bandenburgg</Unicode>
                </TextEquiv>
            </TextLine>
            <TextLine id="r1l53" custom="readingOrder {index:52;}">
                <Coords points="1200,2702 1249,2672 1342,2664 1440,2687 1515,2636 1726,2652 1763,2618 1794,2634 1896,2584 1890,2532 1865,2553 1826,2542 1765,2589 1608,2588 1537,2621 1427,2605 1396,2633 1301,2641 1246,2618 1193,2645"/>
                <Baseline points="1205,2673 1239,2668 1273,2665 1307,2661 1341,2658 1375,2655 1409,2652 1443,2649 1477,2646 1511,2643 1545,2640 1579,2637 1613,2633 1647,2628 1681,2623 1715,2618 1749,2612 1783,2605 1817,2598 1851,2588 1886,2579"/>
                <TextEquiv>
                    <Unicode>Ims in die ouw verschlickt</Unicode>
                </TextEquiv>
            </TextLine>
            <TextEquiv>
                <Unicode>e grotes gote utut e. ahn sie
leben lang vor solchen thatte
noch wychtes behutten wolle
wig Aum an doch sige, so dorh
er sollicher Sachen nützer dan
sin schwäger Nukli pfander uff
dem leugenberg zum nussg
genant ✳ geb in essen und ten
wan er kompt, ganga auch nit
so gar mussig als Abe er von
threye sigt, das wüsse sen schwage
pfander wol, dem er nechst ver
ganges herpsts ein mechtige va
enleitte graben hab gebos
schweger zu brott vnd vorn
zelohn, wann er dan dasselb¬
inem völckli hein zu hab
trug, sagte dlütt er käms
aber mitt der burdi argwonte
solches entfrombdet than,
Item so ist ime withensfürgh
tten ob ime nütt zu wüssen
von dem das vor einem Jar, t
zwen mutt einem meitli in de
ouw anchr der thuneren Cin
derbrungkn habindt muttwil
st sei antwurtt
lett
darvon sig ime gentzlich alle
dingen nütt zu wussen
noch das Ame etwas ye in der
gegur widerfaren sig dan all
damitt er doch nützit verhaltten
das vff ein Zytt als mitt pet
wenger und panli bodenzins
sampt zweyen erwachsnen dac
ver¬
ven so ime gnuningen
wandt voruuhun dase da
mantt warent gsin nur
babh
zu märitt warendt gsen und
ouch nyben die vortunfft mot
wiyn dan sich gezommt he
stuncken, begebe es s
an inem heimweg, das de
 sich air die
zwen mann
vo
zweyen meyttlinen in die
si
by der bandenburgg
Ims in die ouw verschlickt</Unicode>
            </TextEquiv>
        </TextRegion>
        <TextRegion type="page-number" id="region_1684165906848_3550" custom="readingOrder {index:1;} structure {type:page-number;}">
            <Coords points="2515,233 2625,233 2625,288 2515,288"/>
        </TextRegion>
        <TextRegion orientation="0.0" type="paragraph" id="r2" custom="readingOrder {index:2;} structure {type:paragraph;}">
            <Coords points="1851,384 1911,2584 2701,2552 2651,257"/>
            <TextLine id="r2l2" custom="readingOrder {index:0;}">
                <Coords points="1879,428 2012,429 2052,396 2169,393 2204,363 2328,377 2366,346 2409,363 2462,319 2528,326 2560,286 2457,295 2426,273 2368,321 2249,308 2197,341 2132,355 2101,335 2071,360 2035,350 2002,380 1957,363 1930,397 1875,401"/>
                <Baseline points="1887,423 1920,416 1953,410 1987,404 2020,398 2054,392 2087,387 2120,381 2154,375 2187,369 2221,364 2254,358 2287,353 2321,347 2354,342 2388,336 2421,330 2454,324 2488,319 2521,313 2555,308"/>
                <TextEquiv>
                    <Unicode>v</Unicode>
                </TextEquiv>
            </TextLine>
            <TextLine id="r2l3" custom="readingOrder {index:1;}">
                <Coords points="1894,495 2013,443 2157,448 2279,399 2378,413 2403,381 2465,401 2603,362 2599,337 2463,319 2413,362 2209,365 2172,393 2116,385 2030,423 1885,435"/>
                <Baseline points="1899,470 1933,463 1968,455 2003,449 2038,443 2072,436 2107,430 2142,423 2177,419 2211,412 2246,406 2281,401 2316,395 2350,391 2385,386 2420,381 2455,376 2489,372 2524,368 2559,363 2594,359"/>
                <TextEquiv>
                    <Unicode>mehr ereuffen noch bespüren</Unicode>
                </TextEquiv>
            </TextLine>
            <TextLine id="r2l4" custom="readingOrder {index:2;} person {offset:21; length:6;}">
                <Coords points="1882,527 2085,518 2123,474 2270,460 2320,433 2453,454 2606,408 2601,376 2280,400 2155,449 2088,436 1877,497"/>
                <Baseline points="1890,518 1925,511 1960,504 1996,497 2031,491 2066,484 2102,478 2137,472 2172,466 2208,460 2243,454 2278,448 2314,442 2349,438 2384,433 2420,427 2455,423 2490,418 2526,414 2561,410 2597,407"/>
                <TextEquiv>
                    <Unicode>mocht, furttr er deß panlic</Unicode>
                </TextEquiv>
            </TextLine>
            <TextLine id="r2l5" custom="readingOrder {index:3;}">
                <Coords points="2284,511 2307,498 2345,509 2372,497 2388,504 2413,481 2471,461 2490,473 2544,459 2575,463 2567,415 2545,434 2510,424 2500,438 2450,451 2421,432 2345,466 2303,443 2274,455"/>
                <Baseline points="2291,497 2318,492 2345,488 2372,483 2400,477 2427,472 2454,468 2482,463 2509,458 2536,453 2564,449"/>
                <TextEquiv>
                    <Unicode>daruff ein</Unicode>
                </TextEquiv>
            </TextLine>
            <TextLine id="r2l6" custom="readingOrder {index:4;}">
                <Coords points="1889,581 1918,568 1952,577 1979,554 2034,568 2070,538 2111,540 2132,516 2215,542 2259,505 2286,506 2278,458 2112,485 2082,520 2016,509 1972,537 1930,517 1879,526"/>
                <Baseline points="1896,570 1921,565 1946,560 1972,555 1997,551 2023,547 2048,542 2073,537 2099,532 2124,529 2150,524 2175,521 2200,516 2226,511 2251,507 2277,503"/>
                <TextEquiv>
                    <Unicode>bdenzes uß</Unicode>
                </TextEquiv>
            </TextLine>
            <TextLine id="r2l7" custom="readingOrder {index:5;}">
                <Coords points="1898,625 2118,566 2192,584 2233,558 2282,566 2319,533 2346,550 2450,540 2538,495 2534,470 2434,472 2400,497 2258,508 2219,532 2134,516 2022,570 1992,553 1889,579"/>
                <Baseline points="1905,614 1936,607 1967,598 1998,592 2029,585 2061,577 2092,571 2123,564 2154,559 2185,553 2217,546 2248,542 2279,536 2310,531 2341,525 2373,521 2404,516 2435,511 2466,508 2497,503 2529,498"/>
                <TextEquiv>
                    <Unicode>anckenbellen, i parsthue</Unicode>
                </TextEquiv>
            </TextLine>
            <TextLine id="r2l8" custom="readingOrder {index:6;}">
                <Coords points="1891,656 2014,667 2069,624 2185,624 2218,589 2282,583 2364,599 2499,548 2651,568 2637,483 2617,481 2538,528 2347,551 2280,534 2196,578 2147,564 1886,626"/>
                <Baseline points="1899,654 1935,646 1972,638 2009,631 2046,623 2083,616 2120,609 2157,603 2194,595 2231,589 2268,583 2304,577 2341,572 2378,568 2415,562 2452,557 2489,553 2526,548 2563,544 2600,540 2637,537"/>
                <TextEquiv>
                    <Unicode>und j fleschen voll win orbund</Unicode>
                </TextEquiv>
            </TextLine>
            <TextLine id="r2l9" custom="readingOrder {index:7;}">
                <Coords points="1888,706 1999,711 2049,668 2080,685 2197,654 2247,670 2291,633 2442,645 2544,595 2618,590 2613,560 2498,546 2461,576 2390,573 2368,601 2281,584 2243,618 2162,611 2122,640 2070,623 2036,658 1949,650 1927,678 1883,678"/>
                <Baseline points="1896,702 1931,696 1967,689 2002,683 2038,677 2074,670 2109,664 2145,657 2181,650 2216,645 2252,638 2288,632 2323,626 2359,620 2395,615 2430,609 2466,604 2502,599 2537,595 2573,591 2609,587"/>
                <TextEquiv>
                    <Unicode>war, darvon fur sich gauffen</Unicode>
                </TextEquiv>
            </TextLine>
            <TextLine id="r2l10" custom="readingOrder {index:8;} place {offset:21; length:9;}">
                <Coords points="1881,773 2239,693 2531,684 2605,658 2595,590 2389,654 2292,634 2245,671 2210,654 2068,677 2033,708 1870,708"/>
                <Baseline points="1886,755 1921,746 1956,740 1992,733 2027,726 2063,719 2098,713 2133,706 2169,701 2204,695 2240,690 2275,684 2310,679 2346,674 2381,669 2417,664 2452,660 2487,655 2523,650 2558,646 2594,642"/>
                <TextEquiv>
                    <Unicode>Schierachern in ddas einebiheß</Unicode>
                </TextEquiv>
            </TextLine>
            <TextLine id="r2l11" custom="readingOrder {index:9;} person {offset:13; length:13;}">
                <Coords points="1900,818 1967,796 2028,813 2145,755 2202,779 2224,749 2351,715 2447,739 2491,706 2559,722 2608,690 2651,698 2644,655 1891,769"/>
                <Baseline points="1907,803 1943,796 1980,789 2016,783 2053,774 2090,768 2126,760 2163,752 2199,746 2236,739 2273,733 2309,726 2346,719 2382,713 2419,708 2456,703 2492,699 2529,695 2565,691 2602,688 2639,686"/>
                <TextEquiv>
                    <Unicode>kert so ouch petter wenger genan</Unicode>
                </TextEquiv>
            </TextLine>
            <TextLine id="r2l12" custom="readingOrder {index:10;}">
                <Coords points="1924,867 1975,869 2006,829 2211,814 2260,785 2384,766 2416,783 2547,776 2537,703 2394,747 2336,718 2203,777 2145,756 2095,795 1951,800 1916,821"/>
                <Baseline points="1929,846 1959,839 1989,833 2019,827 2050,820 2080,815 2110,810 2140,804 2171,799 2201,795 2231,789 2261,785 2292,779 2322,775 2352,770 2382,766 2413,762 2443,757 2473,752 2503,747 2534,743"/>
                <TextEquiv>
                    <Unicode>st, morndeß keine paule</Unicode>
                </TextEquiv>
            </TextLine>
            <TextLine id="r2l13" custom="readingOrder {index:11;}">
                <Coords points="1882,908 2111,890 2268,840 2433,850 2515,809 2581,826 2588,749 2541,785 2356,773 2006,831 1976,867 1875,862"/>
                <Baseline points="1890,902 1924,896 1959,890 1994,884 2029,878 2064,872 2098,867 2133,861 2168,854 2203,849 2238,843 2272,838 2307,832 2342,828 2377,823 2412,818 2446,814 2481,810 2516,806 2551,802 2586,800"/>
                <TextEquiv>
                    <Unicode>bettg in vmb dfleschen vnd</Unicode>
                </TextEquiv>
            </TextLine>
            <TextLine id="r2l14" custom="readingOrder {index:12;}">
                <Coords points="1902,953 1985,937 2033,958 2136,920 2162,939 2222,929 2309,886 2529,875 2601,860 2596,817 2515,808 2441,849 2361,858 2260,842 2109,890 1897,911"/>
                <Baseline points="1911,945 1945,938 1979,933 2013,926 2047,920 2081,915 2115,909 2149,903 2183,899 2217,893 2251,889 2285,885 2319,881 2353,876 2387,873 2421,869 2455,866 2489,862 2523,859 2557,857 2591,854"/>
                <TextEquiv>
                    <Unicode>die i parschu ✳ den ancken</Unicode>
                </TextEquiv>
            </TextLine>
            <TextLine id="r2l15" custom="readingOrder {index:13;}">
                <Coords points="1892,1020 1964,1017 2013,974 2133,987 2174,954 2242,978 2373,931 2441,951 2583,908 2654,922 2633,821 2581,865 2489,866 2445,898 2328,886 2175,936 2135,920 2037,957 1986,938 1885,963"/>
                <Baseline points="1899,998 1936,992 1973,985 2010,979 2047,974 2084,968 2121,962 2159,955 2196,950 2233,944 2270,938 2307,933 2344,928 2381,923 2419,919 2456,915 2493,911 2530,908 2567,905 2604,903 2642,902"/>
                <TextEquiv>
                    <Unicode>liesse er Ime gminingen stum</Unicode>
                </TextEquiv>
            </TextLine>
            <TextLine id="r2l16" custom="readingOrder {index:14;}">
                <Coords points="1887,1053 1962,1059 1995,1034 2346,972 2454,987 2517,957 2554,978 2585,956 2580,915 2523,936 2443,918 2244,973 2196,952 2140,986 2025,979 1963,1017 1883,1023"/>
                <Baseline points="1896,1047 1930,1042 1964,1036 1998,1032 2032,1026 2066,1022 2100,1014 2134,1010 2168,1004 2202,999 2236,993 2270,987 2304,983 2338,977 2372,974 2406,969 2440,964 2474,961 2508,958 2542,956 2577,954"/>
                <TextEquiv>
                    <Unicode>men das erb nitt wither vß</Unicode>
                </TextEquiv>
            </TextLine>
            <TextLine id="r2l17" custom="readingOrder {index:15;}">
                <Coords points="1895,1105 2333,1019 2563,1027 2608,995 2604,965 2524,961 2484,987 2346,976 2224,1016 2197,1001 1889,1061"/>
                <Baseline points="1902,1083 1936,1078 1971,1073 2006,1068 2041,1064 2076,1057 2110,1054 2145,1049 2180,1044 2215,1039 2250,1035 2284,1030 2319,1025 2354,1021 2389,1016 2424,1012 2458,1008 2493,1002 2528,999 2563,995 2598,990"/>
                <TextEquiv>
                    <Unicode>prechte was vnd aller sacht</Unicode>
                </TextEquiv>
            </TextLine>
            <TextLine id="r2l18" custom="readingOrder {index:16;}">
                <Coords points="1881,1164 2002,1122 2072,1137 2119,1091 2203,1103 2432,1058 2488,1076 2506,1057 2587,1062 2597,1021 2525,1035 2442,1013 2413,1040 2332,1021 2179,1042 2080,1084 1873,1102"/>
                <Baseline points="1886,1134 1921,1129 1956,1124 1991,1118 2027,1112 2062,1107 2097,1102 2133,1096 2168,1092 2203,1086 2239,1082 2274,1077 2309,1073 2344,1068 2380,1066 2415,1061 2450,1058 2486,1056 2521,1053 2556,1051 2592,1049"/>
                <TextEquiv>
                    <Unicode>chschmyge den ancken hab e</Unicode>
                </TextEquiv>
            </TextLine>
            <TextLine id="r2l19" custom="readingOrder {index:17;} person {offset:9; length:14;}">
                <Coords points="1895,1197 2023,1163 2073,1179 2148,1144 2298,1146 2338,1114 2495,1101 2570,1128 2641,1101 2636,1058 2416,1060 2392,1090 2185,1093 2061,1139 1947,1134 1890,1158"/>
                <Baseline points="1901,1173 1937,1171 1974,1167 2010,1164 2047,1160 2083,1155 2120,1150 2156,1145 2193,1140 2229,1135 2266,1130 2302,1124 2339,1120 2375,1114 2412,1110 2448,1107 2485,1103 2521,1100 2558,1097 2594,1096 2631,1095"/>
                <TextEquiv>
                    <Unicode>gninung, Hans Wincklern dem</Unicode>
                </TextEquiv>
            </TextLine>
            <TextLine id="r2l20" custom="readingOrder {index:18;}">
                <Coords points="1897,1229 2122,1228 2208,1194 2346,1205 2540,1150 2623,1172 2652,1156 2647,1101 1893,1191"/>
                <Baseline points="1905,1212 1941,1209 1978,1205 2015,1202 2052,1197 2089,1193 2126,1189 2163,1184 2200,1180 2237,1176 2274,1171 2310,1167 2347,1163 2384,1160 2421,1156 2458,1154 2495,1150 2532,1148 2569,1146 2606,1145 2643,1145"/>
                <TextEquiv>
                    <Unicode>müllen Iblumenstrin vnkufft</Unicode>
                </TextEquiv>
            </TextLine>
            <TextLine id="r2l21" custom="readingOrder {index:19;}">
                <Coords points="1890,1303 2140,1254 2184,1281 2331,1237 2384,1266 2471,1255 2523,1217 2658,1222 2652,1156 2616,1176 2562,1161 2509,1203 2397,1180 2343,1212 2183,1198 2139,1228 2057,1218 2013,1244 1955,1223 1884,1246"/>
                <Baseline points="1898,1289 1935,1283 1973,1277 2010,1273 2048,1267 2085,1263 2123,1259 2160,1254 2198,1251 2235,1248 2273,1243 2310,1239 2348,1236 2385,1233 2423,1230 2460,1226 2498,1223 2535,1220 2573,1217 2610,1213 2648,1209"/>
                <TextEquiv>
                    <Unicode>Henne auch sine schwegen Nickle</Unicode>
                </TextEquiv>
            </TextLine>
            <TextLine id="r2l22" custom="readingOrder {index:20;}">
                <Coords points="1900,1344 1979,1324 2061,1344 2220,1293 2280,1312 2360,1285 2425,1311 2529,1269 2587,1289 2618,1261 2651,1271 2647,1219 2567,1246 2526,1217 2449,1259 2320,1241 2235,1278 2143,1255 1979,1303 1895,1294"/>
                <Baseline points="1908,1326 1944,1323 1981,1319 2018,1315 2054,1311 2091,1308 2128,1304 2164,1301 2201,1298 2238,1295 2275,1292 2311,1289 2348,1286 2385,1282 2421,1280 2458,1276 2495,1273 2531,1269 2568,1266 2605,1262 2642,1257"/>
                <TextEquiv>
                    <Unicode>klans pfander als den selbig vyl</Unicode>
                </TextEquiv>
            </TextLine>
            <TextLine id="r2l23" custom="readingOrder {index:21;}">
                <Coords points="1903,1385 2008,1398 2066,1360 2183,1384 2242,1338 2462,1352 2627,1311 2623,1265 2573,1288 2496,1275 2426,1309 2382,1286 2282,1313 2200,1297 2098,1338 1980,1325 1900,1354"/>
                <Baseline points="1911,1377 1946,1374 1981,1370 2017,1365 2052,1362 2087,1358 2123,1354 2158,1351 2193,1347 2229,1344 2264,1341 2299,1338 2335,1335 2370,1331 2405,1329 2441,1325 2476,1323 2511,1320 2547,1316 2582,1312 2618,1310"/>
                <TextEquiv>
                    <Unicode>an iner theylung und schulden</Unicode>
                </TextEquiv>
            </TextLine>
            <TextLine id="r2l24" custom="readingOrder {index:22;}">
                <Coords points="1911,1454 1992,1414 2199,1390 2244,1417 2420,1378 2505,1404 2566,1364 2658,1360 2655,1333 2583,1322 2461,1352 2391,1332 2286,1363 2233,1349 2144,1384 1906,1386"/>
                <Baseline points="1917,1421 1953,1417 1990,1414 2026,1410 2063,1407 2099,1403 2136,1400 2172,1397 2209,1393 2245,1390 2282,1387 2319,1383 2355,1380 2392,1377 2428,1374 2465,1373 2501,1369 2538,1367 2574,1365 2611,1362 2648,1361"/>
                <TextEquiv>
                    <Unicode>für namme, do hab er grunn</Unicode>
                </TextEquiv>
            </TextLine>
            <TextLine id="r2l25" custom="readingOrder {index:23;}">
                <Coords points="1887,1501 2082,1452 2620,1420 2616,1373 2572,1362 2511,1402 2419,1378 2241,1416 2197,1391 1981,1445 1882,1440"/>
                <Baseline points="1893,1470 1928,1467 1964,1463 2000,1459 2036,1455 2072,1451 2108,1448 2143,1444 2179,1441 2215,1438 2251,1434 2287,1431 2323,1428 2359,1426 2394,1424 2430,1422 2466,1419 2502,1418 2538,1416 2574,1415 2610,1415"/>
                <TextEquiv>
                    <Unicode>ime ein kalberli in lb werdt</Unicode>
                </TextEquiv>
            </TextLine>
            <TextLine id="r2l26" custom="readingOrder {index:24;} person {offset:18; length:8; continued:true;}">
                <Coords points="1897,1552 1948,1521 2091,1535 2240,1485 2286,1506 2334,1478 2495,1485 2570,1466 2567,1434 2444,1420 2362,1444 2082,1453 2018,1480 1922,1476 1892,1499"/>
                <Baseline points="1902,1518 1936,1515 1971,1512 2006,1508 2040,1505 2075,1501 2110,1497 2144,1495 2179,1490 2214,1487 2248,1485 2283,1481 2318,1479 2352,1475 2387,1472 2422,1470 2456,1467 2491,1463 2526,1462 2561,1460"/>
                <TextEquiv>
                    <Unicode>hinderzogen, vnds Christan</Unicode>
                </TextEquiv>
            </TextLine>
            <TextLine id="r2l27" custom="readingOrder {index:25;} person {offset:0; length:11; continued:true;}">
                <Coords points="1909,1586 2029,1587 2116,1549 2180,1567 2217,1532 2286,1544 2318,1521 2370,1543 2429,1515 2565,1508 2562,1483 2353,1474 2317,1507 2239,1485 2103,1526 2072,1505 2044,1531 2013,1509 1905,1548"/>
                <Baseline points="1917,1569 1948,1565 1980,1560 2012,1556 2044,1551 2076,1548 2108,1544 2140,1540 2172,1536 2204,1533 2236,1530 2267,1527 2299,1524 2331,1521 2363,1518 2395,1517 2427,1514 2459,1512 2491,1511 2523,1509 2555,1508"/>
                <TextEquiv>
                    <Unicode>hoffstetter in den leimeren</Unicode>
                </TextEquiv>
            </TextLine>
            <TextLine id="r2l28" custom="readingOrder {index:26;}">
                <Coords points="1906,1617 2021,1603 2068,1630 2120,1600 2152,1618 2208,1584 2277,1595 2340,1571 2376,1595 2446,1571 2582,1591 2646,1564 2640,1486 2487,1527 2409,1518 2353,1553 2259,1528 2180,1567 2121,1546 2037,1580 1903,1583"/>
                <Baseline points="1914,1602 1950,1602 1986,1601 2022,1599 2058,1596 2094,1594 2130,1590 2166,1588 2202,1584 2238,1580 2275,1576 2311,1572 2347,1569 2383,1567 2419,1563 2455,1561 2491,1559 2527,1557 2563,1556 2599,1556 2636,1556"/>
                <TextEquiv>
                    <Unicode>verkafft, Aber sollichs sagte</Unicode>
                </TextEquiv>
            </TextLine>
            <TextLine id="r2l29" custom="readingOrder {index:27;}">
                <Coords points="1911,1661 1999,1682 2151,1628 2219,1644 2402,1617 2522,1639 2636,1610 2633,1565 2601,1559 2547,1589 2447,1572 2377,1595 2341,1572 2275,1597 2058,1597 1909,1625"/>
                <Baseline points="1920,1649 1955,1647 1990,1644 2026,1643 2061,1640 2096,1637 2132,1634 2167,1630 2202,1628 2238,1624 2273,1621 2308,1619 2344,1616 2379,1614 2414,1612 2450,1610 2485,1608 2520,1608 2556,1607 2591,1607 2627,1607"/>
                <TextEquiv>
                    <Unicode>er heuing bald darnach sine</Unicode>
                </TextEquiv>
            </TextLine>
            <TextLine id="r2l30" custom="readingOrder {index:28;}">
                <Coords points="1917,1710 1990,1698 2018,1718 2065,1695 2093,1717 2315,1673 2404,1691 2441,1661 2645,1685 2668,1678 2666,1640 2620,1620 2444,1642 2378,1624 2327,1649 2149,1629 2021,1677 1914,1664"/>
                <Baseline points="1925,1703 1961,1700 1998,1695 2034,1692 2071,1689 2108,1686 2144,1683 2181,1679 2218,1676 2254,1673 2291,1670 2328,1667 2364,1665 2401,1663 2438,1662 2474,1661 2511,1659 2548,1659 2584,1661 2621,1661 2658,1662"/>
                <TextEquiv>
                    <Unicode>shwager selbst, vermeinte es hete</Unicode>
                </TextEquiv>
            </TextLine>
            <TextLine id="r2l31" custom="readingOrder {index:29;}">
                <Coords points="1920,1760 2110,1755 2194,1723 2313,1733 2352,1705 2499,1738 2637,1729 2634,1684 2449,1662 2409,1690 2263,1678 2209,1701 1917,1710"/>
                <Baseline points="1928,1745 1964,1741 2001,1738 2038,1735 2075,1731 2111,1729 2148,1726 2185,1723 2222,1719 2259,1717 2295,1714 2332,1712 2369,1710 2406,1709 2443,1707 2479,1707 2516,1707 2553,1707 2590,1709 2627,1710"/>
                <TextEquiv>
                    <Unicode>sonst zeil wolfeil vnd gehort</Unicode>
                </TextEquiv>
            </TextLine>
            <TextLine id="r2l32" custom="readingOrder {index:30;}">
                <Coords points="1918,1789 2147,1763 2257,1780 2328,1758 2356,1782 2449,1765 2478,1782 2559,1751 2645,1760 2644,1731 2467,1739 2360,1707 2323,1734 2173,1726 1990,1762 1949,1744 1916,1767"/>
                <Baseline points="1926,1784 1961,1781 1997,1779 2032,1776 2068,1773 2103,1770 2139,1769 2174,1766 2210,1764 2245,1762 2281,1760 2316,1758 2352,1757 2387,1757 2423,1755 2458,1754 2494,1752 2529,1752 2565,1752 2600,1751 2636,1751"/>
                <TextEquiv>
                    <Unicode>ine nitt, desz was sin schwegen</Unicode>
                </TextEquiv>
            </TextLine>
            <TextLine id="r2l33" custom="readingOrder {index:31;}">
                <Coords points="1923,1840 1990,1820 2020,1848 2082,1846 2160,1813 2252,1828 2351,1799 2455,1835 2477,1817 2539,1829 2618,1801 2617,1766 2559,1751 2522,1774 2354,1780 2279,1760 2184,1785 2148,1763 2084,1788 1921,1788"/>
                <Baseline points="1931,1820 1966,1818 2002,1816 2038,1815 2073,1813 2109,1811 2145,1809 2181,1808 2216,1806 2252,1805 2288,1804 2324,1802 2359,1802 2395,1800 2431,1800 2467,1799 2502,1799 2538,1799 2574,1800 2610,1800"/>
                <TextEquiv>
                    <Unicode>wol zuͦ fuden ✳ vnd verglichets</Unicode>
                </TextEquiv>
            </TextLine>
            <TextLine id="r2l34" custom="readingOrder {index:32;}">
                <Coords points="1928,1875 2120,1884 2179,1874 2208,1852 2259,1859 2285,1843 2283,1815 2261,1827 2230,1817 2214,1829 2184,1811 2106,1825 2089,1842 2039,1811 1926,1838"/>
                <Baseline points="1937,1862 1963,1862 1989,1860 2015,1859 2041,1859 2067,1857 2093,1856 2119,1855 2145,1853 2171,1851 2197,1850 2223,1849 2249,1847 2276,1847"/>
                <TextEquiv>
                    <Unicode>alß mitt Ime</Unicode>
                </TextEquiv>
            </TextLine>
            <TextLine id="r2l35" custom="readingOrder {index:33;}">
                <Coords points="1928,1942 1977,1922 2077,1948 2127,1914 2201,1929 2261,1901 2341,1935 2406,1898 2584,1916 2658,1891 2656,1837 2568,1825 2459,1875 2424,1849 2325,1844 2257,1889 2212,1851 2130,1890 1925,1881"/>
                <Baseline points="1935,1920 1970,1918 2006,1917 2042,1915 2077,1913 2113,1911 2149,1910 2184,1910 2220,1908 2256,1907 2292,1905 2327,1904 2363,1902 2399,1901 2434,1899 2470,1898 2506,1896 2541,1895 2577,1892 2613,1889 2649,1887"/>
                <TextEquiv>
                    <Unicode>das sig alles so Im ingedenck</Unicode>
                </TextEquiv>
            </TextLine>
            <TextLine id="r2l36" custom="readingOrder {index:34;}">
                <Coords points="1924,1981 2006,1996 2144,1958 2286,1979 2419,1944 2609,1954 2607,1916 2503,1918 2476,1898 2352,1932 2261,1901 2223,1927 2127,1914 2094,1943 2006,1929 1923,1947"/>
                <Baseline points="1932,1970 1965,1968 1998,1967 2032,1964 2065,1963 2099,1961 2132,1958 2165,1958 2199,1955 2232,1954 2266,1951 2299,1950 2332,1948 2366,1946 2399,1944 2433,1943 2466,1940 2499,1938 2533,1938 2566,1935 2600,1934"/>
                <TextEquiv>
                    <Unicode>mishendlett zhan, vnd wa</Unicode>
                </TextEquiv>
            </TextLine>
            <TextLine id="r2l37" custom="readingOrder {index:35;}">
                <Coords points="1935,2019 2001,2036 2052,1997 2138,2016 2312,1984 2415,2015 2569,1976 2635,1999 2679,1982 2676,1925 2581,1954 1933,1980"/>
                <Baseline points="1944,2012 1980,2008 2016,2006 2052,2001 2089,1999 2125,1997 2161,1994 2197,1992 2234,1990 2270,1988 2306,1986 2342,1984 2379,1982 2415,1981 2451,1980 2487,1979 2524,1976 2560,1974 2596,1973 2632,1971 2669,1970"/>
                <TextEquiv>
                    <Unicode>er sich erinnere nicht, yemandts</Unicode>
                </TextEquiv>
            </TextLine>
            <TextLine id="r2l38" custom="readingOrder {index:36;}">
                <Coords points="1938,2063 2648,2027 2646,1996 2602,1975 2409,2010 2309,1986 2139,2014 2048,1997 2007,2030 1937,2029"/>
                <Baseline points="1946,2049 1980,2048 2015,2046 2049,2044 2084,2042 2119,2040 2153,2039 2188,2037 2223,2035 2257,2033 2292,2032 2327,2030 2361,2028 2396,2027 2431,2025 2465,2024 2500,2022 2535,2021 2569,2018 2604,2016 2639,2015"/>
                <TextEquiv>
                    <Unicode>ein kleins Gleidt gethan weltte</Unicode>
                </TextEquiv>
            </TextLine>
            <TextLine id="r2l39" custom="readingOrder {index:37;}">
                <Coords points="1941,2097 2027,2106 2099,2077 2331,2097 2398,2063 2630,2059 2628,2019 2505,2018 2443,2047 2412,2028 2392,2051 2060,2043 1939,2063"/>
                <Baseline points="1950,2088 1983,2085 2017,2084 2050,2082 2084,2081 2117,2079 2151,2079 2184,2078 2218,2076 2251,2075 2285,2073 2319,2072 2352,2070 2386,2069 2419,2066 2453,2064 2486,2062 2520,2059 2553,2056 2587,2053 2621,2049"/>
                <TextEquiv>
                    <Unicode>ers alles verzäshen nur das</Unicode>
                </TextEquiv>
            </TextLine>
            <TextLine id="r2l40" custom="readingOrder {index:38;}">
                <Coords points="1951,2129 2025,2145 2103,2120 2201,2144 2228,2122 2337,2113 2501,2133 2614,2101 2613,2067 2476,2060 2267,2095 2230,2075 2163,2100 2097,2077 1950,2102"/>
                <Baseline points="1959,2121 1991,2121 2023,2121 2056,2121 2088,2121 2120,2120 2153,2118 2185,2117 2217,2116 2250,2115 2282,2113 2314,2111 2347,2109 2379,2108 2411,2105 2444,2103 2476,2102 2508,2100 2541,2098 2573,2097 2606,2096"/>
                <TextEquiv>
                    <Unicode>er ab den martter käme</Unicode>
                </TextEquiv>
            </TextLine>
            <TextLine id="r2l41" custom="readingOrder {index:39;}">
                <Coords points="1946,2216 2076,2175 2153,2207 2525,2158 2610,2181 2651,2165 2649,2125 2333,2114 2228,2121 2202,2144 2136,2122 1942,2142"/>
                <Baseline points="1953,2187 1987,2184 2021,2182 2056,2180 2090,2179 2125,2176 2159,2174 2194,2173 2228,2171 2263,2169 2297,2168 2331,2166 2366,2165 2400,2162 2435,2161 2469,2160 2504,2159 2538,2157 2573,2155 2607,2153 2642,2151"/>
                <TextEquiv>
                    <Unicode>Ist erstlich lehn, dannenthin</Unicode>
                </TextEquiv>
            </TextLine>
            <TextLine id="r2l42" custom="readingOrder {index:40;}">
                <Coords points="1934,2229 2035,2244 2123,2215 2258,2235 2391,2208 2501,2227 2527,2200 2637,2203 2635,2174 2520,2158 2326,2193 2077,2174 2038,2199 1933,2202"/>
                <Baseline points="1943,2222 1977,2222 2011,2220 2045,2220 2079,2219 2114,2219 2148,2217 2182,2216 2216,2214 2250,2213 2285,2211 2319,2210 2353,2208 2387,2207 2421,2205 2456,2203 2490,2201 2524,2200 2558,2198 2592,2197 2627,2196"/>
                <TextEquiv>
                    <Unicode>mitt dem keinen stein</Unicode>
                </TextEquiv>
            </TextLine>
            <TextLine id="r2l43" custom="readingOrder {index:41;}">
                <Coords points="1957,2283 2174,2258 2220,2290 2422,2242 2478,2272 2551,2239 2661,2249 2659,2206 2318,2212 2119,2242 2087,2218 2032,2246 1953,2226"/>
                <Baseline points="1964,2265 1998,2265 2032,2265 2067,2264 2101,2262 2135,2261 2170,2259 2204,2258 2238,2256 2273,2255 2307,2253 2341,2250 2376,2248 2410,2246 2444,2245 2479,2241 2513,2238 2547,2236 2582,2234 2616,2231 2651,2228"/>
                <TextEquiv>
                    <Unicode>zum dritten mitt ii steinen</Unicode>
                </TextEquiv>
            </TextLine>
            <TextLine id="r2l44" custom="readingOrder {index:42;}">
                <Coords points="1961,2314 2057,2329 2113,2305 2157,2328 2204,2300 2393,2310 2469,2285 2525,2304 2570,2276 2678,2282 2676,2245 2471,2267 2417,2240 2334,2277 2143,2260 1960,2283"/>
                <Baseline points="1970,2304 2006,2304 2043,2303 2080,2301 2117,2301 2153,2300 2190,2299 2227,2297 2264,2295 2301,2294 2337,2293 2374,2291 2411,2288 2448,2286 2485,2284 2521,2282 2558,2280 2595,2278 2632,2274 2669,2273"/>
                <TextEquiv>
                    <Unicode>Also ouch zum viendtem nütt</Unicode>
                </TextEquiv>
            </TextLine>
            <TextLine id="r2l45" custom="readingOrder {index:43;}">
                <Coords points="1965,2356 2091,2342 2138,2376 2157,2360 2183,2377 2217,2350 2304,2360 2347,2327 2461,2356 2596,2327 2593,2281 2532,2304 2472,2285 2383,2308 2206,2300 2166,2326 2109,2307 2083,2325 1963,2315"/>
                <Baseline points="1973,2346 2003,2346 2034,2346 2064,2346 2095,2345 2126,2345 2156,2343 2187,2342 2218,2342 2248,2340 2279,2338 2310,2337 2340,2334 2371,2334 2402,2331 2432,2328 2463,2326 2494,2324 2524,2321 2555,2319 2586,2316"/>
                <TextEquiv>
                    <Unicode>den dn strnt uffzegt</Unicode>
                </TextEquiv>
            </TextLine>
            <TextLine id="r2l46" custom="readingOrder {index:44;} person {offset:38; length:13;}">
                <Coords points="1915,2411 2129,2393 2238,2421 2466,2371 2676,2371 2672,2305 2651,2302 2478,2354 2252,2347 2178,2376 2092,2342 1912,2357"/>
                <Baseline points="1922,2387 1959,2390 1996,2392 2033,2393 2070,2394 2108,2394 2145,2394 2182,2393 2219,2391 2256,2390 2294,2387 2331,2385 2368,2382 2405,2379 2442,2376 2480,2372 2517,2368 2554,2365 2591,2361 2628,2357 2666,2352"/>
                <TextEquiv>
                    <Unicode> dostrag den vüi app. ist obgedachter Heinri Grünig</Unicode>
                </TextEquiv>
            </TextLine>
            <TextLine id="r2l47" custom="readingOrder {index:45;}">
                <Coords points="1913,2438 2149,2435 2189,2456 2316,2429 2370,2449 2421,2425 2474,2440 2639,2414 2638,2378 2465,2372 2278,2411 2125,2389 2066,2411 2043,2390 1912,2406"/>
                <Baseline points="1922,2423 1957,2426 1992,2428 2028,2430 2063,2432 2099,2433 2134,2433 2169,2433 2205,2433 2240,2433 2276,2432 2311,2431 2346,2429 2382,2428 2417,2426 2453,2424 2488,2420 2523,2417 2559,2414 2594,2410 2630,2406"/>
                <TextEquiv>
                    <Unicode>vonn wäyen das nun e bs uf dißmal ein</Unicode>
                </TextEquiv>
            </TextLine>
            <TextLine id="r2l48" custom="readingOrder {index:46;}">
                <Coords points="1927,2492 2173,2501 2217,2475 2258,2498 2589,2436 2655,2463 2652,2403 2198,2457 2145,2434 2067,2456 2039,2434 2006,2457 1924,2428"/>
                <Baseline points="1935,2469 1970,2472 2006,2474 2041,2477 2077,2477 2112,2477 2148,2477 2183,2477 2219,2475 2254,2472 2290,2471 2325,2469 2361,2465 2396,2463 2432,2459 2467,2456 2503,2452 2538,2449 2574,2446 2609,2443 2645,2439"/>
                <TextEquiv>
                    <Unicode>ungen halben wellen, doch die sach</Unicode>
                </TextEquiv>
            </TextLine>
            <TextLine id="r2l49" custom="readingOrder {index:47;}">
                <Coords points="1933,2535 2240,2541 2399,2504 2444,2528 2485,2498 2622,2486 2619,2447 2394,2458 2351,2488 2205,2506 2123,2484 2069,2506 1929,2487"/>
                <Baseline points="1941,2520 1974,2523 2008,2526 2041,2527 2075,2528 2109,2528 2142,2526 2176,2524 2209,2523 2243,2519 2277,2516 2310,2513 2344,2509 2377,2505 2411,2502 2445,2497 2478,2494 2512,2490 2545,2487 2579,2483 2613,2481"/>
                <TextEquiv>
                    <Unicode>unnd handell ins gar hingstelt und</Unicode>
                </TextEquiv>
            </TextLine>
            <TextLine id="r2l50" custom="readingOrder {index:48;}">
                <Coords points="2585,2550 2594,2550 2608,2532 2617,2531 2620,2527 2631,2526 2626,2481 2617,2482 2614,2486 2605,2487 2600,2490 2596,2486 2579,2488"/>
                <Baseline points="2592,2526 2622,2523"/>
                <TextEquiv>
                    <Unicode></Unicode>
                </TextEquiv>
            </TextLine>
            <TextLine id="r2l51" custom="readingOrder {index:49;}">
                <Coords points="1949,2601 2038,2608 2093,2573 2236,2595 2268,2567 2330,2588 2400,2551 2442,2574 2507,2551 2572,2558 2568,2495 2539,2488 2510,2512 2356,2509 2240,2542 1945,2535"/>
                <Baseline points="1956,2568 1986,2570 2016,2571 2046,2571 2077,2571 2107,2570 2137,2569 2168,2568 2198,2565 2228,2564 2259,2561 2289,2559 2319,2556 2349,2553 2380,2550 2410,2547 2440,2544 2471,2541 2501,2539 2531,2538 2562,2535"/>
                <TextEquiv>
                    <Unicode>wychers nachfrag haben 1168</Unicode>
                </TextEquiv>
            </TextLine>
            <TextEquiv>
                <Unicode>v
mehr ereuffen noch bespüren
mocht, furttr er deß panlic
daruff ein
bdenzes uß
anckenbellen, i parsthue
und j fleschen voll win orbund
war, darvon fur sich gauffen
Schierachern in ddas einebiheß
kert so ouch petter wenger genan
st, morndeß keine paule
bettg in vmb dfleschen vnd
die i parschu ✳ den ancken
liesse er Ime gminingen stum
men das erb nitt wither vß
prechte was vnd aller sacht
chschmyge den ancken hab e
gninung, Hans Wincklern dem
müllen Iblumenstrin vnkufft
Henne auch sine schwegen Nickle
klans pfander als den selbig vyl
an iner theylung und schulden
für namme, do hab er grunn
ime ein kalberli in lb werdt
hinderzogen, vnds Christan
hoffstetter in den leimeren
verkafft, Aber sollichs sagte
er heuing bald darnach sine
shwager selbst, vermeinte es hete
sonst zeil wolfeil vnd gehort
ine nitt, desz was sin schwegen
wol zuͦ fuden ✳ vnd verglichets
alß mitt Ime
das sig alles so Im ingedenck
mishendlett zhan, vnd wa
er sich erinnere nicht, yemandts
ein kleins Gleidt gethan weltte
ers alles verzäshen nur das
er ab den martter käme
Ist erstlich lehn, dannenthin
mitt dem keinen stein
zum dritten mitt ii steinen
Also ouch zum viendtem nütt
den dn strnt uffzegt
 dostrag den vüi app. ist obgedachter Heinri Grünig
vonn wäyen das nun e bs uf dißmal ein
ungen halben wellen, doch die sach
unnd handell ins gar hingstelt und

wychers nachfrag haben 1168</Unicode>
            </TextEquiv>
        </TextRegion>
    </Page>
</PcGts>
