4032 3024
1072 339 1685 488 uff donstag denn sacht
1134 421 1670 521 as windtermonatt im
1157 473 1661 569 5 unnd 1 jar
1131 521 1731 624 in schwasz hu gnofswidge
1135 570 1663 667 habens galdi und der
1148 629 1691 726 wpyblen unnd yn hn
1321 727 1656 872 Pristen Kistler
1058 924 1762 1047 Ist in der baffi schristen bister
1082 1001 1725 1100 Vonn drinpstein deser titt zu
1090 1056 1722 1149 wors dashafft ✳ vom herr
1106 1107 1734 1210 groswey oebe e in der koff
1117 1166 1760 1265 mitt Bunst gefragt vnd pemen
1065 1222 1701 1317 wonder ✳ qnundlich unnd nipt
1069 1284 1770 1369 warhvitt ✳ zubeken̄en ✳ weliche
1093 1338 1759 1442 woy ostallt er ✳ an vim zinstag
1085 1393 1746 1507 vor dry versthinen uuchen ssyn
1087 1469 1739 1563 hußfrouwen am aben gägender
1106 1520 1769 1618 mach under waͤgen an der stras
1093 1580 1751 1673 ss mann os der statz gan worb
1117 1645 1742 1730 zu gatt tade lasenn Ufpll
1122 1698 1742 1797 gschlagen unnd ain elenas
1106 1749 1767 1850 Inen gewonnt zerryssen lasen
1106 1804 1744 1911 bygenn ✳ unnd an der gott von
1099 1848 1732 1951 Iron mit dem gos gan Muri
1094 1898 1775 2008 in das gorff prieeptt dasolts
1105 1962 1806 2060 zuͦ douon die er anthroff httt
1113 2029 1797 2114 zan inn rosz gaben ✳ und inen
1129 2073 1814 2177 bpfolchs sy söllent zu siner frou
1113 2131 1788 2237 Tug so ann spnamsottem ordt
1130 2188 1773 2282 igs ✳ dasin aledan sy kom̄ē
1124 2235 1788 2339 die frouwen gefunden habnit
1135 2292 1773 2407 pngebürbich zuͦ grrüst ✳ also
1135 2348 1748 2464 die settige Anns dorff murt
1171 2425 1826 2513 zu inen genomē ✳ da sy unge¬
1172 2468 1811 2569 nrtt gedägen sige biß morndrist
1196 2542 1477 2630 gägen tag c.
1834 291 2519 484 wollichem allein woll
1930 356 2462 488 muttmasenn er hab
1840 392 2466 562 as einen wyderwillen und
1875 458 2504 631 zormägenn  Miß gandlet
1841 513 2497 685 unnd zuͦ brstngenn ✳ soses für
1868 610 2282 724 wiwns gewysenn w
1887 686 2537 837 uff samlich fùrzalltenn
1895 760 2541 892 gitt er denn erscheidt ✳ s sige nit
1863 807 2509 941 winder danndas vnvor 3 wurd
1852 854 2520 972 un einen zinstag mit siner
1847 887 2556 1037 frouwen Negar wiwritt gerytt
1884 976 2486 1121 ige dles sy ppiten mit f
1858 1026 2529 1153 anders zu vytterpfist ein aben
1875 1071 2474 1206 thrùng ✳ gothan has vr sin
1876 1142 2529 1261 frouw da prbasen bis das er
1866 1192 2527 1338 by ros zur bronen wichw
1870 1273 2516 1400 Dommach zinerfrouen
1899 1344 2513 1451 zu Wytter pfister gerufft ✳ mit
1892 1410 2591 1510 Ivon zuͦ Michell wirchellmans
1881 1469 2580 1574 des pfrister husz gang wilgens
1880 1520 2524 1628 zin frouw dasplss uff ros
1919 1585 2577 1697 zesenen sprache sy damall
1932 1641 2570 1747 zuͦ Hannsz Buleman vom
1908 1686 2627 1818 Budusing er solltto vin vindtt
1917 1757 2564 1880 win spzalten ✳ ballt konn
1922 1817 2591 1924 ein waßwin unnd frawllen
1931 1878 2547 1998 trauff sy mit ein andren
1911 1913 2618 2053 vor den huszthür ain sanck
2249 1994 2444 2054 Christans
1899 1997 2658 2117 so giong sin des gfangnen frou
1903 2086 2149 2140 in das Hußf.
1895 2066 2637 2182 willen mit zichten werden de
1922 2133 2606 2245 veser abnoschbach₎ ✳ baune in
1940 2184 2680 2297 ein finsten und uns obanden gong
1938 2240 2648 2359 das sy jo schrey und tuͦfft ✳ uff
1975 2297 2572 2419 das auff er ihren zu vnd
1988 2345 2667 2468 hauff iren uffein an sy uffs
1981 2406 2647 2522 Roß der mynung sy sy gutter
1988 2465 2658 2588 vog zitt honn zuͦ It₎ kind zebe
2527 2507 2653 2604 Leytt
