<?xml version="1.0" encoding="UTF-8" standalone="yes"?>
<PcGts xmlns="http://schema.primaresearch.org/PAGE/gts/pagecontent/2013-07-15" xmlns:xsi="http://www.w3.org/2001/XMLSchema-instance" xsi:schemaLocation="http://schema.primaresearch.org/PAGE/gts/pagecontent/2013-07-15 http://schema.primaresearch.org/PAGE/gts/pagecontent/2013-07-15/pagecontent.xsd">
    <Metadata>
        <Creator>prov=University of Rostock/Institute of Mathematics/CITlab|PLANET AI GmbH/Gundram Leifert/gundram.leifert@planet-ai.de:name=German_Kurrent_XVI-XVIII_M1(htr_id=19584)::::v=2.6.7
prov=University of Rostock/Institute of Mathematics/CITlab|PLANET AI GmbH/Tobias Gruening/tobias.gruening@planet-ai.de:name=de.uros.citlab.module.baseline2polygon.B2PSeamMultiOriented:v=2.6.7
prov=University of Rostock/Institute of Mathematics/CITlab|PLANET AI GmbH/Tobias Gruening/tobias.gruening@planet-ai.de:name=/net_tf/LA73_249_0mod360.pb:de.uros.citlab.segmentation.CITlab_LA_ML:v=2.6.7
Transkribus</Creator>
        <Created>2021-08-09T22:34:22.357+02:00</Created>
        <LastChange>2023-05-15T15:19:34.267+02:00</LastChange>
        <TranskribusMetadata docId="1349230" pageId="52966614" pageNr="110" tsid="121830243" status="IN_PROGRESS" userId="42748" imgUrl="https://files.transkribus.eu/Get?id=UZQQINVWOTVYDWUYCMJGCVIF&amp;fileType=view" xmlUrl="https://files.transkribus.eu/Get?id=ZXXNNXDEAOLVXOWIFVRJBNDF" imageId="22031273"/>
    </Metadata>
    <Page imageFilename="Foto 23.07.21, 9 49 48 AM.jpg" imageWidth="4032" imageHeight="3024">
        <ReadingOrder>
            <OrderedGroup id="ro_1687513521460" caption="Regions reading order">
                <RegionRefIndexed index="0" regionRef="r1"/>
                <RegionRefIndexed index="1" regionRef="r3"/>
                <RegionRefIndexed index="2" regionRef="region_1684156764987_1081"/>
            </OrderedGroup>
        </ReadingOrder>
        <TextRegion orientation="0.0" type="paragraph" id="r1" custom="readingOrder {index:0;} structure {type:paragraph;}">
            <Coords points="992,243 1154,2669 1847,2723 1718,349"/>
            <TextLine id="r1l1" custom="readingOrder {index:0;} person {offset:13; length:13;}">
                <Coords points="966,357 1019,376 1141,348 1344,354 1389,386 1432,377 1566,426 1638,413 1685,450 1691,392 1596,359 1284,314 972,303"/>
                <Baseline points="977,335 1012,336 1047,339 1082,341 1117,342 1152,344 1187,345 1222,347 1257,350 1292,351 1328,355 1363,358 1398,362 1433,366 1468,371 1503,377 1538,384 1573,391 1608,400 1643,409 1679,420"/>
                <TextEquiv>
                    <Unicode>Ist bemelter Hanns Christe vor</Unicode>
                </TextEquiv>
            </TextLine>
            <TextLine id="r1l2" custom="readingOrder {index:1;}">
                <Coords points="1039,408 1123,401 1191,431 1288,412 1378,454 1487,429 1577,478 1613,464 1703,518 1709,468 1636,413 1606,431 1532,418 1333,353 1139,379 1099,355 1044,365"/>
                <Baseline points="1050,398 1082,399 1114,399 1147,401 1179,402 1211,404 1244,405 1276,407 1308,410 1341,412 1373,415 1405,418 1438,422 1470,427 1502,433 1535,439 1567,446 1599,455 1632,463 1664,475 1697,488"/>
                <TextEquiv>
                    <Unicode>horung durch herr ein gresrge</Unicode>
                </TextEquiv>
            </TextLine>
            <TextLine id="r1l3" custom="readingOrder {index:2;}">
                <Coords points="1034,454 1098,486 1131,463 1180,479 1246,461 1500,488 1648,538 1669,500 1612,464 1579,478 1462,443 1136,433 1111,404 1038,409"/>
                <Baseline points="1043,450 1073,450 1104,452 1135,453 1166,455 1196,457 1227,458 1258,461 1289,463 1319,466 1350,468 1381,471 1412,475 1442,478 1473,483 1504,486 1535,492 1565,497 1596,504 1627,511 1658,519"/>
                <TextEquiv>
                    <Unicode>befragt von wanner e nin dem</Unicode>
                </TextEquiv>
            </TextLine>
            <TextLine id="r1l4" custom="readingOrder {index:3;} person {offset:23; length:4; continued:true;}">
                <Coords points="1032,503 1120,514 1142,537 1322,503 1359,539 1408,513 1440,533 1533,529 1602,574 1685,578 1689,529 1647,538 1498,486 1444,496 1251,462 1079,480 1036,457"/>
                <Baseline points="1043,495 1074,497 1106,497 1137,498 1169,500 1201,501 1232,502 1264,503 1296,506 1327,507 1359,509 1391,510 1422,515 1454,518 1486,522 1517,528 1549,532 1581,539 1612,547 1644,556 1676,566"/>
                <TextEquiv>
                    <Unicode>duch böüne, das er dem gera</Unicode>
                </TextEquiv>
            </TextLine>
            <TextLine id="r1l5" custom="readingOrder {index:4;} person {offset:0; length:6; continued:true;}">
                <Coords points="1059,583 1136,562 1187,580 1295,562 1479,611 1516,590 1533,606 1562,597 1565,554 1407,514 1357,536 1323,503 1204,521 1140,498 1108,524 1063,518"/>
                <Baseline points="1071,545 1096,547 1121,548 1147,549 1172,551 1197,551 1223,552 1248,552 1273,554 1299,554 1324,555 1350,557 1375,558 1400,560 1426,562 1451,565 1476,567 1502,571 1527,576 1553,581"/>
                <TextEquiv>
                    <Unicode>prruot verkoufft hatt</Unicode>
                </TextEquiv>
            </TextLine>
            <TextLine id="r1l6" custom="readingOrder {index:5;} person {offset:0; length:14;}">
                <Coords points="1238,640 1261,638 1277,654 1330,626 1389,657 1459,634 1503,668 1531,651 1544,656 1548,606 1534,608 1519,590 1466,611 1427,587 1372,584 1358,595 1339,582 1308,589 1259,564 1244,567"/>
                <Baseline points="1250,621 1275,620 1301,621 1327,623 1353,624 1379,626 1405,628 1431,630 1457,634 1483,636 1509,638 1535,641"/>
                <TextEquiv>
                    <Unicode>Hanns Christen</Unicode>
                </TextEquiv>
            </TextLine>
            <TextLine id="r1l7" custom="readingOrder {index:6;}">
                <Coords points="1050,667 1111,704 1164,679 1271,702 1318,676 1348,702 1406,691 1477,714 1539,696 1725,751 1730,685 1683,657 1602,653 1538,681 1459,633 1395,657 1341,626 1277,654 1206,615 1157,641 1052,633"/>
                <Baseline points="1059,675 1091,675 1124,677 1157,678 1190,678 1223,679 1256,680 1288,680 1321,681 1354,682 1387,684 1420,686 1453,688 1486,691 1518,694 1551,699 1584,703 1617,710 1650,716 1683,724 1716,734"/>
                <TextEquiv>
                    <Unicode>nyt an es habtans in die keste</Unicode>
                </TextEquiv>
            </TextLine>
            <TextLine id="r1l8" custom="readingOrder {index:7;} place {offset:12; length:9;}">
                <Coords points="1044,763 1103,740 1231,736 1288,759 1346,739 1582,753 1706,793 1720,745 1540,696 1481,714 1330,684 1280,707 1231,682 1143,711 1048,686"/>
                <Baseline points="1055,729 1087,731 1120,732 1153,732 1185,732 1218,732 1251,732 1283,732 1316,734 1349,734 1382,734 1414,735 1447,738 1480,740 1512,743 1545,746 1578,751 1610,757 1643,763 1676,770 1709,780"/>
                <TextEquiv>
                    <Unicode>frouwenn zu Dennicken im dun</Unicode>
                </TextEquiv>
            </TextLine>
            <TextLine id="r1l9" custom="readingOrder {index:8;}">
                <Coords points="1068,795 1182,783 1207,804 1293,779 1312,796 1336,782 1364,814 1527,794 1716,844 1719,788 1666,771 1635,786 1580,753 1518,766 1339,739 1290,757 1224,735 1071,752"/>
                <Baseline points="1079,774 1110,776 1141,776 1173,776 1204,776 1236,776 1267,777 1298,777 1330,779 1361,779 1393,780 1424,782 1455,785 1487,787 1518,791 1550,794 1581,798 1612,803 1644,809 1675,814 1707,821"/>
                <TextEquiv>
                    <Unicode>sönw durch gottswyllen gäben</Unicode>
                </TextEquiv>
            </TextLine>
            <TextLine id="r1l10" custom="readingOrder {index:9;}">
                <Coords points="1033,843 1135,820 1181,854 1586,856 1647,889 1708,883 1711,846 1530,795 1365,810 1290,778 1206,804 1186,784 1082,798 1038,778"/>
                <Baseline points="1044,818 1076,818 1109,819 1142,819 1175,821 1208,821 1240,822 1273,822 1306,824 1339,824 1372,827 1404,828 1437,831 1470,834 1503,837 1535,840 1568,845 1601,851 1634,856 1667,864 1700,872"/>
                <TextEquiv>
                    <Unicode>dann ime die gentze lingen sit und</Unicode>
                </TextEquiv>
            </TextLine>
            <TextLine id="r1l11" custom="readingOrder {index:10;}">
                <Coords points="1060,902 1126,889 1193,924 1265,893 1369,911 1419,892 1462,927 1506,899 1581,902 1659,945 1721,942 1724,889 1647,888 1586,856 1523,869 1359,839 1211,857 1157,854 1127,825 1064,831"/>
                <Baseline points="1071,875 1103,875 1135,875 1167,875 1199,876 1231,876 1263,876 1295,876 1327,878 1359,879 1391,880 1423,882 1455,884 1487,887 1519,890 1551,893 1583,899 1615,903 1647,910 1679,916 1712,924"/>
                <TextEquiv>
                    <Unicode>hlax getroffen, gar erkantns</Unicode>
                </TextEquiv>
            </TextLine>
            <TextLine id="r1l12" custom="readingOrder {index:11;}">
                <Coords points="1057,966 1169,944 1290,982 1342,951 1480,975 1621,956 1669,992 1723,988 1726,932 1462,891 1439,909 1417,891 1317,912 1227,912 1188,888 1060,902"/>
                <Baseline points="1068,936 1100,936 1132,936 1165,936 1197,935 1229,935 1262,935 1294,935 1326,935 1359,936 1391,936 1423,938 1456,939 1488,941 1520,943 1553,946 1585,949 1617,952 1650,956 1682,961 1715,966"/>
                <TextEquiv>
                    <Unicode>dar durch er fursachen dem alle</Unicode>
                </TextEquiv>
            </TextLine>
            <TextLine id="r1l13" custom="readingOrder {index:12;}">
                <Coords points="1064,998 1141,1023 1235,990 1334,1041 1402,1035 1445,1003 1589,1007 1734,1053 1746,999 1604,987 1566,957 1475,973 1355,952 1304,972 1279,948 1234,975 1168,942 1066,957"/>
                <Baseline points="1074,990 1107,992 1140,993 1173,995 1206,995 1239,995 1272,995 1305,995 1338,995 1371,995 1404,995 1437,996 1470,998 1503,1000 1536,1002 1569,1006 1602,1010 1635,1016 1668,1022 1701,1031 1734,1040"/>
                <TextEquiv>
                    <Unicode>müssen nach zegans als ein eedig</Unicode>
                </TextEquiv>
            </TextLine>
            <TextLine id="r1l14" custom="readingOrder {index:13;}">
                <Coords points="1071,1087 1134,1066 1202,1093 1574,1063 1634,1111 1661,1086 1731,1083 1732,1048 1587,1007 1505,1005 1443,1037 1368,1031 1327,1001 1268,1017 1237,990 1074,1024"/>
                <Baseline points="1083,1046 1114,1047 1146,1049 1178,1049 1210,1050 1242,1050 1274,1052 1306,1052 1338,1052 1370,1053 1402,1053 1433,1055 1465,1056 1497,1057 1529,1059 1561,1062 1593,1064 1625,1067 1657,1072 1689,1077 1721,1083"/>
                <TextEquiv>
                    <Unicode>prasthafftiger und dùnfftige</Unicode>
                </TextEquiv>
            </TextLine>
            <TextLine id="r1l15" custom="readingOrder {index:14;}">
                <Coords points="1169,1730 1224,1765 1312,1733 1404,1763 1526,1742 1627,1765 1655,1744 1776,1742 1776,1678 1541,1707 1486,1669 1400,1677 1370,1658 1299,1682 1169,1666"/>
                <Baseline points="1179,1728 1208,1728 1237,1730 1267,1730 1296,1731 1325,1731 1355,1731 1384,1731 1413,1731 1443,1731 1472,1731 1501,1731 1531,1731 1560,1731 1589,1731 1619,1730 1648,1730 1677,1730 1707,1729 1736,1728 1766,1728"/>
                <TextEquiv>
                    <Unicode>uff mnntag den 29. tag dec</Unicode>
                </TextEquiv>
            </TextLine>
            <TextLine id="r1l16" custom="readingOrder {index:15;}">
                <Coords points="1139,1798 1229,1786 1270,1812 1302,1790 1370,1810 1400,1793 1426,1816 1501,1792 1569,1808 1687,1788 1775,1812 1776,1742 1738,1734 1588,1772 1526,1742 1402,1763 1312,1732 1263,1760 1140,1738"/>
                <Baseline points="1149,1775 1179,1778 1210,1780 1241,1782 1272,1783 1303,1784 1334,1785 1365,1785 1396,1785 1427,1785 1458,1787 1488,1785 1519,1785 1550,1785 1581,1785 1612,1785 1643,1785 1674,1785 1705,1785 1736,1785 1767,1787"/>
                <TextEquiv>
                    <Unicode>Den 1667. jar ist e von b</Unicode>
                </TextEquiv>
            </TextLine>
            <TextLine id="r1l17" custom="readingOrder {index:16;} organization {offset:0; length:11;} person {offset:12; length:12;}">
                <Coords points="1151,1847 1429,1862 1491,1834 1541,1864 1577,1838 1603,1857 1656,1822 1686,1844 1721,1833 1722,1803 1151,1798"/>
                <Baseline points="1160,1826 1187,1827 1215,1827 1242,1829 1270,1830 1298,1830 1325,1830 1353,1832 1381,1832 1408,1832 1436,1832 1464,1832 1491,1832 1519,1832 1547,1832 1574,1832 1602,1832 1630,1830 1657,1830 1685,1829 1713,1829"/>
                <TextEquiv>
                    <Unicode>Großweybell galluß galdi in</Unicode>
                </TextEquiv>
            </TextLine>
            <TextLine id="r1l18" custom="readingOrder {index:17;} place {offset:0; length:11;} person {offset:17; length:8; continued:true;}">
                <Coords points="1153,1879 1329,1905 1389,1883 1571,1887 1609,1909 1671,1887 1718,1910 1757,1881 1758,1815 1687,1844 1659,1825 1604,1856 1576,1839 1540,1864 1490,1834 1427,1863 1215,1854 1189,1833 1153,1847"/>
                <Baseline points="1163,1868 1192,1870 1221,1872 1250,1875 1280,1877 1309,1879 1338,1880 1368,1881 1397,1883 1426,1883 1456,1884 1485,1884 1514,1884 1543,1883 1573,1883 1602,1883 1631,1881 1661,1881 1690,1880 1719,1878 1749,1878"/>
                <TextEquiv>
                    <Unicode>bittlingers durn Baldasar</Unicode>
                </TextEquiv>
            </TextLine>
            <TextLine id="r1l19" custom="readingOrder {index:18;} person {offset:0; length:7; continued:true;}">
                <Coords points="1153,1943 1253,1931 1296,1953 1396,1930 1444,1944 1465,1925 1514,1958 1627,1928 1745,1947 1745,1905 1671,1887 1608,1909 1534,1885 1334,1903 1213,1878 1154,1896"/>
                <Baseline points="1163,1923 1191,1922 1220,1922 1248,1922 1277,1922 1306,1923 1334,1924 1363,1925 1392,1926 1420,1926 1449,1928 1478,1929 1506,1930 1535,1931 1564,1931 1592,1931 1621,1931 1650,1930 1678,1929 1707,1926 1736,1925"/>
                <TextEquiv>
                    <Unicode>hermann der Pfister albie</Unicode>
                </TextEquiv>
            </TextLine>
            <TextLine id="r1l20" custom="readingOrder {index:19;}">
                <Coords points="1169,1974 1246,2005 1288,1984 1329,1999 1359,1977 1445,1990 1592,1974 1687,1996 1770,1978 1770,1942 1714,1929 1695,1944 1624,1929 1556,1957 1477,1926 1444,1945 1169,1939"/>
                <Baseline points="1178,1967 1207,1967 1236,1968 1265,1968 1294,1970 1323,1970 1352,1971 1382,1972 1411,1973 1440,1973 1469,1974 1498,1974 1527,1974 1556,1974 1586,1973 1615,1973 1644,1971 1673,1970 1702,1970 1731,1967 1761,1965"/>
                <TextEquiv>
                    <Unicode>befragt wordenn unnd im</Unicode>
                </TextEquiv>
            </TextLine>
            <TextLine id="r1l21" custom="readingOrder {index:20;}">
                <Coords points="1167,2020 1216,2038 1244,2025 1274,2040 1293,2022 1537,2047 1653,2028 1702,2051 1745,2020 1746,1977 1684,1998 1575,1978 1391,1997 1359,1978 1323,2002 1168,1973"/>
                <Baseline points="1176,2012 1204,2013 1232,2016 1260,2018 1288,2018 1316,2020 1344,2021 1372,2022 1400,2024 1428,2025 1456,2025 1484,2026 1512,2027 1540,2027 1568,2026 1596,2025 1624,2025 1652,2024 1680,2022 1708,2021 1736,2018"/>
                <TextEquiv>
                    <Unicode>fürghalte wie das nin e</Unicode>
                </TextEquiv>
            </TextLine>
            <TextLine id="r1l22" custom="readingOrder {index:21;}">
                <Coords points="1174,2070 1314,2092 1414,2090 1435,2070 1487,2093 1786,2092 1774,2013 1666,2053 1175,2021"/>
                <Baseline points="1184,2063 1213,2064 1243,2066 1272,2067 1302,2069 1332,2070 1361,2072 1391,2073 1420,2074 1450,2075 1480,2076 1509,2076 1539,2077 1568,2078 1598,2077 1628,2076 1657,2076 1687,2075 1716,2073 1746,2070 1776,2067"/>
                <TextEquiv>
                    <Unicode>geind ein seittere vergiht</Unicode>
                </TextEquiv>
            </TextLine>
            <TextLine id="r1l23" custom="readingOrder {index:22;}">
                <Coords points="1172,2125 1236,2111 1256,2132 1348,2119 1481,2143 1553,2122 1633,2141 1788,2127 1788,2091 1717,2101 1655,2079 1575,2083 1533,2108 1440,2071 1413,2091 1295,2075 1173,2089"/>
                <Baseline points="1181,2109 1210,2111 1240,2111 1270,2113 1300,2114 1330,2116 1360,2117 1389,2118 1419,2120 1449,2121 1479,2123 1509,2124 1539,2124 1569,2124 1598,2124 1628,2124 1658,2124 1688,2123 1718,2122 1748,2120 1778,2118"/>
                <TextEquiv>
                    <Unicode>noch mals von inwellen habe</Unicode>
                </TextEquiv>
            </TextLine>
            <TextLine id="r1l24" custom="readingOrder {index:23;}">
                <Coords points="1178,2168 1253,2151 1333,2188 1352,2170 1429,2172 1528,2196 1581,2174 1660,2191 1685,2173 1742,2200 1768,2195 1770,2139 1709,2122 1558,2149 1519,2128 1179,2121"/>
                <Baseline points="1188,2148 1216,2150 1245,2151 1273,2154 1302,2155 1331,2158 1359,2159 1388,2162 1416,2163 1445,2165 1474,2166 1502,2168 1531,2168 1559,2169 1588,2169 1617,2169 1645,2169 1674,2169 1702,2166 1731,2165 1760,2163"/>
                <TextEquiv>
                    <Unicode>abs umb die unzunlichen sch</Unicode>
                </TextEquiv>
            </TextLine>
            <TextLine id="r1l25" custom="readingOrder {index:24;} person {offset:23; length:5; continued:true;}">
                <Coords points="1172,2200 1448,2249 1492,2221 1635,2220 1696,2249 1735,2218 1800,2217 1802,2172 1756,2193 1736,2175 1649,2195 1610,2174 1497,2197 1458,2174 1291,2180 1253,2150 1225,2171 1173,2166"/>
                <Baseline points="1182,2189 1212,2192 1242,2196 1273,2200 1303,2202 1334,2205 1364,2208 1395,2211 1425,2213 1456,2215 1486,2217 1516,2217 1547,2219 1577,2219 1608,2219 1638,2219 1669,2217 1699,2216 1730,2213 1760,2211 1791,2208"/>
                <TextEquiv>
                    <Unicode>machworft. so er wider Hanns</Unicode>
                </TextEquiv>
            </TextLine>
            <TextLine id="r1l26" custom="readingOrder {index:25;} person {offset:0; length:8; continued:true;}">
                <Coords points="1163,2272 1252,2247 1282,2269 1352,2257 1539,2301 1708,2272 1737,2296 1806,2269 1807,2231 1776,2215 1696,2249 1668,2229 1598,2249 1554,2222 1409,2242 1166,2202"/>
                <Baseline points="1173,2240 1204,2243 1235,2245 1266,2247 1297,2249 1328,2252 1359,2255 1391,2257 1422,2260 1453,2263 1484,2264 1515,2266 1546,2268 1577,2268 1609,2270 1640,2270 1671,2268 1702,2267 1733,2265 1764,2262 1796,2259"/>
                <TextEquiv>
                    <Unicode>sechtenn unnd sinen nachbure</Unicode>
                </TextEquiv>
            </TextLine>
            <TextLine id="r1l27" custom="readingOrder {index:26;}">
                <Coords points="1159,2299 1246,2299 1323,2329 1388,2305 1456,2338 1517,2322 1554,2349 1630,2322 1702,2344 1805,2313 1807,2274 1736,2297 1711,2273 1507,2294 1351,2257 1161,2254"/>
                <Baseline points="1169,2286 1200,2289 1231,2291 1263,2294 1294,2296 1326,2300 1357,2302 1388,2306 1420,2309 1451,2310 1483,2313 1514,2315 1545,2316 1577,2318 1608,2319 1640,2318 1671,2318 1702,2315 1734,2314 1765,2310 1797,2306"/>
                <TextEquiv>
                    <Unicode>und steffen somtgarter sunder</Unicode>
                </TextEquiv>
            </TextLine>
            <TextLine id="r1l28" custom="readingOrder {index:27;}">
                <Coords points="1171,2361 1214,2338 1256,2369 1418,2386 1493,2364 1547,2395 1636,2395 1688,2362 1738,2378 1791,2364 1794,2315 1702,2344 1628,2323 1552,2346 1517,2322 1458,2338 1384,2309 1333,2328 1246,2299 1174,2303"/>
                <Baseline points="1182,2334 1212,2335 1242,2338 1272,2341 1302,2344 1332,2347 1362,2349 1392,2354 1422,2357 1452,2360 1482,2361 1512,2364 1542,2366 1572,2367 1602,2367 1632,2367 1662,2367 1692,2364 1722,2361 1752,2357 1782,2352"/>
                <TextEquiv>
                    <Unicode>husgrrossenn us gossen unnd</Unicode>
                </TextEquiv>
            </TextLine>
            <TextLine id="r1l29" custom="readingOrder {index:28;}">
                <Coords points="1170,2387 1409,2408 1478,2422 1507,2454 1565,2439 1588,2456 1656,2427 1805,2421 1808,2378 1713,2397 1669,2379 1553,2388 1530,2407 1465,2366 1418,2388 1239,2364 1214,2339 1172,2355"/>
                <Baseline points="1179,2378 1209,2381 1240,2385 1271,2390 1302,2394 1333,2398 1364,2403 1395,2406 1426,2410 1457,2415 1488,2418 1518,2421 1549,2424 1580,2425 1611,2426 1642,2426 1673,2425 1704,2423 1735,2420 1766,2415 1797,2409"/>
                <TextEquiv>
                    <Unicode>Eerpeeletlich zu gredt wir</Unicode>
                </TextEquiv>
            </TextLine>
            <TextLine id="r1l30" custom="readingOrder {index:29;}">
                <Coords points="1157,2432 1257,2438 1284,2469 1372,2454 1448,2491 1480,2474 1497,2495 1577,2483 1658,2507 1728,2473 1790,2475 1793,2443 1551,2449 1496,2417 1437,2441 1393,2407 1161,2387"/>
                <Baseline points="1167,2423 1197,2426 1228,2429 1259,2435 1290,2439 1320,2444 1351,2448 1382,2453 1413,2458 1443,2462 1474,2466 1505,2469 1536,2472 1566,2474 1597,2475 1628,2477 1659,2475 1689,2475 1720,2471 1751,2467 1782,2463"/>
                <TextEquiv>
                    <Unicode>dan söllicher spretworttenn</Unicode>
                </TextEquiv>
            </TextLine>
            <TextLine id="r1l31" custom="readingOrder {index:30;}">
                <Coords points="1162,2504 1283,2504 1333,2479 1389,2520 1483,2507 1573,2540 1654,2526 1706,2555 1739,2528 1791,2551 1799,2478 1583,2502 1495,2463 1465,2483 1170,2429"/>
                <Baseline points="1175,2463 1205,2468 1235,2471 1266,2475 1296,2480 1327,2484 1357,2488 1388,2493 1418,2498 1449,2503 1479,2507 1509,2510 1540,2514 1570,2517 1601,2520 1631,2522 1662,2524 1692,2525 1723,2525 1753,2524 1784,2523"/>
                <TextEquiv>
                    <Unicode>hauß recht vor minen eb</Unicode>
                </TextEquiv>
            </TextLine>
            <TextLine id="r1l32" custom="readingOrder {index:31;}">
                <Coords points="1176,2533 1230,2523 1261,2551 1322,2562 1357,2535 1372,2554 1405,2540 1440,2571 1482,2547 1510,2565 1679,2574 1698,2597 1766,2579 1769,2548 1737,2533 1538,2534 1483,2507 1385,2518 1254,2473 1181,2488"/>
                <Baseline points="1187,2511 1215,2514 1244,2518 1272,2522 1301,2526 1329,2530 1358,2533 1386,2537 1415,2541 1443,2544 1472,2548 1500,2551 1529,2555 1557,2558 1586,2559 1614,2562 1643,2565 1671,2566 1700,2567 1728,2568 1757,2568"/>
                <TextEquiv>
                    <Unicode>in gsesern bhat ✳ ine zuͦ¬</Unicode>
                </TextEquiv>
            </TextLine>
            <TextLine id="r1l33" custom="readingOrder {index:32;}">
                <Coords points="1187,2575 1238,2590 1328,2575 1427,2615 1511,2598 1537,2627 1605,2601 1635,2628 1804,2608 1811,2537 1739,2579 1698,2559 1591,2585 1482,2548 1440,2571 1405,2541 1323,2554 1192,2521"/>
                <Baseline points="1197,2559 1228,2562 1260,2565 1291,2569 1323,2573 1354,2577 1386,2581 1417,2585 1449,2590 1480,2594 1512,2598 1543,2601 1575,2604 1606,2606 1638,2608 1669,2609 1701,2609 1732,2609 1764,2607 1796,2604"/>
                <TextEquiv>
                    <Unicode>gägen beschuldigen hat und</Unicode>
                </TextEquiv>
            </TextLine>
            <TextLine id="r1l34" custom="readingOrder {index:33;}">
                <Coords points="1191,2599 1255,2646 1310,2632 1409,2665 1438,2648 1545,2673 1574,2654 1627,2671 1633,2626 1594,2607 1538,2626 1512,2598 1449,2599 1428,2615 1413,2599 1378,2608 1333,2577 1291,2590 1196,2563"/>
                <Baseline points="1200,2601 1226,2604 1252,2609 1278,2612 1304,2616 1330,2620 1357,2625 1383,2629 1409,2633 1435,2637 1461,2640 1488,2644 1514,2648 1540,2650 1566,2652 1592,2654 1619,2655"/>
                <TextEquiv>
                    <Unicode>sich veeklagt der en</Unicode>
                </TextEquiv>
            </TextLine>
            <TextLine id="r1l35" custom="readingOrder {index:34;}">
                <Coords points="1648,2655 1658,2656 1672,2672 1683,2669 1687,2673 1693,2668 1698,2672 1704,2668 1715,2669 1717,2635 1704,2635 1677,2627 1667,2630 1650,2629"/>
                <Baseline points="1658,2658 1706,2661"/>
                <TextEquiv>
                    <Unicode>ve</Unicode>
                </TextEquiv>
            </TextLine>
            <TextLine id="r1l36" custom="readingOrder {index:35;}">
                <Coords points="1558,2738 1593,2740 1606,2728 1653,2733 1703,2709 1733,2719 1761,2710 1784,2728 1803,2723 1799,2642 1764,2648 1739,2634 1699,2671 1656,2669 1641,2678 1576,2652 1554,2663"/>
                <Baseline points="1566,2709 1591,2705 1616,2702 1641,2699 1666,2697 1692,2696 1717,2696 1742,2696 1767,2697 1793,2699"/>
                <TextEquiv>
                    <Unicode>zfrecklich</Unicode>
                </TextEquiv>
            </TextLine>
            <TextEquiv>
                <Unicode>Ist bemelter Hanns Christe vor
horung durch herr ein gresrge
befragt von wanner e nin dem
duch böüne, das er dem gera
prruot verkoufft hatt
Hanns Christen
nyt an es habtans in die keste
frouwenn zu Dennicken im dun
sönw durch gottswyllen gäben
dann ime die gentze lingen sit und
hlax getroffen, gar erkantns
dar durch er fursachen dem alle
müssen nach zegans als ein eedig
prasthafftiger und dùnfftige
uff mnntag den 29. tag dec
Den 1667. jar ist e von b
Großweybell galluß galdi in
bittlingers durn Baldasar
hermann der Pfister albie
befragt wordenn unnd im
fürghalte wie das nin e
geind ein seittere vergiht
noch mals von inwellen habe
abs umb die unzunlichen sch
machworft. so er wider Hanns
sechtenn unnd sinen nachbure
und steffen somtgarter sunder
husgrrossenn us gossen unnd
Eerpeeletlich zu gredt wir
dan söllicher spretworttenn
hauß recht vor minen eb
in gsesern bhat ✳ ine zuͦ¬
gägen beschuldigen hat und
sich veeklagt der en
ve
zfrecklich</Unicode>
            </TextEquiv>
        </TextRegion>
        <TextRegion orientation="0.0" type="paragraph" id="r3" custom="readingOrder {index:1;} structure {type:paragraph;}">
            <Coords points="1721,357 1854,2637 2646,2547 2471,257"/>
            <TextLine id="r3l1" custom="readingOrder {index:0;}">
                <Coords points="1756,447 1895,397 1988,400 2048,356 2208,343 2305,361 2334,331 2443,302 2434,254 2238,309 2145,302 2023,342 1907,345 1876,376 1850,365 1749,410"/>
                <Baseline points="1764,441 1797,427 1830,413 1864,402 1897,393 1931,384 1964,376 1998,370 2031,364 2065,359 2098,354 2131,350 2165,346 2198,341 2232,337 2265,333 2299,327 2332,322 2366,315"/>
                <TextEquiv>
                    <Unicode>w</Unicode>
                </TextEquiv>
            </TextLine>
            <TextLine id="r3l2" custom="readingOrder {index:1;}">
                <Coords points="1825,476 1953,434 2021,442 2077,409 2134,424 2180,400 2337,406 2390,362 2433,390 2466,371 2457,315 2413,305 2302,360 2224,347 2088,385 2045,359 1987,400 1897,396 1817,426"/>
                <Baseline points="1833,468 1864,458 1895,448 1926,440 1957,432 1988,425 2019,419 2050,413 2081,407 2112,404 2143,399 2174,395 2205,392 2236,387 2267,384 2298,379 2329,374 2360,370 2391,364 2422,358 2453,351"/>
                <TextEquiv>
                    <Unicode>hierüber sin anttwürt sollihe</Unicode>
                </TextEquiv>
            </TextLine>
            <TextLine id="r3l3" custom="readingOrder {index:2;}">
                <Coords points="1803,536 1942,492 1973,505 2006,478 2037,489 2147,442 2389,444 2464,416 2458,377 2391,363 2337,404 2075,410 2021,440 1792,469"/>
                <Baseline points="1811,525 1843,513 1875,501 1907,490 1939,482 1971,475 2003,467 2035,462 2067,455 2099,451 2132,447 2164,442 2196,440 2228,436 2260,433 2292,429 2324,426 2356,421 2388,418 2420,413 2453,408"/>
                <TextEquiv>
                    <Unicode>gntabs und zwyr siit mir m</Unicode>
                </TextEquiv>
            </TextLine>
            <TextLine id="r3l4" custom="readingOrder {index:3;}">
                <Coords points="1756,612 1866,553 1935,536 1975,556 2061,495 2157,519 2272,481 2454,473 2463,426 2030,468 1974,499 1844,513 1749,571"/>
                <Baseline points="1761,590 1795,575 1830,562 1865,550 1900,540 1935,530 1970,523 2005,515 2040,508 2075,502 2110,496 2144,492 2179,488 2214,483 2249,480 2284,476 2319,473 2354,470 2389,467 2424,464 2459,461"/>
                <TextEquiv>
                    <Unicode>gtardt, warelich Es syg im nit mit</Unicode>
                </TextEquiv>
            </TextLine>
            <TextLine id="r3l5" custom="readingOrder {index:4;}">
                <Coords points="1763,554 1772,552 1779,547 1785,538 1794,536 1776,450 1766,452 1762,449 1755,450 1752,455 1743,457"/>
                <Baseline points="1769,536 1784,533"/>
                <TextEquiv>
                    <Unicode></Unicode>
                </TextEquiv>
            </TextLine>
            <TextLine id="r3l6" custom="readingOrder {index:5;}">
                <Coords points="1758,652 1886,599 1983,578 2030,591 2049,562 2091,580 2143,555 2216,569 2254,533 2404,522 2413,473 2275,480 2122,523 2064,506 1974,555 1937,542 1900,570 1865,553 1797,604 1749,601"/>
                <Baseline points="1764,630 1796,620 1828,610 1860,603 1893,593 1925,587 1957,580 1989,573 2022,566 2054,561 2086,555 2118,550 2151,545 2183,540 2215,535 2247,531 2280,527 2312,522 2344,518 2376,514 2409,510"/>
                <TextEquiv>
                    <Unicode>zugedenck nochzu wüssen, das er</Unicode>
                </TextEquiv>
            </TextLine>
            <TextLine id="r3l7" custom="readingOrder {index:6;} person {offset:5; length:13;}">
                <Coords points="1762,693 1845,653 1880,668 1989,635 2017,647 2063,604 2317,603 2436,556 2431,527 2336,517 2249,533 2220,563 2047,567 2030,591 1989,574 1756,656"/>
                <Baseline points="1770,680 1802,670 1835,659 1868,650 1901,641 1934,633 1966,626 1999,619 2032,612 2065,607 2098,601 2130,596 2163,590 2196,585 2229,581 2261,577 2294,573 2327,568 2360,565 2393,561 2426,557"/>
                <TextEquiv>
                    <Unicode>über Hanns heikten und steffenn</Unicode>
                </TextEquiv>
            </TextLine>
            <TextLine id="r3l8" custom="readingOrder {index:7;}">
                <Coords points="1771,733 1833,705 1863,721 1972,670 2097,680 2154,643 2424,617 2431,558 2316,599 2064,605 2009,640 1888,668 1845,652 1764,691"/>
                <Baseline points="1779,720 1811,709 1844,701 1876,692 1909,684 1941,676 1974,670 2006,663 2039,657 2071,651 2104,645 2137,640 2169,635 2202,631 2234,627 2267,622 2299,619 2332,615 2364,612 2397,609 2430,606"/>
                <TextEquiv>
                    <Unicode>Beumparter dalb sy vor drem haus</Unicode>
                </TextEquiv>
            </TextLine>
            <TextLine id="r3l9" custom="readingOrder {index:8;}">
                <Coords points="1780,785 1990,716 2068,730 2104,707 2136,729 2188,684 2489,686 2477,610 2443,601 2364,629 2337,614 2140,644 2049,684 2010,667 1772,733"/>
                <Baseline points="1787,767 1821,757 1855,746 1890,736 1924,728 1958,720 1993,712 2027,706 2061,699 2096,694 2130,688 2164,683 2199,679 2233,674 2267,671 2302,667 2336,664 2370,659 2405,656 2439,653 2474,648"/>
                <TextEquiv>
                    <Unicode>by ein anderen sthundene söllich</Unicode>
                </TextEquiv>
            </TextLine>
            <TextLine id="r3l10" custom="readingOrder {index:9;}">
                <Coords points="1780,824 1852,795 1915,814 2076,757 2210,768 2325,719 2356,739 2431,721 2424,674 2394,671 2253,707 2166,698 2136,724 2093,707 2053,732 1985,717 1951,745 1913,731 1876,763 1774,781"/>
                <Baseline points="1787,807 1818,799 1850,792 1881,786 1913,779 1945,773 1976,767 2008,762 2040,757 2071,752 2103,747 2135,744 2166,740 2198,736 2230,733 2261,730 2293,725 2325,722 2356,719 2388,715 2420,711"/>
                <TextEquiv>
                    <Unicode>wordt es gstossenn und pred hab</Unicode>
                </TextEquiv>
            </TextLine>
            <TextLine id="r3l11" custom="readingOrder {index:10;}">
                <Coords points="1776,871 1838,840 1901,832 1928,851 2030,808 2115,828 2162,790 2225,813 2259,786 2332,796 2365,762 2435,759 2430,731 2324,719 2185,764 2066,755 1979,794 1930,788 1905,811 1853,794 1769,824"/>
                <Baseline points="1782,852 1814,845 1846,838 1878,832 1910,825 1942,819 1974,813 2006,807 2038,801 2070,798 2102,792 2134,787 2166,783 2198,779 2230,775 2262,770 2294,767 2326,763 2358,758 2390,755 2423,750"/>
                <TextEquiv>
                    <Unicode>namlich nit züchten zu redenn</Unicode>
                </TextEquiv>
            </TextLine>
            <TextLine id="r3l12" custom="readingOrder {index:11;}">
                <Coords points="1781,916 2116,842 2178,856 2213,836 2261,868 2303,829 2463,817 2456,765 2408,757 2335,795 2257,787 2214,811 2162,789 2132,818 2025,808 1939,849 1901,831 1775,869"/>
                <Baseline points="1788,897 1821,889 1854,881 1887,876 1921,869 1954,864 1987,859 2020,854 2054,849 2087,846 2120,841 2153,837 2187,834 2220,831 2253,827 2286,825 2320,822 2353,819 2386,816 2419,813 2453,812"/>
                <TextEquiv>
                    <Unicode>waß thund die verrachters biß¬</Unicode>
                </TextEquiv>
            </TextLine>
            <TextLine id="r3l13" custom="readingOrder {index:12;}">
                <Coords points="1791,957 1822,939 1877,965 1947,911 2027,936 2089,901 2184,925 2219,891 2387,895 2411,875 2502,903 2497,820 2282,865 2214,837 2116,842 2074,875 2012,861 1787,916"/>
                <Baseline points="1799,938 1833,932 1868,924 1902,919 1937,913 1972,909 2006,903 2041,900 2076,896 2110,893 2145,890 2180,887 2214,885 2249,882 2284,881 2318,878 2353,876 2388,875 2422,873 2457,871 2492,869"/>
                <TextEquiv>
                    <Unicode>wicht, wan hannd sy die minen gurs</Unicode>
                </TextEquiv>
            </TextLine>
            <TextLine id="r3l14" custom="readingOrder {index:13;}">
                <Coords points="1773,1015 1878,979 1992,989 2079,947 2168,976 2261,947 2334,964 2393,928 2507,932 2504,900 2419,875 2250,909 2219,890 2179,911 2113,892 2052,923 1947,911 1915,948 1769,959"/>
                <Baseline points="1781,989 1816,981 1852,974 1888,968 1924,962 1959,957 1995,953 2031,950 2067,945 2102,944 2138,940 2174,938 2210,936 2245,934 2281,932 2317,930 2353,929 2388,927 2424,925 2460,924 2496,921"/>
                <TextEquiv>
                    <Unicode> den fleys banck verkoufft ✳ so er</Unicode>
                </TextEquiv>
            </TextLine>
            <TextLine id="r3l15" custom="readingOrder {index:14;}">
                <Coords points="1786,1058 1942,1016 2138,1031 2262,985 2388,1007 2499,980 2496,946 2438,926 2330,966 2263,947 2163,974 2073,949 2017,984 1866,982 1782,1012"/>
                <Baseline points="1794,1035 1828,1031 1863,1025 1898,1020 1933,1017 1967,1012 2002,1008 2037,1006 2072,1002 2106,999 2141,996 2176,993 2211,991 2245,989 2280,986 2315,986 2350,984 2384,983 2419,981 2454,980 2489,980"/>
                <TextEquiv>
                    <Unicode>aber etwas möcht gred haus siye</Unicode>
                </TextEquiv>
            </TextLine>
            <TextLine id="r3l16" custom="readingOrder {index:15;}">
                <Coords points="1797,1096 1868,1064 1991,1074 2057,1050 2106,1069 2202,1041 2232,1067 2370,1026 2417,1046 2506,1035 2502,977 2425,1004 2271,985 2170,1019 2123,998 2061,1025 1944,1015 1794,1051"/>
                <Baseline points="1805,1071 1839,1067 1874,1063 1908,1058 1943,1054 1977,1051 2012,1047 2046,1045 2081,1042 2115,1039 2150,1037 2184,1034 2219,1033 2253,1031 2288,1029 2322,1026 2357,1025 2391,1022 2426,1020 2460,1019 2495,1016"/>
                <TextEquiv>
                    <Unicode>ss im lend und ouch also in wider</Unicode>
                </TextEquiv>
            </TextLine>
            <TextLine id="r3l17" custom="readingOrder {index:16;}">
                <Coords points="1804,1128 1902,1108 1951,1137 2031,1095 2145,1087 2267,1113 2387,1074 2461,1103 2473,1035 2372,1026 2234,1066 2202,1040 2178,1066 2039,1051 1904,1082 1874,1063 1801,1085"/>
                <Baseline points="1812,1116 1844,1112 1877,1107 1910,1102 1942,1098 1975,1096 2008,1094 2040,1091 2073,1090 2106,1088 2139,1086 2171,1085 2204,1083 2237,1082 2269,1080 2302,1077 2335,1076 2367,1073 2400,1070 2433,1065 2466,1062"/>
                <TextEquiv>
                    <Unicode>wortigekryt ✳ von wagen dach</Unicode>
                </TextEquiv>
            </TextLine>
            <TextLine id="r3l18" custom="readingOrder {index:17;}">
                <Coords points="1828,1181 2108,1136 2227,1140 2255,1162 2287,1128 2463,1123 2460,1080 2338,1084 2268,1111 2142,1088 1983,1099 1927,1126 1823,1119"/>
                <Baseline points="1836,1164 1866,1160 1897,1156 1928,1151 1959,1148 1990,1145 2021,1143 2051,1140 2082,1139 2113,1137 2144,1134 2175,1132 2206,1130 2237,1128 2267,1127 2298,1124 2329,1122 2360,1119 2391,1116 2422,1112 2453,1109"/>
                <TextEquiv>
                    <Unicode>in sun iue abwäsnnt ✳ und</Unicode>
                </TextEquiv>
            </TextLine>
            <TextLine id="r3l19" custom="readingOrder {index:18;}">
                <Coords points="1811,1221 1876,1210 1926,1231 2115,1184 2293,1205 2336,1177 2526,1163 2523,1129 2420,1116 2345,1143 2282,1132 2260,1158 2109,1136 1808,1177"/>
                <Baseline points="1820,1214 1854,1209 1889,1204 1924,1199 1959,1196 1994,1192 2028,1189 2063,1187 2098,1184 2133,1182 2168,1181 2202,1179 2237,1176 2272,1175 2307,1172 2342,1170 2376,1168 2411,1165 2446,1161 2481,1157 2516,1152"/>
                <TextEquiv>
                    <Unicode>vnwüssent ver esagt wordenn</Unicode>
                </TextEquiv>
            </TextLine>
            <TextLine id="r3l20" custom="readingOrder {index:19;}">
                <Coords points="1809,1275 1992,1246 2020,1271 2089,1269 2119,1244 2211,1266 2345,1214 2496,1225 2493,1186 2441,1164 2295,1201 2115,1184 1928,1229 1805,1217"/>
                <Baseline points="1818,1263 1851,1259 1884,1256 1918,1252 1951,1248 1985,1246 2018,1243 2051,1240 2085,1238 2118,1235 2152,1233 2185,1230 2218,1228 2252,1226 2285,1224 2319,1221 2352,1219 2385,1217 2419,1215 2452,1213 2486,1211"/>
                <TextEquiv>
                    <Unicode>das er nit wüsse was oder wie en</Unicode>
                </TextEquiv>
            </TextLine>
            <TextLine id="r3l21" custom="readingOrder {index:20;}">
                <Coords points="1824,1335 1850,1337 1904,1315 1929,1332 2051,1325 2084,1309 2143,1319 2138,1244 2089,1268 2045,1255 2023,1266 1991,1246 1933,1268 1907,1251 1885,1265 1853,1262 1821,1283"/>
                <Baseline points="1832,1307 1857,1303 1882,1301 1907,1298 1932,1296 1957,1295 1982,1293 2007,1292 2032,1290 2057,1290 2082,1289 2107,1287 2132,1286"/>
                <TextEquiv>
                    <Unicode>gsprochen hab ✳</Unicode>
                </TextEquiv>
            </TextLine>
            <TextLine id="r3l22" custom="readingOrder {index:21;}">
                <Coords points="1798,1550 2100,1508 2174,1525 2202,1506 2227,1527 2265,1490 2328,1518 2420,1481 2521,1505 2518,1455 2460,1426 2407,1450 2289,1422 2226,1464 2153,1443 2120,1468 2063,1452 1973,1481 1792,1447"/>
                <Baseline points="1805,1515 1840,1515 1875,1514 1910,1513 1946,1511 1981,1510 2016,1509 2051,1506 2087,1505 2122,1503 2157,1501 2192,1499 2228,1496 2263,1494 2298,1492 2333,1489 2369,1487 2404,1485 2439,1482 2474,1480 2510,1478"/>
                <TextEquiv>
                    <Unicode>Dnnne vor minen g seerenn</Unicode>
                </TextEquiv>
            </TextLine>
            <TextLine id="r3l23" custom="readingOrder {index:22;}">
                <Coords points="1816,1587 1896,1576 1931,1599 1956,1576 2106,1555 2154,1583 2179,1556 2242,1573 2289,1549 2490,1531 2488,1503 2438,1487 2332,1515 2263,1489 2173,1525 2108,1508 1873,1542 1812,1521"/>
                <Baseline points="1824,1569 1856,1568 1889,1565 1922,1563 1955,1562 1988,1559 2020,1558 2053,1555 2086,1554 2119,1551 2152,1548 2184,1546 2217,1545 2250,1542 2283,1539 2315,1538 2348,1536 2381,1535 2414,1533 2447,1530 2480,1529"/>
                <TextEquiv>
                    <Unicode>In pseßnen khat, sye er vor</Unicode>
                </TextEquiv>
            </TextLine>
            <TextLine id="r3l24" custom="readingOrder {index:23;}">
                <Coords points="1818,1635 1877,1642 1905,1616 1971,1639 2029,1603 2050,1619 2173,1595 2473,1606 2468,1538 2423,1532 2237,1572 2198,1555 2160,1575 2132,1551 2067,1587 2007,1569 1815,1594"/>
                <Baseline points="1826,1619 1857,1617 1889,1616 1921,1613 1953,1611 1985,1608 2016,1606 2048,1605 2080,1602 2112,1599 2144,1596 2175,1595 2207,1591 2239,1590 2271,1587 2303,1585 2334,1583 2366,1581 2398,1580 2430,1578 2462,1577"/>
                <TextEquiv>
                    <Unicode>dren p mitt kuenerhafft</Unicode>
                </TextEquiv>
            </TextLine>
            <TextLine id="r3l25" custom="readingOrder {index:24;}">
                <Coords points="1826,1676 1992,1648 2042,1683 2079,1657 2232,1646 2271,1668 2416,1632 2449,1659 2497,1634 2554,1654 2551,1603 2469,1583 2381,1617 2353,1592 2237,1623 2121,1602 2085,1627 2016,1608 1971,1640 1905,1615 1877,1643 1824,1631"/>
                <Baseline points="1835,1664 1870,1662 1905,1659 1941,1657 1976,1656 2012,1653 2047,1652 2083,1650 2118,1648 2154,1646 2189,1644 2224,1643 2260,1641 2295,1640 2331,1637 2366,1636 2402,1634 2437,1632 2473,1631 2508,1629 2544,1626"/>
                <TextEquiv>
                    <Unicode>und erschrockmen grmutt gstan¬</Unicode>
                </TextEquiv>
            </TextLine>
            <TextLine id="r3l26" custom="readingOrder {index:25;}">
                <Coords points="1809,1728 2040,1731 2083,1711 2155,1722 2180,1699 2205,1720 2324,1687 2361,1713 2408,1686 2500,1683 2498,1640 2331,1641 2266,1669 2168,1650 2043,1682 1993,1649 1852,1686 1806,1666"/>
                <Baseline points="1817,1712 1850,1710 1884,1709 1917,1707 1951,1706 1985,1704 2018,1703 2052,1701 2086,1698 2119,1697 2153,1695 2187,1694 2220,1692 2254,1691 2288,1688 2321,1686 2355,1683 2389,1681 2422,1680 2456,1677 2490,1674"/>
                <TextEquiv>
                    <Unicode>den ✳ und inbschwachet, das</Unicode>
                </TextEquiv>
            </TextLine>
            <TextLine id="r3l27" custom="readingOrder {index:26;} person {offset:0; length:11;}">
                <Coords points="1832,1790 1886,1767 1962,1794 1989,1768 2032,1791 2189,1750 2522,1747 2546,1740 2545,1709 2408,1686 2361,1713 2322,1684 2213,1721 2180,1698 2149,1728 2114,1708 2038,1734 1830,1730"/>
                <Baseline points="1841,1760 1875,1760 1910,1758 1945,1758 1980,1758 2015,1757 2049,1756 2084,1755 2119,1754 2154,1752 2189,1751 2223,1749 2258,1747 2293,1745 2328,1744 2363,1741 2397,1739 2432,1737 2467,1735 2502,1733 2537,1731"/>
                <TextEquiv>
                    <Unicode>Hannß Recht abermals widerim</Unicode>
                </TextEquiv>
            </TextLine>
            <TextLine id="r3l28" custom="readingOrder {index:27;} person {offset:17; length:7;}">
                <Coords points="1850,1842 2007,1824 2061,1843 2175,1806 2471,1819 2515,1796 2512,1741 2394,1758 2374,1742 2215,1780 2166,1754 2078,1788 1989,1768 1962,1795 1928,1765 1847,1786"/>
                <Baseline points="1859,1823 1891,1820 1923,1818 1955,1816 1988,1815 2020,1812 2052,1811 2085,1809 2117,1807 2149,1806 2182,1803 2214,1802 2246,1801 2278,1799 2311,1796 2343,1794 2375,1793 2408,1790 2440,1787 2472,1785 2505,1782"/>
                <TextEquiv>
                    <Unicode>tund deß halb er Cagwyss</Unicode>
                </TextEquiv>
            </TextLine>
            <TextLine id="r3l29" custom="readingOrder {index:28;}">
                <Coords points="1840,1893 1917,1899 1983,1858 2102,1881 2277,1847 2501,1848 2521,1841 2519,1793 2408,1826 2251,1803 2074,1841 1981,1824 1837,1844"/>
                <Baseline points="1847,1865 1880,1866 1913,1866 1946,1865 1979,1865 2013,1863 2046,1863 2079,1860 2112,1860 2145,1857 2179,1856 2212,1854 2245,1852 2278,1850 2311,1848 2345,1847 2378,1845 2411,1844 2444,1842 2477,1841 2511,1841"/>
                <TextEquiv>
                    <Unicode>vsprochen hab auch wie wird</Unicode>
                </TextEquiv>
            </TextLine>
            <TextLine id="r3l30" custom="readingOrder {index:29;}">
                <Coords points="1845,1947 1897,1913 2059,1936 2101,1918 2159,1945 2351,1894 2520,1906 2556,1894 2553,1841 2504,1862 2373,1849 2328,1879 2268,1851 2135,1888 2054,1858 1982,1860 1917,1899 1841,1890"/>
                <Baseline points="1853,1926 1887,1925 1922,1924 1956,1922 1991,1920 2026,1917 2060,1916 2095,1914 2130,1912 2164,1910 2199,1908 2234,1905 2268,1903 2303,1900 2338,1898 2372,1895 2407,1892 2442,1890 2476,1887 2511,1883 2546,1880"/>
                <TextEquiv>
                    <Unicode>Ic ubraten ggrad wir judas</Unicode>
                </TextEquiv>
            </TextLine>
            <TextLine id="r3l31" custom="readingOrder {index:30;} person {offset:10; length:13;}">
                <Coords points="1827,1984 1904,2011 2003,2005 2043,1974 2134,1995 2267,1952 2349,1974 2439,1936 2551,1942 2549,1916 2503,1896 2358,1896 2322,1923 2292,1902 2163,1942 2101,1919 1970,1950 1898,1913 1825,1948"/>
                <Baseline points="1835,1973 1870,1973 1905,1974 1940,1973 1976,1973 2011,1971 2046,1970 2081,1968 2117,1965 2152,1962 2187,1959 2222,1957 2258,1954 2293,1951 2328,1949 2363,1946 2399,1943 2434,1941 2469,1939 2504,1938 2540,1937"/>
                <TextEquiv>
                    <Unicode>vnser her inus Christes ver¬</Unicode>
                </TextEquiv>
            </TextLine>
            <TextLine id="r3l32" custom="readingOrder {index:31;}">
                <Coords points="1846,2045 1966,2044 1997,2021 2034,2048 2140,2029 2179,2046 2388,1997 2436,2027 2554,2019 2570,1954 2471,1967 2441,1940 2349,1975 2266,1951 2186,1989 2040,2001 1976,1968 1934,2008 1843,1998"/>
                <Baseline points="1854,2031 1889,2030 1924,2030 1960,2028 1995,2025 2031,2024 2066,2021 2101,2019 2137,2016 2172,2015 2208,2011 2243,2008 2278,2005 2314,2003 2349,2000 2385,1997 2420,1994 2455,1992 2491,1989 2526,1987 2562,1985"/>
                <TextEquiv>
                    <Unicode>rhat hat aber das er gsprochen</Unicode>
                </TextEquiv>
            </TextLine>
            <TextLine id="r3l33" custom="readingOrder {index:32;}">
                <Coords points="1846,2104 2550,2051 2547,2016 2435,2027 2392,1996 2345,2031 2299,2018 2179,2047 2114,2030 2032,2049 1999,2023 1842,2046"/>
                <Baseline points="1853,2081 1887,2081 1921,2081 1956,2079 1990,2078 2024,2076 2059,2074 2093,2072 2127,2069 2162,2066 2196,2064 2230,2061 2265,2058 2299,2055 2333,2052 2368,2051 2402,2049 2436,2048 2471,2046 2505,2045 2540,2045"/>
                <TextEquiv>
                    <Unicode>sab ✳ das dae zecht also ver¬</Unicode>
                </TextEquiv>
            </TextLine>
            <TextLine id="r3l34" custom="readingOrder {index:33;}">
                <Coords points="1860,2136 1956,2150 1992,2127 2022,2153 2048,2125 2290,2120 2332,2100 2449,2101 2480,2122 2548,2085 2545,2051 2488,2067 2417,2047 2391,2073 2338,2052 2282,2083 2262,2067 2209,2088 2177,2063 2091,2094 1858,2106"/>
                <Baseline points="1869,2126 1902,2126 1935,2125 1969,2124 2002,2123 2036,2121 2069,2118 2103,2116 2136,2114 2170,2110 2203,2107 2236,2104 2270,2101 2303,2099 2337,2096 2370,2094 2404,2093 2437,2090 2471,2090 2504,2088 2538,2088"/>
                <TextEquiv>
                    <Unicode>rhare hab oder verthaten hab</Unicode>
                </TextEquiv>
            </TextLine>
            <TextLine id="r3l35" custom="readingOrder {index:34;}">
                <Coords points="1874,2196 1950,2179 2088,2196 2222,2164 2253,2181 2350,2144 2580,2145 2577,2109 2478,2118 2452,2095 2373,2122 2330,2096 2152,2135 2076,2121 2025,2153 1993,2127 1907,2152 1870,2134"/>
                <Baseline points="1883,2177 1917,2176 1951,2175 1986,2174 2020,2170 2054,2169 2089,2166 2123,2162 2157,2160 2192,2157 2226,2153 2260,2150 2295,2147 2329,2145 2363,2142 2398,2140 2432,2139 2466,2138 2501,2138 2535,2138 2570,2138"/>
                <TextEquiv>
                    <Unicode>y im nit bewüst, dan wie vor</Unicode>
                </TextEquiv>
            </TextLine>
            <TextLine id="r3l36" custom="readingOrder {index:35;}">
                <Coords points="2031,2213 2185,2230 2304,2188 2470,2196 2532,2169 2590,2183 2586,2138 2473,2156 2414,2138 2030,2198"/>
                <Baseline points="2040,2211 2068,2210 2096,2209 2125,2207 2153,2205 2181,2203 2210,2199 2238,2197 2266,2194 2295,2190 2323,2187 2352,2185 2380,2182 2408,2180 2437,2177 2465,2175 2493,2172 2522,2172 2550,2171 2579,2171"/>
                <TextEquiv>
                    <Unicode>sih mit bekùnntten</Unicode>
                </TextEquiv>
            </TextLine>
            <TextLine id="r3l37" custom="readingOrder {index:36;}">
                <Coords points="1869,2236 1892,2243 1908,2225 1925,2217 1950,2237 1972,2224 1991,2228 2034,2220 2032,2175 2004,2169 1995,2179 1965,2180 1939,2196 1894,2186 1883,2198 1868,2197"/>
                <Baseline points="1877,2216 1906,2216 1935,2215 1965,2214 1994,2213 2024,2210"/>
                <TextEquiv>
                    <Unicode>gmelt</Unicode>
                </TextEquiv>
            </TextLine>
            <TextLine id="r3l38" custom="readingOrder {index:37;}">
                <Coords points="1857,2270 2008,2253 2054,2286 2094,2251 2197,2242 2239,2272 2317,2227 2589,2217 2586,2182 2546,2173 2477,2199 2408,2183 2209,2220 1854,2229"/>
                <Baseline points="1865,2256 1900,2256 1936,2258 1972,2257 2008,2256 2043,2254 2079,2252 2115,2249 2151,2245 2186,2243 2222,2240 2258,2236 2294,2232 2329,2228 2365,2225 2401,2222 2437,2220 2472,2219 2508,2217 2544,2217 2580,2217"/>
                <TextEquiv>
                    <Unicode>vnd erschrorftn Pertzen vor vie¬</Unicode>
                </TextEquiv>
            </TextLine>
            <TextLine id="r3l39" custom="readingOrder {index:38;}">
                <Coords points="1873,2300 2072,2326 2095,2305 2143,2319 2325,2285 2385,2304 2421,2274 2570,2263 2569,2238 2485,2215 2344,2252 2305,2230 2279,2260 2094,2251 2054,2282 2007,2253 1938,2279 1871,2267"/>
                <Baseline points="1883,2294 1916,2297 1950,2298 1984,2299 2018,2300 2052,2298 2086,2298 2120,2296 2154,2293 2188,2291 2222,2288 2255,2285 2289,2282 2323,2279 2357,2276 2391,2272 2425,2271 2459,2268 2493,2265 2527,2264 2561,2262"/>
                <TextEquiv>
                    <Unicode>ren p gstanden, dachsose</Unicode>
                </TextEquiv>
            </TextLine>
            <TextLine id="r3l40" custom="readingOrder {index:39;}">
                <Coords points="1881,2347 1903,2338 1916,2344 1939,2343 1951,2331 1955,2335 1970,2327 1989,2336 2002,2334 2011,2326 2017,2330 2032,2327 2031,2305 2014,2301 2003,2306 1958,2301 1947,2307 1937,2300 1924,2308 1917,2302 1879,2303"/>
                <Baseline points="1890,2325 1916,2327 1942,2325 1969,2325 1995,2324 2022,2322"/>
                <TextEquiv>
                    <Unicode>der praffer</Unicode>
                </TextEquiv>
            </TextLine>
            <TextLine id="r3l41" custom="readingOrder {index:40;}">
                <Coords points="1889,2386 2196,2347 2223,2369 2305,2338 2357,2358 2443,2318 2587,2329 2582,2273 2551,2260 2418,2275 2385,2305 2095,2304 2063,2332 1979,2341 1919,2319 1885,2337"/>
                <Baseline points="1895,2351 1929,2354 1963,2355 1997,2355 2031,2354 2065,2352 2099,2350 2133,2347 2167,2345 2201,2340 2235,2336 2269,2333 2303,2329 2337,2324 2371,2320 2405,2317 2439,2314 2473,2312 2507,2310 2541,2309 2576,2309"/>
                <TextEquiv>
                    <Unicode>gaupfeeklich nit zufell druf</Unicode>
                </TextEquiv>
            </TextLine>
            <TextLine id="r3l42" custom="readingOrder {index:41;}">
                <Coords points="1875,2409 1997,2430 2057,2405 2137,2431 2267,2383 2343,2400 2392,2371 2530,2383 2526,2333 2473,2322 2362,2355 2307,2338 2220,2368 2196,2347 2128,2367 2011,2359 1979,2388 1873,2381"/>
                <Baseline points="1884,2405 1915,2405 1947,2405 1979,2405 2011,2403 2043,2402 2074,2400 2106,2398 2138,2394 2170,2392 2202,2389 2233,2386 2265,2382 2297,2379 2329,2376 2361,2373 2392,2371 2424,2369 2456,2367 2488,2366 2520,2364"/>
                <TextEquiv>
                    <Unicode>und well uwer min  h</Unicode>
                </TextEquiv>
            </TextLine>
            <TextLine id="r3l43" custom="readingOrder {index:42;}">
                <Coords points="1885,2479 1919,2453 1965,2483 2028,2452 2305,2457 2428,2412 2562,2416 2557,2366 2532,2364 2452,2389 2390,2374 2344,2401 2211,2390 2125,2423 1879,2417"/>
                <Baseline points="1892,2456 1924,2454 1957,2454 1990,2453 2023,2451 2056,2449 2089,2446 2122,2444 2155,2441 2188,2438 2221,2435 2253,2431 2286,2427 2319,2424 2352,2420 2385,2415 2418,2413 2451,2409 2484,2406 2517,2403 2550,2400"/>
                <TextEquiv>
                    <Unicode>traff mit dedult und willig</Unicode>
                </TextEquiv>
            </TextLine>
            <TextLine id="r3l44" custom="readingOrder {index:43;}">
                <Coords points="2445,2452 2480,2446 2503,2465 2536,2440 2580,2466 2587,2457 2607,2453 2601,2395 2579,2403 2569,2397 2555,2412 2551,2408 2539,2417 2527,2413 2513,2424 2469,2413 2442,2428"/>
                <Baseline points="2454,2448 2482,2444 2510,2441 2538,2437 2566,2435 2595,2433"/>
                <TextEquiv>
                    <Unicode>nelh</Unicode>
                </TextEquiv>
            </TextLine>
            <TextLine id="r3l45" custom="readingOrder {index:44;}">
                <Coords points="2412,2463 2423,2463 2429,2457 2433,2457 2436,2453 2446,2453 2446,2431 2436,2431 2435,2433 2431,2433 2429,2435 2421,2429 2412,2429"/>
                <Baseline points="2421,2450 2436,2450"/>
                <TextEquiv>
                    <Unicode></Unicode>
                </TextEquiv>
            </TextLine>
            <TextLine id="r3l46" custom="readingOrder {index:45;}">
                <Coords points="1883,2538 1922,2537 1951,2507 2002,2524 2122,2497 2153,2508 2181,2484 2231,2499 2251,2485 2279,2498 2296,2481 2377,2483 2372,2425 2325,2447 2242,2433 2213,2463 2101,2448 2056,2473 1962,2482 1918,2454 1877,2475"/>
                <Baseline points="1889,2502 1914,2502 1939,2502 1964,2502 1989,2501 2014,2501 2039,2499 2064,2496 2089,2494 2114,2492 2140,2489 2165,2487 2190,2483 2215,2481 2240,2477 2265,2474 2290,2471 2315,2468 2340,2464 2366,2462"/>
                <TextEquiv>
                    <Unicode>wucken ✳ und ju</Unicode>
                </TextEquiv>
            </TextLine>
            <TextLine id="r3l47" custom="readingOrder {index:46;}">
                <Coords points="1885,2571 2100,2566 2240,2511 2326,2544 2415,2498 2507,2522 2560,2498 2553,2440 2237,2499 2182,2483 2057,2530 2014,2516 1991,2533 1947,2508 1881,2542"/>
                <Baseline points="1893,2558 1925,2556 1958,2554 1991,2552 2024,2549 2057,2546 2089,2542 2122,2538 2155,2533 2188,2528 2221,2523 2253,2518 2286,2513 2319,2508 2352,2502 2384,2498 2417,2493 2450,2490 2483,2486 2516,2484 2549,2481"/>
                <TextEquiv>
                    <Unicode>uner frisen nitt wol bedaht</Unicode>
                </TextEquiv>
            </TextLine>
            <TextLine id="r3l48" custom="readingOrder {index:47;}">
                <Coords points="2027,2612 2071,2601 2083,2610 2111,2590 2143,2588 2160,2575 2173,2583 2194,2567 2244,2593 2261,2576 2282,2576 2300,2558 2344,2545 2343,2532 2242,2512 2222,2534 2192,2539 2182,2531 2168,2546 2154,2540 2131,2554 2020,2557"/>
                <Baseline points="2033,2585 2058,2581 2083,2578 2108,2576 2134,2571 2159,2568 2184,2566 2209,2563 2235,2559 2260,2556 2285,2554 2310,2552 2336,2549"/>
                <TextEquiv>
                    <Unicode>bicer umb gend</Unicode>
                </TextEquiv>
            </TextLine>
            <TextLine id="r3l49" custom="readingOrder {index:48;}">
                <Coords points="1878,2639 1902,2632 1913,2640 1916,2637 1922,2640 1936,2630 1948,2635 1962,2615 1977,2616 1969,2572 1958,2574 1945,2570 1933,2576 1916,2566 1890,2569 1885,2576 1867,2581"/>
                <Baseline points="1883,2618 1910,2599 1937,2597 1964,2600"/>
                <TextEquiv>
                    <Unicode>gsin</Unicode>
                </TextEquiv>
            </TextLine>
            <TextEquiv>
                <Unicode>w
hierüber sin anttwürt sollihe
gntabs und zwyr siit mir m
gtardt, warelich Es syg im nit mit

zugedenck nochzu wüssen, das er
über Hanns heikten und steffenn
Beumparter dalb sy vor drem haus
by ein anderen sthundene söllich
wordt es gstossenn und pred hab
namlich nit züchten zu redenn
waß thund die verrachters biß¬
wicht, wan hannd sy die minen gurs
 den fleys banck verkoufft ✳ so er
aber etwas möcht gred haus siye
ss im lend und ouch also in wider
wortigekryt ✳ von wagen dach
in sun iue abwäsnnt ✳ und
vnwüssent ver esagt wordenn
das er nit wüsse was oder wie en
gsprochen hab ✳
Dnnne vor minen g seerenn
In pseßnen khat, sye er vor
dren p mitt kuenerhafft
und erschrockmen grmutt gstan¬
den ✳ und inbschwachet, das
Hannß Recht abermals widerim
tund deß halb er Cagwyss
vsprochen hab auch wie wird
Ic ubraten ggrad wir judas
vnser her inus Christes ver¬
rhat hat aber das er gsprochen
sab ✳ das dae zecht also ver¬
rhare hab oder verthaten hab
y im nit bewüst, dan wie vor
sih mit bekùnntten
gmelt
vnd erschrorftn Pertzen vor vie¬
ren p gstanden, dachsose
der praffer
gaupfeeklich nit zufell druf
und well uwer min  h
traff mit dedult und willig
nelh

wucken ✳ und ju
uner frisen nitt wol bedaht
bicer umb gend
gsin</Unicode>
            </TextEquiv>
        </TextRegion>
        <TextRegion type="page-number" id="region_1684156764987_1081" custom="readingOrder {index:2;} structure {type:page-number;}">
            <Coords points="2372,251 2462,251 2462,309 2372,309"/>
        </TextRegion>
    </Page>
</PcGts>
