<?xml version="1.0" encoding="UTF-8" standalone="yes"?>
<PcGts xmlns="http://schema.primaresearch.org/PAGE/gts/pagecontent/2013-07-15" xmlns:xsi="http://www.w3.org/2001/XMLSchema-instance" xsi:schemaLocation="http://schema.primaresearch.org/PAGE/gts/pagecontent/2013-07-15 http://schema.primaresearch.org/PAGE/gts/pagecontent/2013-07-15/pagecontent.xsd">
    <Metadata>
        <Creator>prov=University of Rostock/Institute of Mathematics/CITlab|PLANET AI GmbH/Gundram Leifert/gundram.leifert@planet-ai.de:name=German_Kurrent_XVI-XVIII_M1(htr_id=19584)::::v=2.6.7
prov=University of Rostock/Institute of Mathematics/CITlab|PLANET AI GmbH/Tobias Gruening/tobias.gruening@planet-ai.de:name=de.uros.citlab.module.baseline2polygon.B2PSeamMultiOriented:v=2.6.7
prov=University of Rostock/Institute of Mathematics/CITlab|PLANET AI GmbH/Tobias Gruening/tobias.gruening@planet-ai.de:name=/net_tf/LA73_249_0mod360.pb:de.uros.citlab.segmentation.CITlab_LA_ML:v=2.6.7
Transkribus</Creator>
        <Created>2021-08-09T22:34:20.568+02:00</Created>
        <LastChange>2023-05-02T12:01:51.229+02:00</LastChange>
        <TranskribusMetadata docId="1349230" pageId="52966550" pageNr="46" tsid="120615948" status="IN_PROGRESS" userId="42748" imgUrl="https://files.transkribus.eu/Get?id=UCCLIEGVPCLXKINIQIZIRYEI&amp;fileType=view" xmlUrl="https://files.transkribus.eu/Get?id=JRCWJBKYPHOIEEQOMKQYDGSR" imageId="22030129"/>
    </Metadata>
    <Page imageFilename="Foto 23.07.21, 9 44 00 AM.jpg" imageWidth="4032" imageHeight="3024">
        <ReadingOrder>
            <OrderedGroup id="ro_1687513514489" caption="Regions reading order">
                <RegionRefIndexed index="0" regionRef="TextRegion_1677576091272_1060"/>
                <RegionRefIndexed index="1" regionRef="TextRegion_1677576100579_1068"/>
                <RegionRefIndexed index="2" regionRef="TextRegion_1683021699764_1224"/>
                <RegionRefIndexed index="3" regionRef="region_1677576134241_1083"/>
                <RegionRefIndexed index="4" regionRef="TextRegion_1683021703058_1228"/>
            </OrderedGroup>
        </ReadingOrder>
        <TextRegion orientation="0.0" type="paragraph" id="TextRegion_1677576091272_1060" custom="readingOrder {index:0;}">
            <Coords points="975,262 1762,273 1770,763 983,763"/>
            <TextLine id="r1l1" custom="readingOrder {index:0;}">
                <Coords points="1130,404 1149,395 1193,430 1341,392 1392,430 1430,401 1472,426 1520,391 1598,395 1736,440 1766,430 1768,391 1629,310 1327,310 1285,331 1236,298 1135,297"/>
                <Baseline points="1140,383 1170,386 1201,387 1232,389 1263,389 1294,390 1325,390 1355,390 1386,390 1417,391 1448,392 1479,392 1510,393 1541,395 1571,397 1602,399 1633,403 1664,406 1695,411 1726,417 1757,423"/>
                <TextEquiv>
                    <Unicode>Uff sampstag den 3. tag</Unicode>
                </TextEquiv>
            </TextLine>
            <TextLine id="r1l2" custom="readingOrder {index:1;}">
                <Coords points="1147,468 1227,478 1246,458 1330,458 1363,476 1402,451 1546,472 1572,453 1631,500 1692,472 1731,483 1732,426 1522,391 1477,424 1431,399 1391,430 1304,395 1251,431 1189,430 1148,400"/>
                <Baseline points="1157,459 1185,458 1213,458 1241,456 1270,456 1298,456 1326,456 1354,456 1383,455 1411,456 1439,456 1467,456 1496,458 1524,458 1552,459 1580,461 1609,462 1637,464 1665,465 1693,467 1722,470"/>
                <TextEquiv>
                    <Unicode>sembrist in 1567 jar</Unicode>
                </TextEquiv>
            </TextLine>
            <TextLine id="r1l3" custom="readingOrder {index:2;} person {offset:16; length:6; continued:true;}">
                <Coords points="1138,565 1198,567 1238,529 1296,524 1418,554 1454,523 1483,538 1534,515 1580,540 1703,550 1730,545 1732,482 1691,472 1628,500 1582,464 1486,497 1405,450 1365,477 1329,458 1227,478 1140,452"/>
                <Baseline points="1149,524 1177,522 1206,521 1234,519 1263,518 1292,518 1320,518 1349,516 1377,516 1406,517 1435,518 1463,518 1492,519 1520,520 1549,522 1578,524 1606,525 1635,527 1663,530 1692,533 1721,537"/>
                <TextEquiv>
                    <Unicode>psentibe, herrn Gallus</Unicode>
                </TextEquiv>
            </TextLine>
            <TextLine id="r1l4" custom="readingOrder {index:3;} person {offset:0; length:4; continued:true;}">
                <Coords points="1136,610 1257,583 1387,623 1417,612 1438,633 1504,591 1551,610 1588,589 1707,605 1728,598 1729,543 1604,550 1534,517 1483,538 1454,524 1405,559 1310,525 1238,529 1197,569 1172,552 1136,567"/>
                <Baseline points="1146,585 1174,587 1203,587 1231,587 1260,587 1289,587 1317,587 1346,587 1374,587 1403,585 1432,585 1460,585 1489,585 1517,585 1546,585 1575,587 1603,587 1632,588 1660,590 1689,592 1718,594"/>
                <TextEquiv>
                    <Unicode>Gald us großweybell und</Unicode>
                </TextEquiv>
            </TextLine>
            <TextLine id="r1l5" custom="readingOrder {index:4;}">
                <Coords points="1134,674 1202,666 1270,699 1317,662 1457,656 1638,664 1747,699 1747,608 1580,619 1504,592 1441,625 1231,596 1134,625"/>
                <Baseline points="1143,656 1172,656 1202,657 1232,657 1261,657 1291,657 1321,656 1350,656 1380,656 1410,656 1440,655 1469,654 1499,654 1529,654 1558,654 1588,654 1618,656 1647,656 1677,657 1707,659 1737,660"/>
                <TextEquiv>
                    <Unicode>Etlicher der weyblen miner</Unicode>
                </TextEquiv>
            </TextLine>
            <TextLine id="r1l6" custom="readingOrder {index:5;}">
                <Coords points="1217,759 1232,753 1258,768 1380,733 1435,765 1524,724 1556,749 1583,741 1581,667 1504,676 1451,655 1357,677 1328,660 1280,696 1252,687 1216,699"/>
                <Baseline points="1226,726 1252,726 1279,726 1305,726 1332,725 1359,725 1385,725 1412,723 1438,723 1465,722 1492,722 1518,722 1545,720 1572,720"/>
                <TextEquiv>
                    <Unicode>S herren</Unicode>
                </TextEquiv>
            </TextLine>
            <TextEquiv>
                <Unicode>Uff sampstag den 3. tag&#13;
sembrist in 1567 jar&#13;
psentibe, herrn Gallus&#13;
Gald us großweybell und&#13;
Etlicher der weyblen miner&#13;
S herren</Unicode>
            </TextEquiv>
        </TextRegion>
        <TextRegion orientation="0.0" type="heading" id="TextRegion_1677576100579_1068" custom="readingOrder {index:1;} structure {type:heading;}">
            <Coords points="983,763 1770,763 1776,1148 989,1148"/>
            <TextLine id="r1l7" custom="readingOrder {index:0;} person {offset:3; length:15;}">
                <Coords points="1124,874 1174,876 1213,839 1338,878 1387,843 1463,882 1542,875 1564,853 1743,852 1743,780 1654,791 1502,767 1418,791 1212,767 1124,803"/>
                <Baseline points="1134,840 1165,840 1197,842 1228,842 1260,842 1291,842 1323,842 1354,842 1386,842 1417,842 1449,840 1480,840 1512,840 1543,840 1575,840 1606,842 1638,842 1669,843 1701,844 1733,846"/>
                <TextEquiv>
                    <Unicode>It Holyas schleyff an de</Unicode>
                </TextEquiv>
            </TextLine>
            <TextLine id="r1l8" custom="readingOrder {index:1;} place {offset:0; length:10;}">
                <Coords points="1144,896 1236,934 1294,908 1464,948 1508,924 1561,943 1658,906 1709,946 1740,940 1740,852 1701,845 1650,865 1566,848 1469,882 1391,849 1354,879 1247,842 1144,853"/>
                <Baseline points="1154,905 1182,905 1211,905 1240,905 1269,905 1298,905 1326,905 1355,905 1384,905 1413,905 1442,905 1470,905 1499,905 1528,905 1557,905 1586,903 1614,903 1643,902 1672,902 1701,900 1730,900"/>
                <TextEquiv>
                    <Unicode>Nüwenbrsig uf nach</Unicode>
                </TextEquiv>
            </TextLine>
            <TextLine id="r1l9" custom="readingOrder {index:2;}">
                <Coords points="1129,993 1236,982 1275,1010 1326,985 1388,1003 1505,983 1552,1006 1624,997 1645,1019 1764,985 1765,926 1708,943 1652,904 1562,942 1512,924 1463,947 1280,911 1213,945 1130,948"/>
                <Baseline points="1139,974 1169,974 1200,974 1231,972 1262,972 1293,972 1323,972 1354,972 1385,972 1416,972 1447,974 1477,974 1508,974 1539,974 1570,975 1601,975 1631,975 1662,977 1693,977 1724,978 1755,978"/>
                <TextEquiv>
                    <Unicode>volgend artickel befragt</Unicode>
                </TextEquiv>
            </TextLine>
            <TextLine id="r1l10" custom="readingOrder {index:3;}">
                <Coords points="1147,1056 1203,1070 1223,1054 1246,1076 1279,1060 1305,1086 1344,1050 1375,1078 1455,1052 1493,1074 1593,1049 1751,1068 1751,1002 1643,1019 1618,998 1577,1016 1534,992 1416,988 1287,1015 1252,984 1203,1019 1147,1019"/>
                <Baseline points="1157,1046 1186,1044 1215,1043 1244,1042 1273,1041 1302,1041 1331,1041 1361,1041 1390,1041 1419,1041 1448,1041 1477,1041 1506,1041 1535,1043 1565,1043 1594,1043 1623,1043 1652,1043 1681,1043 1710,1043 1740,1041"/>
                <TextEquiv>
                    <Unicode>und gerpammert worden.</Unicode>
                </TextEquiv>
            </TextLine>
            <TextLine id="r1l11" custom="readingOrder {index:4;}">
                <Coords points="1472,1120 1573,1109 1633,1141 1668,1138 1694,1123 1705,1133 1719,1123 1756,1136 1757,1093 1708,1090 1662,1058 1631,1063 1598,1047 1570,1068 1541,1054 1504,1074 1473,1068"/>
                <Baseline points="1482,1104 1508,1106 1534,1107 1561,1107 1587,1108 1614,1109 1640,1109 1666,1109 1693,1110 1719,1110 1746,1110"/>
                <TextEquiv>
                    <Unicode>wie volger</Unicode>
                </TextEquiv>
            </TextLine>
            <TextEquiv>
                <Unicode>It Holyas schleyff an de&#13;
Nüwenbrsig uf nach&#13;
volgend artickel befragt&#13;
und gerpammert worden.&#13;
wie volger</Unicode>
            </TextEquiv>
        </TextRegion>
        <TextRegion orientation="0.0" type="paragraph" id="TextRegion_1683021699764_1224" custom="readingOrder {index:2;}">
            <Coords points="989,1148 1776,1148 1819,2504 1032,2493 1005,2034"/>
            <TextLine id="r1l12" custom="readingOrder {index:0;}">
                <Coords points="1110,1258 1235,1243 1316,1282 1357,1249 1394,1269 1424,1245 1482,1265 1589,1246 1651,1271 1782,1246 1782,1205 1673,1176 1589,1199 1562,1175 1517,1189 1449,1166 1328,1187 1283,1163 1219,1190 1170,1163 1110,1167"/>
                <Baseline points="1119,1239 1151,1239 1184,1241 1217,1241 1249,1241 1282,1242 1315,1242 1347,1242 1380,1242 1413,1242 1446,1242 1478,1242 1511,1242 1544,1242 1576,1242 1609,1242 1642,1242 1674,1242 1707,1241 1740,1241 1773,1241"/>
                <TextEquiv>
                    <Unicode>Des ersten im furghalten</Unicode>
                </TextEquiv>
            </TextLine>
            <TextLine id="r1l13" custom="readingOrder {index:1;}">
                <Coords points="1142,1305 1274,1322 1395,1299 1446,1318 1520,1304 1551,1326 1570,1310 1605,1324 1631,1300 1697,1329 1744,1316 1744,1245 1660,1261 1619,1244 1576,1269 1428,1246 1395,1269 1362,1248 1263,1279 1208,1246 1142,1256"/>
                <Baseline points="1151,1298 1180,1298 1209,1299 1238,1299 1267,1299 1296,1299 1325,1300 1354,1301 1383,1301 1412,1301 1442,1301 1471,1301 1500,1301 1529,1301 1558,1301 1587,1301 1616,1299 1645,1298 1674,1298 1703,1296 1733,1295"/>
                <TextEquiv>
                    <Unicode>alsdann er den Mapfr zu</Unicode>
                </TextEquiv>
            </TextLine>
            <TextLine id="r1l14" custom="readingOrder {index:2;} place {offset:0; length:11;}">
                <Coords points="1143,1366 1192,1364 1235,1401 1357,1364 1394,1383 1429,1368 1453,1391 1498,1377 1527,1401 1560,1368 1646,1393 1696,1358 1774,1362 1774,1319 1706,1333 1632,1302 1550,1327 1531,1307 1435,1323 1307,1307 1279,1327 1252,1309 1205,1333 1143,1317"/>
                <Baseline points="1152,1358 1182,1359 1213,1359 1243,1359 1274,1359 1305,1359 1335,1359 1366,1359 1396,1359 1427,1359 1458,1359 1488,1359 1519,1359 1549,1359 1580,1359 1611,1359 1641,1359 1672,1359 1702,1359 1733,1359 1764,1359"/>
                <TextEquiv>
                    <Unicode>Wofflishurg gstochen und ver</Unicode>
                </TextEquiv>
            </TextLine>
            <TextLine id="r1l15" custom="readingOrder {index:3;}">
                <Coords points="1139,1458 1215,1464 1252,1427 1353,1424 1460,1432 1500,1461 1577,1428 1665,1464 1706,1429 1797,1420 1797,1373 1697,1359 1614,1393 1561,1368 1524,1402 1483,1373 1452,1391 1364,1363 1306,1389 1277,1376 1246,1406 1185,1371 1138,1382"/>
                <Baseline points="1148,1422 1181,1422 1215,1422 1248,1424 1282,1424 1316,1424 1349,1424 1383,1424 1417,1424 1450,1424 1484,1424 1517,1422 1551,1422 1585,1421 1618,1421 1652,1419 1686,1418 1719,1416 1753,1414 1787,1413"/>
                <TextEquiv>
                    <Unicode>letzt, das umb in die weybell</Unicode>
                </TextEquiv>
            </TextLine>
            <TextLine id="r1l16" custom="readingOrder {index:4;}">
                <Coords points="1150,1504 1222,1527 1284,1494 1395,1510 1422,1488 1450,1505 1506,1488 1549,1489 1586,1522 1644,1493 1674,1516 1724,1482 1800,1491 1799,1421 1707,1428 1671,1462 1559,1437 1499,1461 1417,1427 1379,1455 1255,1428 1215,1464 1149,1452"/>
                <Baseline points="1158,1485 1189,1487 1221,1488 1252,1490 1284,1490 1316,1490 1347,1490 1379,1490 1410,1488 1442,1488 1474,1488 1505,1487 1537,1485 1568,1484 1600,1484 1632,1482 1663,1481 1695,1481 1726,1479 1758,1479 1790,1478"/>
                <TextEquiv>
                    <Unicode>us gheis und bevelch, In pfenck</Unicode>
                </TextEquiv>
            </TextLine>
            <TextLine id="r1l17" custom="readingOrder {index:5;}">
                <Coords points="1142,1559 1231,1555 1282,1587 1406,1543 1500,1568 1572,1553 1637,1575 1665,1553 1701,1577 1787,1577 1785,1487 1716,1483 1676,1515 1635,1501 1612,1521 1549,1489 1462,1507 1422,1488 1396,1510 1290,1495 1236,1526 1140,1506"/>
                <Baseline points="1151,1550 1182,1551 1213,1551 1244,1551 1276,1551 1307,1550 1338,1550 1369,1550 1401,1549 1432,1548 1463,1548 1494,1547 1526,1546 1557,1545 1588,1544 1619,1542 1651,1542 1682,1541 1713,1539 1744,1538 1776,1536"/>
                <TextEquiv>
                    <Unicode>ans pfürr unnd im hinfür₎</Unicode>
                </TextEquiv>
            </TextLine>
            <TextLine id="r1l18" custom="readingOrder {index:6;} person {offset:3; length:6;}">
                <Coords points="1133,1638 1258,1651 1339,1622 1472,1644 1541,1615 1618,1654 1668,1612 1779,1611 1778,1576 1702,1578 1665,1553 1597,1586 1560,1568 1506,1590 1413,1542 1334,1591 1297,1576 1280,1592 1230,1558 1131,1570"/>
                <Baseline points="1142,1617 1173,1617 1204,1617 1236,1617 1267,1617 1298,1617 1330,1617 1361,1617 1392,1617 1424,1617 1455,1616 1486,1616 1518,1614 1549,1613 1580,1612 1612,1610 1643,1610 1674,1607 1706,1605 1737,1602 1769,1599"/>
                <TextEquiv>
                    <Unicode>fr Helias sol gredt habenn</Unicode>
                </TextEquiv>
            </TextLine>
            <TextLine id="r1l19" custom="readingOrder {index:7;}">
                <Coords points="1156,1680 1304,1687 1336,1709 1423,1684 1450,1708 1489,1692 1540,1712 1623,1673 1662,1686 1744,1662 1743,1627 1668,1611 1628,1642 1538,1615 1474,1642 1443,1627 1346,1651 1154,1636"/>
                <Baseline points="1166,1676 1194,1676 1222,1677 1251,1677 1279,1677 1307,1676 1336,1676 1364,1676 1392,1676 1421,1676 1449,1674 1477,1674 1506,1673 1534,1673 1562,1671 1591,1670 1619,1668 1647,1668 1676,1665 1704,1664 1733,1661"/>
                <TextEquiv>
                    <Unicode>wette gott, das ich in todt</Unicode>
                </TextEquiv>
            </TextLine>
            <TextLine id="r1l20" custom="readingOrder {index:8;}">
                <Coords points="1144,1762 1244,1763 1272,1739 1339,1765 1432,1745 1483,1769 1576,1740 1695,1739 1737,1771 1783,1758 1781,1684 1752,1671 1684,1704 1627,1672 1540,1712 1394,1682 1336,1710 1292,1686 1142,1684"/>
                <Baseline points="1154,1739 1184,1739 1215,1739 1246,1739 1277,1739 1308,1739 1339,1739 1370,1739 1401,1739 1432,1739 1463,1739 1493,1737 1524,1737 1555,1736 1586,1735 1617,1733 1648,1731 1679,1730 1710,1728 1741,1724 1772,1721"/>
                <TextEquiv>
                    <Unicode>hätte, as fragte, er darnach</Unicode>
                </TextEquiv>
            </TextLine>
            <TextLine id="r1l21" custom="readingOrder {index:9;} person {offset:10; length:15;}">
                <Coords points="1126,1828 1245,1817 1274,1836 1321,1801 1408,1839 1438,1812 1654,1799 1747,1833 1778,1820 1778,1755 1560,1778 1443,1773 1408,1750 1363,1766 1275,1747 1241,1774 1125,1750"/>
                <Baseline points="1136,1794 1167,1796 1199,1796 1230,1796 1262,1796 1294,1797 1325,1797 1357,1797 1389,1797 1420,1799 1452,1799 1484,1799 1515,1799 1547,1797 1579,1797 1610,1796 1642,1796 1674,1794 1705,1792 1737,1790 1769,1787"/>
                <TextEquiv>
                    <Unicode>daruff er frantwirt ernih</Unicode>
                </TextEquiv>
            </TextLine>
            <TextLine id="r1l22" custom="readingOrder {index:10;}">
                <Coords points="1160,1862 1252,1848 1351,1902 1400,1861 1437,1883 1497,1850 1531,1877 1636,1877 1663,1902 1708,1863 1758,1872 1758,1789 1706,1816 1620,1807 1591,1836 1474,1813 1404,1838 1375,1813 1312,1832 1160,1825"/>
                <Baseline points="1170,1854 1198,1854 1227,1854 1256,1856 1285,1856 1314,1856 1343,1857 1372,1857 1401,1857 1430,1859 1459,1859 1487,1859 1516,1859 1545,1859 1574,1859 1603,1857 1632,1857 1661,1855 1690,1854 1719,1851 1748,1848"/>
                <TextEquiv>
                    <Unicode>nit wüssen ob ers gsagtt</Unicode>
                </TextEquiv>
            </TextLine>
            <TextLine id="r1l23" custom="readingOrder {index:11;}">
                <Coords points="1163,1955 1208,1935 1278,1952 1346,1915 1601,1933 1632,1963 1669,1928 1798,1929 1798,1890 1760,1872 1660,1903 1625,1873 1565,1894 1499,1850 1362,1894 1288,1856 1164,1867"/>
                <Baseline points="1172,1914 1202,1914 1233,1914 1264,1914 1295,1916 1326,1916 1356,1917 1387,1917 1418,1919 1449,1919 1480,1920 1510,1920 1541,1920 1572,1922 1603,1922 1634,1921 1664,1920 1695,1920 1726,1919 1757,1916 1788,1914"/>
                <TextEquiv>
                    <Unicode>hab oder mit könd deßwegen</Unicode>
                </TextEquiv>
            </TextLine>
            <TextLine id="r1l24" custom="readingOrder {index:12;}">
                <Coords points="1162,1994 1345,2024 1404,1981 1491,2010 1622,1981 1649,2009 1709,1993 1752,2024 1793,2016 1793,1933 1565,1962 1353,1915 1267,1955 1211,1934 1162,1955"/>
                <Baseline points="1172,1974 1202,1974 1233,1976 1263,1976 1294,1976 1325,1977 1355,1978 1386,1979 1416,1979 1447,1980 1478,1980 1508,1980 1539,1980 1569,1980 1600,1980 1631,1980 1661,1979 1692,1977 1722,1976 1753,1973 1784,1971"/>
                <TextEquiv>
                    <Unicode>dembscheid hierumb geben.</Unicode>
                </TextEquiv>
            </TextLine>
            <TextLine id="r1l25" custom="readingOrder {index:13;}">
                <Coords points="1164,2162 1244,2137 1287,2163 1376,2146 1460,2180 1524,2148 1556,2171 1654,2166 1692,2188 1797,2154 1798,2121 1741,2104 1659,2137 1616,2096 1576,2113 1514,2079 1404,2083 1348,2047 1170,2044"/>
                <Baseline points="1176,2130 1206,2132 1237,2134 1267,2136 1298,2138 1328,2140 1359,2142 1389,2144 1420,2148 1450,2150 1481,2152 1512,2154 1542,2156 1573,2157 1603,2159 1634,2159 1664,2159 1695,2159 1725,2159 1756,2157 1787,2154"/>
                <TextEquiv>
                    <Unicode>zum andern, als er winver¬</Unicode>
                </TextEquiv>
            </TextLine>
            <TextLine id="r1l26" custom="readingOrder {index:14;}">
                <Coords points="1155,2206 1205,2221 1325,2196 1374,2232 1412,2209 1515,2248 1561,2227 1603,2257 1755,2216 1758,2172 1682,2189 1586,2162 1499,2187 1375,2146 1334,2173 1269,2146 1158,2156"/>
                <Baseline points="1166,2187 1195,2189 1224,2190 1253,2192 1282,2193 1311,2196 1340,2199 1369,2201 1398,2202 1427,2205 1456,2208 1485,2210 1514,2212 1543,2214 1572,2214 1601,2216 1630,2216 1659,2216 1688,2216 1717,2214 1746,2211"/>
                <TextEquiv>
                    <Unicode>meltem Mayer gerechtigett</Unicode>
                </TextEquiv>
            </TextLine>
            <TextLine id="r1l27" custom="readingOrder {index:15;} person {offset:4; length:13;}">
                <Coords points="1154,2246 1271,2288 1352,2261 1486,2305 1551,2265 1676,2303 1710,2272 1793,2290 1796,2236 1618,2250 1565,2223 1517,2248 1415,2211 1373,2233 1271,2200 1202,2223 1156,2205"/>
                <Baseline points="1163,2241 1194,2243 1225,2245 1256,2248 1287,2250 1318,2253 1349,2256 1380,2260 1411,2262 1442,2265 1474,2267 1505,2270 1536,2271 1567,2273 1598,2274 1629,2274 1660,2274 1691,2273 1722,2272 1753,2268 1785,2264"/>
                <TextEquiv>
                    <Unicode>und Perer bergeri iin Marprs</Unicode>
                </TextEquiv>
            </TextLine>
            <TextLine id="r1l28" custom="readingOrder {index:16;}">
                <Coords points="1140,2321 1254,2345 1310,2318 1347,2348 1397,2323 1451,2347 1475,2333 1534,2369 1596,2337 1643,2373 1675,2347 1762,2365 1764,2281 1632,2310 1551,2265 1486,2302 1352,2260 1271,2287 1144,2244"/>
                <Baseline points="1151,2304 1181,2304 1211,2306 1241,2307 1271,2310 1302,2312 1332,2315 1362,2318 1392,2320 1422,2322 1453,2325 1483,2328 1513,2330 1543,2331 1573,2333 1604,2333 1634,2333 1664,2331 1694,2330 1724,2327 1755,2324"/>
                <TextEquiv>
                    <Unicode>fürsprech am rechten gwase</Unicode>
                </TextEquiv>
            </TextLine>
            <TextLine id="line_1677576075497_1054" custom="readingOrder {index:17;}">
                <Coords points="1170,2311 1749,2331 1769,2338 1781,2344 1742,2423 1559,2429 1474,2428 1165,2395"/>
                <Baseline points="1176,2372 1202,2371 1229,2370 1256,2370 1283,2371 1310,2373 1337,2375 1363,2376 1390,2379 1417,2381 1444,2384 1471,2386 1498,2388 1525,2390 1551,2393 1578,2393 1605,2394 1632,2394 1659,2394 1686,2394 1713,2391 1728,2393 1743,2400"/>
                <TextEquiv>
                    <Unicode>das fnzu demselben beeger</Unicode>
                </TextEquiv>
            </TextLine>
            <TextLine id="r1l31" custom="readingOrder {index:18;}">
                <Coords points="1174,2476 1427,2446 1535,2478 1787,2469 1808,2466 1810,2418 1679,2432 1584,2412 1521,2431 1357,2390 1271,2408 1219,2373 1177,2398"/>
                <Baseline points="1185,2432 1215,2432 1246,2432 1277,2433 1308,2435 1338,2436 1369,2439 1400,2441 1431,2443 1461,2446 1492,2448 1523,2450 1554,2453 1584,2454 1615,2454 1646,2455 1677,2455 1707,2454 1738,2453 1769,2450 1800,2447"/>
                <TextEquiv>
                    <Unicode>gsagt, wann er nit war werd</Unicode>
                </TextEquiv>
            </TextLine>
            <TextEquiv>
                <Unicode>Des ersten im furghalten
alsdann er den Mapfr zu
Wofflishurg gstochen und ver
letzt, das umb in die weybell
us gheis und bevelch, In pfenck
ans pfürr unnd im hinfür₎
fr Helias sol gredt habenn
wette gott, das ich in todt
hätte, as fragte, er darnach
daruff er frantwirt ernih
nit wüssen ob ers gsagtt
hab oder mit könd deßwegen
dembscheid hierumb geben.
zum andern, als er winver¬
meltem Mayer gerechtigett
und Perer bergeri iin Marprs
fürsprech am rechten gwase
das fnzu demselben beeger
gsagt, wann er nit war werd</Unicode>
            </TextEquiv>
        </TextRegion>
        <TextRegion type="page-number" id="region_1677576134241_1083" custom="readingOrder {index:3;} structure {type:page-number;}">
            <Coords points="2528,334 2393,334 2393,206 2528,206"/>
            <TextLine id="r2l1" custom="readingOrder {index:0;}">
                <Coords points="2435,346 2455,343 2464,338 2468,342 2479,330 2484,334 2497,327 2503,331 2515,330 2512,283 2489,281 2479,289 2450,286 2444,291 2433,291"/>
                <Baseline points="2445,327 2475,327 2505,324"/>
                <TextEquiv>
                    <Unicode>44</Unicode>
                </TextEquiv>
            </TextLine>
            <TextEquiv>
                <Unicode>44</Unicode>
            </TextEquiv>
        </TextRegion>
        <TextRegion orientation="0.0" type="paragraph" id="TextRegion_1683021703058_1228" custom="readingOrder {index:4;} structure {type:paragraph;}">
            <Coords points="1799,305 2615,295 2668,2552 1889,2552 1842,1601"/>
            <TextLine id="r2l2" custom="readingOrder {index:0;}">
                <Coords points="1863,436 1946,458 2024,452 2089,405 2130,435 2211,398 2398,416 2447,383 2543,390 2539,341 2501,328 2447,362 2357,339 2320,361 2271,331 2177,330 2103,361 1936,343 1859,392"/>
                <Baseline points="1872,425 1906,420 1941,415 1976,412 2010,409 2045,405 2080,404 2114,401 2149,399 2184,396 2218,395 2253,392 2288,392 2322,389 2357,386 2392,384 2426,382 2461,379 2496,375 2531,371"/>
                <TextEquiv>
                    <Unicode>er schlogff min an dem ort da</Unicode>
                </TextEquiv>
            </TextLine>
            <TextLine id="r2l3" custom="readingOrder {index:1;}">
                <Coords points="1883,497 2084,483 2103,464 2207,485 2261,449 2428,467 2482,435 2478,386 2426,390 2397,416 2260,418 2211,398 2136,434 2073,407 2024,451 1880,458"/>
                <Baseline points="1893,485 1923,480 1953,476 1984,472 2014,468 2045,464 2075,461 2106,458 2136,455 2167,452 2197,451 2228,449 2258,446 2289,445 2319,443 2350,442 2380,440 2411,438 2441,437 2472,435"/>
                <TextEquiv>
                    <Unicode>er aber sie doch wel er in</Unicode>
                </TextEquiv>
            </TextLine>
            <TextLine id="r2l4" custom="readingOrder {index:2;}">
                <Coords points="1890,540 1979,549 2114,521 2165,535 2191,510 2232,534 2275,519 2350,543 2442,502 2507,511 2504,461 2458,448 2378,476 2262,447 2208,483 2103,463 2089,480 1887,499"/>
                <Baseline points="1899,536 1928,532 1958,529 1988,527 2018,524 2048,522 2078,518 2107,516 2137,514 2167,512 2197,509 2227,507 2257,506 2287,503 2316,500 2346,499 2376,498 2406,495 2436,494 2466,492 2496,489"/>
                <TextEquiv>
                    <Unicode>in ledig uffsagen, da</Unicode>
                </TextEquiv>
            </TextLine>
            <TextLine id="r2l5" custom="readingOrder {index:3;}">
                <Coords points="1897,625 1944,639 1974,608 2130,584 2200,607 2269,586 2303,600 2381,570 2420,597 2477,567 2522,604 2586,575 2583,522 2444,502 2397,546 2303,531 2261,553 2229,533 2199,555 2088,527 2045,553 1954,538 1893,557"/>
                <Baseline points="1904,599 1937,594 1971,589 2004,585 2038,583 2072,580 2105,576 2139,575 2172,573 2206,570 2240,569 2273,569 2307,567 2340,566 2374,564 2408,564 2441,563 2475,561 2508,560 2542,559 2576,557"/>
                <TextEquiv>
                    <Unicode>gesagter böegeren zu im gsprochen</Unicode>
                </TextEquiv>
            </TextLine>
            <TextLine id="r2l6" custom="readingOrder {index:4;}">
                <Coords points="1900,679 2082,654 2200,667 2296,640 2319,660 2405,616 2436,637 2520,629 2517,590 2420,597 2378,569 2295,611 2255,588 2196,614 2129,584 2099,617 2054,593 1971,609 1946,635 1896,625"/>
                <Baseline points="1908,663 1938,659 1968,655 1998,652 2028,650 2058,647 2088,644 2118,642 2148,639 2178,637 2208,635 2238,633 2268,632 2298,630 2328,628 2358,626 2388,624 2418,621 2448,620 2478,617 2508,615"/>
                <TextEquiv>
                    <Unicode>er freuwe im derhalb man</Unicode>
                </TextEquiv>
            </TextLine>
            <TextLine id="r2l7" custom="readingOrder {index:5;}">
                <Coords points="1872,749 1928,760 1973,721 2023,756 2132,753 2199,703 2323,696 2403,721 2430,691 2490,706 2537,682 2533,634 2473,658 2408,615 2352,663 2260,643 2207,667 1998,659 1867,685"/>
                <Baseline points="1880,737 1912,731 1944,725 1976,720 2009,716 2041,713 2073,708 2106,705 2138,702 2170,700 2203,697 2235,695 2267,693 2299,691 2332,689 2364,687 2396,686 2429,684 2461,682 2493,680 2526,678"/>
                <TextEquiv>
                    <Unicode>zwuschen, inen die trostung</Unicode>
                </TextEquiv>
            </TextLine>
            <TextLine id="r2l8" custom="readingOrder {index:6;}">
                <Coords points="1881,810 1963,828 2003,789 2220,794 2327,763 2368,791 2397,761 2426,782 2499,741 2590,752 2585,694 2536,682 2507,712 2429,690 2375,728 2298,694 2192,708 2152,749 2022,757 1974,723 1928,760 1877,750"/>
                <Baseline points="1890,789 1924,786 1958,783 1993,780 2027,777 2062,774 2096,771 2131,768 2165,765 2200,764 2234,761 2268,758 2303,756 2337,753 2372,750 2406,747 2441,745 2475,743 2510,741 2544,738 2579,735"/>
                <TextEquiv>
                    <Unicode>vffnemen Mussenn, hierüber</Unicode>
                </TextEquiv>
            </TextLine>
            <TextLine id="r2l9" custom="readingOrder {index:7;} person {offset:3; length:6;}">
                <Coords points="1904,860 1988,883 2081,850 2130,877 2189,835 2396,855 2434,823 2477,843 2521,806 2562,807 2557,752 2530,772 2474,759 2435,790 2398,761 2363,792 2324,762 2201,799 2139,779 2044,806 2003,790 1965,824 1901,827"/>
                <Baseline points="1913,854 1946,851 1980,846 2013,843 2047,840 2081,837 2114,834 2148,831 2182,830 2215,827 2249,825 2282,822 2316,820 2350,818 2383,815 2417,812 2451,809 2484,805 2518,800 2552,797"/>
                <TextEquiv>
                    <Unicode>er helgas sin bscheid also geben</Unicode>
                </TextEquiv>
            </TextLine>
            <TextLine id="r2l10" custom="readingOrder {index:8;}">
                <Coords points="1917,925 2084,902 2169,913 2241,886 2280,916 2393,884 2517,896 2524,811 2472,846 2435,822 2395,856 2303,864 2200,846 2132,871 2103,850 2068,876 2008,860 1988,883 1912,861"/>
                <Baseline points="1926,920 1955,917 1985,913 2014,909 2044,907 2074,905 2103,902 2133,900 2163,897 2192,895 2222,893 2252,891 2281,890 2311,888 2341,885 2370,883 2400,881 2430,878 2459,875 2489,872 2519,869"/>
                <TextEquiv>
                    <Unicode>es sye war, das er solichs</Unicode>
                </TextEquiv>
            </TextLine>
            <TextLine id="r2l11" custom="readingOrder {index:9;} place {offset:3; length:8;}">
                <Coords points="1906,1012 2025,977 2083,1001 2229,995 2300,943 2345,970 2447,941 2546,966 2568,951 2565,894 1901,926"/>
                <Baseline points="1913,972 1945,969 1977,968 2009,966 2042,963 2074,962 2106,960 2138,958 2171,956 2203,954 2235,953 2267,951 2300,949 2332,948 2364,945 2396,944 2429,941 2461,939 2493,937 2525,934 2558,930"/>
                <TextEquiv>
                    <Unicode>zu Fbergeri gsagt, dann wan</Unicode>
                </TextEquiv>
            </TextLine>
            <TextLine id="r2l12" custom="readingOrder {index:10;} person {offset:3; length:8;}">
                <Coords points="1926,1044 2032,1028 2085,1058 2151,1056 2203,1020 2289,1054 2359,1012 2575,1000 2573,966 2527,952 2383,986 2304,943 2223,997 2083,1002 2029,977 1923,1001"/>
                <Baseline points="1934,1031 1965,1029 1997,1028 2028,1026 2060,1024 2091,1023 2123,1022 2154,1020 2186,1019 2217,1016 2249,1014 2280,1013 2312,1011 2343,1009 2375,1007 2406,1005 2438,1002 2469,999 2501,998 2532,995 2564,993"/>
                <TextEquiv>
                    <Unicode>er biecheri im gsin ware er</Unicode>
                </TextEquiv>
            </TextLine>
            <TextLine id="r2l13" custom="readingOrder {index:11;}">
                <Coords points="1921,1118 1955,1130 1996,1102 2029,1124 2060,1093 2117,1105 2153,1086 2315,1114 2361,1071 2399,1090 2422,1071 2533,1077 2531,1024 2488,1038 2436,1010 2407,1043 2334,1027 2288,1053 2203,1021 2092,1064 2031,1030 1918,1055"/>
                <Baseline points="1929,1092 1958,1089 1988,1088 2017,1086 2047,1085 2077,1084 2106,1082 2136,1082 2166,1080 2195,1079 2225,1078 2255,1076 2284,1075 2314,1074 2344,1071 2373,1070 2403,1067 2433,1065 2462,1062 2492,1059 2522,1055"/>
                <TextEquiv>
                    <Unicode>schleiff ni gfangen wordenn</Unicode>
                </TextEquiv>
            </TextLine>
            <TextLine id="r2l14" custom="readingOrder {index:12;} person {offset:11; length:6;}">
                <Coords points="1899,1185 1965,1156 2010,1187 2068,1147 2089,1164 2156,1141 2195,1143 2246,1186 2417,1132 2496,1156 2536,1148 2533,1078 2423,1101 2367,1072 2316,1114 2160,1096 2110,1116 2054,1099 2032,1122 1998,1102 1956,1128 1895,1119"/>
                <Baseline points="1908,1158 1938,1154 1969,1151 2000,1148 2031,1145 2062,1143 2093,1142 2124,1140 2155,1139 2186,1138 2217,1137 2247,1136 2278,1135 2309,1134 2340,1133 2371,1131 2402,1130 2433,1128 2464,1126 2495,1124 2526,1121"/>
                <TextEquiv>
                    <Unicode>derhalb er Begeri siner er</Unicode>
                </TextEquiv>
            </TextLine>
            <TextLine id="r2l15" custom="readingOrder {index:13;}">
                <Coords points="1903,1233 2066,1217 2103,1250 2215,1201 2288,1221 2355,1192 2408,1231 2479,1200 2505,1220 2566,1199 2564,1149 2423,1136 2284,1175 2172,1145 2010,1186 1946,1158 1900,1184"/>
                <Baseline points="1911,1218 1943,1214 1975,1211 2007,1209 2039,1206 2072,1204 2104,1203 2136,1200 2168,1199 2200,1198 2233,1197 2265,1196 2297,1194 2329,1193 2361,1192 2394,1190 2426,1188 2458,1187 2490,1185 2522,1183 2555,1181"/>
                <TextEquiv>
                    <Unicode>faligenschafft ein vrsach sye</Unicode>
                </TextEquiv>
            </TextLine>
            <TextLine id="r2l16" custom="readingOrder {index:14;} person {offset:8; length:6;}">
                <Coords points="1919,1282 1970,1306 2067,1267 2176,1301 2267,1257 2355,1285 2371,1266 2400,1290 2538,1254 2535,1205 2499,1219 2477,1203 2426,1232 2350,1201 2244,1233 2210,1213 2135,1239 2068,1216 1917,1247"/>
                <Baseline points="1929,1275 1960,1274 1992,1272 2023,1271 2055,1269 2086,1268 2118,1265 2149,1263 2181,1262 2212,1260 2244,1257 2275,1256 2307,1254 2338,1251 2370,1250 2401,1247 2433,1246 2464,1244 2496,1242 2528,1241"/>
                <TextEquiv>
                    <Unicode>vnnd er helyas wann im</Unicode>
                </TextEquiv>
            </TextLine>
            <TextLine id="r2l17" custom="readingOrder {index:15;}">
                <Coords points="1911,1369 2003,1341 2083,1364 2146,1321 2223,1367 2417,1309 2520,1344 2583,1317 2578,1239 2421,1290 2279,1256 2176,1301 2063,1267 2011,1310 1907,1303"/>
                <Baseline points="1919,1343 1951,1340 1984,1337 2017,1334 2049,1331 2082,1330 2115,1326 2147,1325 2180,1323 2213,1320 2246,1319 2278,1316 2311,1314 2344,1313 2376,1311 2409,1310 2442,1307 2474,1305 2507,1304 2540,1302 2573,1301"/>
                <TextEquiv>
                    <Unicode>gott ussher us gfencknns holff</Unicode>
                </TextEquiv>
            </TextLine>
            <TextLine id="r2l18" custom="readingOrder {index:16;}">
                <Coords points="1928,1418 2176,1392 2241,1422 2276,1388 2340,1383 2418,1382 2454,1406 2529,1386 2527,1343 2330,1350 2300,1332 2222,1366 2141,1322 2083,1364 2008,1353 1926,1387"/>
                <Baseline points="1938,1407 1967,1404 1996,1400 2025,1398 2054,1395 2083,1392 2112,1391 2141,1389 2170,1387 2199,1386 2228,1383 2257,1383 2286,1382 2315,1380 2344,1379 2373,1377 2402,1376 2431,1375 2460,1374 2489,1373 2519,1371"/>
                <TextEquiv>
                    <Unicode>wel er dennselben bergern</Unicode>
                </TextEquiv>
            </TextLine>
            <TextLine id="r2l19" custom="readingOrder {index:17;}">
                <Coords points="1931,1470 2068,1477 2124,1458 2178,1495 2369,1450 2460,1478 2507,1468 2503,1400 2390,1408 2342,1383 2276,1388 2241,1421 2199,1394 2043,1406 2015,1431 1929,1418"/>
                <Baseline points="1941,1464 1968,1463 1996,1461 2024,1460 2052,1458 2079,1457 2107,1455 2135,1454 2163,1452 2190,1450 2218,1449 2246,1447 2274,1446 2301,1445 2329,1443 2357,1442 2385,1441 2412,1440 2440,1439 2468,1438 2496,1437"/>
                <TextEquiv>
                    <Unicode>nit Erlassen, sonders ge¬</Unicode>
                </TextEquiv>
            </TextLine>
            <TextLine id="r2l20" custom="readingOrder {index:18;}">
                <Coords points="1962,1544 2081,1534 2113,1559 2149,1528 2185,1555 2232,1553 2298,1512 2372,1546 2481,1501 2550,1518 2598,1500 2595,1438 2483,1475 2371,1448 2176,1494 2124,1457 2065,1488 2017,1461 1959,1472"/>
                <Baseline points="1971,1524 2001,1523 2032,1521 2063,1520 2094,1518 2125,1516 2156,1514 2186,1512 2217,1510 2248,1509 2279,1507 2310,1505 2341,1503 2372,1502 2402,1500 2433,1498 2464,1497 2495,1496 2526,1496 2557,1494 2588,1494"/>
                <TextEquiv>
                    <Unicode>mott Inn zuberechttigen</Unicode>
                </TextEquiv>
            </TextLine>
            <TextLine id="r2l21" custom="readingOrder {index:19;}">
                <Coords points="2001,1754 2030,1766 2083,1731 2215,1743 2272,1723 2412,1748 2461,1713 2499,1739 2558,1711 2555,1625 2454,1676 2343,1638 2245,1669 2164,1653 2096,1703 1997,1654"/>
                <Baseline points="2009,1731 2036,1728 2063,1725 2090,1723 2117,1721 2144,1720 2171,1719 2198,1718 2225,1718 2252,1716 2279,1716 2306,1715 2333,1715 2360,1713 2387,1712 2414,1712 2441,1711 2468,1709 2495,1707 2522,1704 2549,1703"/>
                <TextEquiv>
                    <Unicode>zum dritten ist im für</Unicode>
                </TextEquiv>
            </TextLine>
            <TextLine id="r2l22" custom="readingOrder {index:20;}">
                <Coords points="1935,1836 2007,1802 2035,1825 2227,1772 2398,1814 2446,1778 2575,1784 2573,1741 2456,1721 2409,1747 2273,1723 2031,1763 1977,1728 1928,1727"/>
                <Baseline points="1943,1808 1974,1802 2005,1798 2036,1793 2067,1789 2098,1785 2129,1784 2160,1781 2191,1778 2222,1776 2253,1775 2284,1773 2315,1772 2346,1772 2377,1770 2408,1769 2439,1768 2470,1767 2501,1766 2532,1764 2564,1763"/>
                <TextEquiv>
                    <Unicode>ghept, als die beid keybell</Unicode>
                </TextEquiv>
            </TextLine>
            <TextLine id="r2l23" custom="readingOrder {index:21;} place {offset:3; length:11;}">
                <Coords points="1942,1865 2102,1881 2221,1834 2304,1860 2340,1829 2585,1831 2616,1823 2613,1763 2560,1791 2384,1772 2356,1799 2310,1783 2249,1808 2170,1784 1940,1830"/>
                <Baseline points="1950,1848 1982,1846 2015,1844 2048,1842 2081,1840 2114,1839 2147,1836 2179,1834 2212,1833 2245,1830 2278,1829 2311,1827 2344,1826 2377,1824 2409,1823 2442,1821 2475,1821 2508,1820 2541,1820 2574,1818 2607,1818"/>
                <TextEquiv>
                    <Unicode>Zu Wifflispurg im einsmals</Unicode>
                </TextEquiv>
            </TextLine>
            <TextLine id="r2l24" custom="readingOrder {index:22;}">
                <Coords points="1983,1910 2119,1901 2165,1925 2212,1899 2268,1916 2316,1898 2461,1920 2512,1884 2615,1879 2637,1843 2602,1849 2556,1820 2386,1826 2298,1861 2256,1830 2108,1877 1981,1867"/>
                <Baseline points="1992,1901 2023,1899 2055,1899 2087,1898 2119,1896 2151,1895 2182,1892 2214,1892 2246,1890 2278,1887 2310,1886 2341,1884 2373,1883 2405,1881 2437,1880 2469,1878 2500,1877 2532,1876 2564,1874 2596,1872 2628,1872"/>
                <TextEquiv>
                    <Unicode>im Morffenbrott in gfencknus</Unicode>
                </TextEquiv>
            </TextLine>
            <TextLine id="r2l25" custom="readingOrder {index:23;}">
                <Coords points="1974,1975 2026,1965 2067,1998 2108,1953 2179,1943 2312,1979 2361,1942 2533,1950 2600,1937 2598,1890 2512,1883 2490,1907 2375,1917 2318,1899 2274,1917 2220,1900 2163,1925 2076,1904 2050,1927 1971,1917"/>
                <Baseline points="1983,1962 2013,1961 2043,1958 2074,1956 2104,1955 2135,1952 2165,1951 2195,1949 2226,1948 2256,1946 2287,1944 2317,1942 2347,1941 2378,1940 2408,1938 2439,1937 2469,1935 2499,1934 2530,1932 2560,1932 2591,1931"/>
                <TextEquiv>
                    <Unicode>bracht, da sy noch ettwas uber</Unicode>
                </TextEquiv>
            </TextLine>
            <TextLine id="r2l26" custom="readingOrder {index:24;}">
                <Coords points="1970,2027 2121,2005 2240,2008 2286,2033 2407,1997 2463,2021 2505,1999 2656,2022 2651,1930 2598,1957 2550,1934 2515,1969 2437,1940 2312,1980 2276,1957 2215,1982 2174,1947 1967,1982"/>
                <Baseline points="1979,2018 2012,2016 2045,2016 2078,2015 2112,2013 2145,2011 2178,2009 2212,2008 2245,2006 2278,2003 2312,2001 2345,1999 2378,1997 2411,1995 2445,1994 2478,1991 2511,1989 2545,1988 2578,1986 2611,1985 2645,1985"/>
                <TextEquiv>
                    <Unicode>blibnen wens, so durch in schlefen</Unicode>
                </TextEquiv>
            </TextLine>
            <TextLine id="r2l27" custom="readingOrder {index:25;}">
                <Coords points="1971,2091 2040,2070 2090,2099 2157,2065 2246,2098 2433,2060 2475,2085 2519,2054 2626,2049 2624,2004 2548,2021 2497,1994 2455,2022 2407,1997 2339,2037 2240,2008 2194,2034 2166,2013 2149,2032 2086,2019 2056,2044 1968,2026"/>
                <Baseline points="1979,2066 2010,2066 2042,2066 2074,2064 2106,2064 2138,2063 2169,2063 2201,2061 2233,2060 2265,2058 2297,2058 2328,2056 2360,2054 2392,2052 2424,2051 2456,2048 2487,2046 2519,2045 2551,2042 2583,2040 2615,2039"/>
                <TextEquiv>
                    <Unicode>ii getruncken in der gfengek</Unicode>
                </TextEquiv>
            </TextLine>
            <TextLine id="r2l28" custom="readingOrder {index:26;} person {offset:20; length:6; continued:true;}">
                <Coords points="1974,2137 2082,2151 2127,2121 2262,2123 2332,2155 2400,2106 2515,2105 2539,2127 2596,2093 2638,2109 2635,2058 2600,2050 2510,2056 2479,2083 2347,2064 2302,2092 2189,2097 2158,2075 2085,2100 2049,2069 2012,2104 1972,2092"/>
                <Baseline points="1983,2121 2015,2120 2047,2120 2079,2119 2111,2118 2144,2117 2176,2116 2208,2115 2240,2114 2272,2113 2305,2112 2337,2110 2369,2109 2401,2106 2433,2105 2466,2103 2498,2101 2530,2098 2562,2095 2594,2091 2627,2088"/>
                <TextEquiv>
                    <Unicode>nns funden da hab e Zelias</Unicode>
                </TextEquiv>
            </TextLine>
            <TextLine id="r2l29" custom="readingOrder {index:27;} person {offset:0; length:4; continued:true;}">
                <Coords points="1993,2187 2101,2209 2143,2178 2233,2199 2287,2173 2321,2201 2431,2165 2514,2200 2579,2165 2661,2173 2659,2125 2590,2110 2538,2128 2514,2106 2423,2114 2389,2143 2261,2122 1991,2142"/>
                <Baseline points="2003,2183 2035,2181 2067,2178 2100,2177 2132,2175 2165,2174 2197,2172 2229,2171 2262,2169 2294,2168 2327,2168 2359,2166 2391,2165 2424,2163 2456,2162 2489,2160 2521,2159 2553,2157 2586,2154 2618,2152 2651,2148"/>
                <TextEquiv>
                    <Unicode>olen gredt haben und geschworen</Unicode>
                </TextEquiv>
            </TextLine>
            <TextLine id="r2l30" custom="readingOrder {index:28;}">
                <Coords points="1981,2263 2197,2253 2279,2276 2330,2231 2401,2254 2459,2228 2565,2246 2640,2225 2639,2192 2516,2203 2423,2165 2368,2206 2278,2172 2127,2217 2077,2192 1979,2215"/>
                <Baseline points="1989,2241 2021,2240 2053,2238 2085,2237 2117,2237 2149,2235 2181,2234 2213,2234 2245,2232 2277,2232 2309,2231 2341,2231 2373,2229 2405,2228 2437,2227 2469,2225 2501,2224 2533,2221 2565,2219 2597,2216 2630,2214"/>
                <TextEquiv>
                    <Unicode>haben gots ausen saersamene</Unicode>
                </TextEquiv>
            </TextLine>
            <TextLine id="r2l31" custom="readingOrder {index:29;}">
                <Coords points="1982,2314 2287,2292 2371,2293 2393,2313 2435,2288 2602,2286 2603,2247 2494,2249 2472,2228 2407,2262 2331,2232 2284,2265 2127,2250 2107,2270 2065,2247 1980,2264"/>
                <Baseline points="1991,2300 2021,2298 2051,2297 2081,2295 2111,2294 2141,2294 2171,2292 2202,2291 2232,2290 2262,2289 2292,2288 2322,2287 2352,2286 2382,2285 2413,2284 2443,2282 2473,2280 2503,2279 2533,2277 2563,2276 2594,2273"/>
                <TextEquiv>
                    <Unicode>wil man mir keinsanderen</Unicode>
                </TextEquiv>
            </TextLine>
            <TextLine id="r2l32" custom="readingOrder {index:30;}">
                <Coords points="1989,2366 2144,2353 2181,2378 2224,2343 2252,2361 2278,2340 2319,2366 2376,2347 2426,2366 2454,2340 2515,2349 2582,2328 2568,2282 2542,2304 2430,2290 2392,2315 2368,2295 2318,2313 2257,2293 2211,2324 2116,2299 2069,2323 1987,2313"/>
                <Baseline points="1998,2352 2026,2352 2055,2351 2083,2351 2112,2351 2141,2349 2169,2349 2198,2348 2227,2348 2255,2346 2284,2346 2313,2344 2341,2342 2370,2341 2399,2339 2427,2338 2456,2334 2485,2332 2513,2329 2542,2327 2571,2322"/>
                <TextEquiv>
                    <Unicode>win bringen, so wil ich dhand</Unicode>
                </TextEquiv>
            </TextLine>
            <TextLine id="r2l33" custom="readingOrder {index:31;}">
                <Coords points="1980,2436 2016,2415 2081,2436 2174,2413 2283,2442 2339,2398 2403,2423 2427,2405 2486,2417 2568,2385 2566,2344 2484,2337 2427,2366 2377,2347 2330,2373 2283,2341 2220,2340 2182,2378 2139,2386 1976,2370"/>
                <Baseline points="1989,2415 2017,2414 2045,2412 2074,2410 2102,2409 2131,2408 2159,2406 2188,2405 2216,2403 2245,2402 2273,2400 2301,2399 2330,2397 2358,2395 2387,2394 2415,2392 2444,2390 2472,2387 2501,2386 2529,2384 2558,2381"/>
                <TextEquiv>
                    <Unicode>damit waschen, da sy die</Unicode>
                </TextEquiv>
            </TextLine>
            <TextLine id="r2l34" custom="readingOrder {index:32;}">
                <Coords points="2000,2514 2167,2482 2222,2496 2269,2453 2358,2479 2620,2473 2618,2401 2561,2393 2496,2429 2429,2406 2402,2425 2376,2400 2294,2437 2197,2415 1997,2430"/>
                <Baseline points="2009,2471 2039,2468 2069,2466 2099,2463 2129,2462 2159,2461 2189,2460 2219,2459 2249,2459 2279,2459 2309,2457 2339,2457 2369,2456 2399,2456 2429,2454 2459,2454 2489,2451 2519,2450 2549,2447 2579,2444 2609,2441"/>
                <TextEquiv>
                    <Unicode>weybel im ein andere halb</Unicode>
                </TextEquiv>
            </TextLine>
            <TextEquiv>
                <Unicode>er schlogff min an dem ort da
er aber sie doch wel er in
in ledig uffsagen, da
gesagter böegeren zu im gsprochen
er freuwe im derhalb man
zwuschen, inen die trostung
vffnemen Mussenn, hierüber
er helgas sin bscheid also geben
es sye war, das er solichs
zu Fbergeri gsagt, dann wan
er biecheri im gsin ware er
schleiff ni gfangen wordenn
derhalb er Begeri siner er
faligenschafft ein vrsach sye
vnnd er helyas wann im
gott ussher us gfencknns holff
wel er dennselben bergern
nit Erlassen, sonders ge¬
mott Inn zuberechttigen
zum dritten ist im für
ghept, als die beid keybell
Zu Wifflispurg im einsmals
im Morffenbrott in gfencknus
bracht, da sy noch ettwas uber
blibnen wens, so durch in schlefen
ii getruncken in der gfengek
nns funden da hab e Zelias
olen gredt haben und geschworen
haben gots ausen saersamene
wil man mir keinsanderen
win bringen, so wil ich dhand
damit waschen, da sy die
weybel im ein andere halb</Unicode>
            </TextEquiv>
        </TextRegion>
    </Page>
</PcGts>
