4032 3024
1042 261 1699 429 f Mentag dem 6. tag
1088 359 1643 484 octobrus An 1567 jar
1073 427 1716 544 inn gegenwerttigkheytt
1074 483 1731 613 Herren Galles galdis groß¬
1095 543 1728 664 weytels vnnd der wegblesn
1104 616 1608 735 miier 8 Herrenn
1123 723 1723 860 ist Hanns Batlenegger zu
1043 823 1710 924 Banngnouw wonnhafft inn
1046 880 1725 992 Der Reffien vmb nach volgande
1101 947 1712 1039 har geepammert wordenn
1088 1005 1744 1113 unnd im fürghalten, als ver¬
1120 1070 1758 1179 schonens arprellens, Genndicht
1088 1127 1711 1236 anntz von Perrenberg ✳ unnd
1099 1199 1721 1305 ouch er Baldenegger zu Syg.
1093 1256 1777 1364 nomo im wertshus by einandern
1102 1328 1755 1426 gwasen unnd man den gesagt
1085 1387 1771 1496 Cuntzen nach dem nachtmaln ze¬
1098 1441 1779 1545 Ein samer an die tuw gferr
1078 1507 1739 1612 Der sich an ein bechclegt, unnd
1124 1567 1774 1675 in stekel, darin dann ein ge
1105 1629 1766 1737 heil gelts gsin by jne unnder
1099 1691 1767 1799 dem Honptkussi behalten, uedoch
1092 1758 1785 1859 unnselben, darnach einem meyeli
1124 1812 1781 1914 so in derselben kamer woss lin¬
1127 1872 1770 1978 lachen us einem trog gusmann.
1126 1935 1784 2041 geben, weliches dan selbigen stckel
1111 1999 1752 2101 inn den trog beschlossen, ann
1114 2060 1776 2159 dem sye er Baldknegger so zm
1119 2115 1780 2231 ann die samer nachpfolget
1134 2174 1745 2281 und gegenwürttig gsin zu
1137 2230 1775 2348 pfaren in schwerdt ußgezukt
1147 2292 1747 2402 zu im juntzen für gs bech
1138 2343 1838 2465 bstannden sprechennde das schwedt
1148 2398 1749 2523 muß hinna hr din hergortsen
1141 2446 1801 2573 unnd hinnacht iste die faben
2451 185 2520 251 52
1828 222 2439 408 n d hab zun derstlh
1838 293 2510 479 geantwert das wel got niemer.
1832 332 2523 536 n sindern sin schlis ah
1826 371 2546 592 edet ang en anten tand
1854 469 2510 656 unnd also jungs wys einhalt
1842 533 2546 715 vnntzin der winet harzugluhen
1852 601 2495 772 unnd s von einandern gscheiden
1825 678 2563 846 Daruff Berurter Baltsungger
1877 736 2526 901 mso geantwert, wie war sye
1867 823 2565 957 das der zu signowe by gesagte
1877 889 2511 1034 enntzen im wurts gwäsenn
1870 959 2533 1103 unnd sich der maß mit wynns
1872 1011 2543 1159 vbertruncken vnnd beladen ghept
1879 1088 2516 1211 das er ii eigentlich anzeig
1871 1156 2546 1297 Kond noch wüsse wie sich der
1879 1217 2541 1370 hanndel allencklich zutrag
1865 1285 2516 1413 unnd verluffen, jedoch sie ime
1909 1348 2516 1468 woln inngedeunck als ssy by
1905 1408 2538 1532 einanderen inn der banter gsteu
1912 1488 2514 1575 und der bemelt Cüntz mif
1914 1551 2441 1649 einem Meytli das ime
1915 1582 2579 1712 Baldeneggern. ettlicher gstalt
1914 1668 2577 1765 verwandt gredt hab er ei
1914 1706 2503 1816 aunders gmein, dann er
1920 1745 2569 1876 welte, Das meytteli darzu
1921 1816 2542 1926 halten das es by im lage
1930 1888 2534 2000 welches inn seer bederet
1915 1942 2588 2052 Derhalb er voller unbesinter
1938 2006 2605 2127 wysz villiche usz zorn sein gur
1942 2060 2571 2200 schwerdt gezuettt Aber ds
1944 2125 2560 2242 er dannt sol gredt haben
1940 2168 2594 2318 das schwerdtt müsse sin reützen
1930 2243 2584 2368 Hergoatt sin unnd sein laben
1966 2292 2604 2421 sye hinnacht inn sinenhend
1957 2331 2587 2474 dndes sye er nit Ingedenck
1960 2396 2605 2532 darzu als runtz zu im gsagt
1940 2449 2589 2610 Er solt sich bas bsmmmen hab
