4032 3024
1120 277 1726 401 Hans Garmatter
1034 357 1682 467 uff montag den 18j ter
1064 415 1625 511 ugstens im 1567. c
1058 478 1760 573 em herren Groszweybel bal
1039 525 1765 622 aldi in Bittlingers thunn
1083 573 1765 676 ein Hansen parmatter von
1021 623 1772 728 Ibischen der billhory Thiger¬
1053 669 1742 777 achern fürghaltten worden
1054 730 1773 823 vnd die warheitt zu beken
1052 781 1697 871 nen ermant worden
1002 830 1791 932 als uff die clegt so sin fruw
1043 888 1789 973 Alßbett Müller, am Chorpricht al¬
1059 941 1789 1035 hie wider ins gefürtt hatt
1058 996 1776 1095 Namlich das er Ire dochter,
1081 1048 1754 1129 Auni Lowiner die sy von
1076 1100 1769 1186 irem vorigrn man Hansen
1085 1135 1796 1240 Louwiner seligen zu Lhysigen
1087 1194 1777 1281 gezugett, habe eins kinds
1084 1241 1775 1348 beschwengenett ✳ uff welchs
1094 1289 1799 1383 clept er ain vhorgricht nitt
1087 1336 1792 1441 erschynen noch mitt eiicher
1104 1379 1806 1480 antwortt bepegnett sigs ✳ son¬
1420 1421 1796 1492 flüchtig worden.
1098 1447 1565 1533 ders landtseinig
1095 1475 1813 1609 Hierüber nipt er die rnt
1112 1531 1815 1657 wortt, Er könne leider der
1116 1574 1806 1709 clegt mitt ab sin noch wider¬
1131 1637 1769 1760 prechen, dann Ims solcher
1133 1656 1827 1804 chwarer fall widerfaren sch
1122 1726 1849 1840 doruff er sich vor un monadt
1148 1780 1827 1891 vßs m g Herren Landt vnd
1135 1816 1787 1947 pepietten ✳ abzogen ✳ und sich
1143 1863 1795 1984 in solochum herschafft vbr
1145 1898 1837 2039 frigt, daselbst sich mitt sine
1144 1954 1823 2081 täglichen hanndarbritt vnd
1155 1997 1818 2112 veldbuw erhalltten, doch
1141 2045 1800 2173 angendts durch sine gutte
1143 2109 1751 2219 frùnd und verwandten
1149 2119 1847 2266 lassen an i x herren umb
1150 2197 1789 2317 chuldigung werben vnd
1147 2241 1844 2351 dasselbig bis vff den hütte
1156 2282 1755 2399 gen tag  dem erstum
1150 2303 1836 2450 An. 8. Herren nach lütt siner
1194 2356 1852 2477 anmante supplication
1817 208 2634 380 die er selbst persomlich vbemant
1833 271 2506 409 wort, sich frwillens In
1823 327 2558 500 za gnaßden straaff exgipt
1836 381 2581 549 mitt vnderthänigster bitt Ine
1834 460 2562 593 mit nach sinem verdienen ze¬
1862 506 2577 639 traaffen, dan es im an¬
1854 557 2559 688 vends vnd noch von herrren
1842 592 2561 765 wid sig, habe uch anfangs
1858 673 2556 808 nitt erachtet das er so wyl
1862 716 2607 869 by wonung mitt genanten siner
1875 765 2535 934 stieffdochter gehapt habe.
1852 849 2577 992 biß das die gwussen woitt,
1872 886 2562 1051 zeichen khommen syendt, do
1857 958 2590 1126 hab er das meyrtli ermant
1879 997 2592 1159 dester furen sich sinen selbst
1884 1073 2565 1222 zu schonen uff das sre
1881 1134 2582 1261 nitt gott den Henr schwärer
1888 1177 2546 1312 erzürnetten und habe
1896 1248 2585 1365 sonst kein beyschlaff mitt
1885 1283 2600 1410 dem meyttli weder vor oder
1892 1351 2561 1472 darnach ghan, dan allein
1898 1400 2574 1525 in der Zytt als er für das
1889 1454 2620 1569 haltt wel in deren vō Vtendas
1903 1502 2619 1608 glmendt badet, doblei malen
1895 1554 2584 1658 bleibesch das meyttli in nächt
1896 1598 2563 1721 by ime plixen ✳ sonst
1923 1631 2610 1774 iger hab er nir uss bösein
1927 1694 2630 1807 verdachtem mitt Ius nach¬
1919 1738 2631 1864 gesteltt ittet i g hun
1939 1788 2605 1907 vmb ein gnedige straaff,
1897 1851 2605 1974 Denne heipt er An, wie das nach
1914 1901 2595 2018 dem vnd das Meynli bindspe¬
1909 1946 2609 2065 mäsen, er sidthar mitrit mehr von
1892 1984 2655 2125 im vernommen ✳ dans das uch siner
1908 2032 2602 2166 gfrundten horn sige abgeträtten
1916 2072 2570 2197 und usz dem landt gewychen
1923 2114 2619 2247 barn welchen ortten aber es
1940 2149 2671 2301 sich gnthalager, sich ime anbewüsst
1919 2200 2673 2346 Das kindt aber syg noch by luben
1963 2254 2654 2382 in jnnge brabli, dan er einem
1963 2293 2636 2422 inem achpuren zu erziccen
1948 2361 2339 2464 verdingt habe.
