4032 3024
1043 363 1733 498 das niemands syn zwen dergsta
1034 423 1734 551 Ime hab gsächen zu hin louffen
1068 471 1749 577 inen bruder heledigen ✳ und umb
1060 531 1742 629 solliche verzwyffeltte sich zuf
1058 574 1751 690 mitt funst streichen zu straaffen
1046 642 1746 725 dan es von gottsgnaden nitt
1052 682 1740 770 zu faal khommen, darby
1067 730 1746 821 ouch der wortten nie gedacht
1065 781 1767 874 das er zu siinem bruder gsprochen
1065 823 1763 909 soltt haben, weltistu seinlichs thun
1053 875 1764 958 des were vns allen ein schandt
1076 917 1758 1011 vnd nach dem man Ime ver¬
1076 980 1767 1070 suchender wyß fürwarff, sie
1028 1022 1780 1111 bruder habe doch bekendt das In
1080 1072 1734 1158 in bruder Haus gschlagen habe
1069 1116 1762 1211 hab diser antwurtts, So habe
1070 1170 1790 1258 er bekenn das nitt die warheytt
1202 1216 1794 1303 doch welle solichs mitt wider
1072 1254 1746 1352 due hochheytt i g herren predt
1074 1304 1755 1400 haben, daß verstandt das sy
1105 1351 1794 1447 emands vnrecht thundt, sonder
1017 1397 1798 1515 zu bestättigung der warheitt ✳ und simen
1105 1468 1416 1555 enschuldigung
1056 1502 1796 1637 Nach dem nun diser Hans Schäre
1549 1564 1773 1629 in geheimbd
1085 1584 1802 1694 hinwagn gefürtt, ist blaße lans brie
1096 1642 1588 1730 die Ceperi Madlen
1091 1652 1806 1787 huls husfrouw, truwlich vnd mitt
1089 1703 1798 1837 enst ermandt worden, das syn
1103 1771 1795 1870 sil wol diß frs fürprachten
1083 1814 1801 1944 handel solle bedencken, das sye
1101 1850 1808 1975 niemands usz eyendtschafft unrecht
1093 1898 1805 2037 thue, dan yn perter schäre den
1140 1944 1798 2077 der that gezycht und vercsagt
1100 1978 1820 2138 hatt an der Martter sin unshel
1116 2043 1802 2176 dhe nroch biß har erhalltte noch
1110 2070 1819 2213 durch die pinliche frap bekandtlich
1147 2125 1801 2246 wnde zu sen wedmoren de
1155 2158 1841 2298 engstaltt habe sya selbst gehorten
1719 2222 1832 2301 r nit
1249 2196 1755 2319 in bruder Hans dem
1140 2281 1223 2326 das
1119 2264 1696 2363 vnd en ougen gstanden
1123 2260 1840 2404 dar von wüssen wil ✳ und weder
1124 2324 1780 2471 winig noch pyl danby gsin
1154 2390 1815 2510 sig by solle sya ouch wol ex¬
1159 2431 1789 2565 regen die gstaltsame disers
1146 2447 1850 2621 zufaals, erstliche das syn selst
1577 2542 1713 2605 in dem
1731 2629 1833 2736 für
1790 296 2450 487 fürgaben, des pererscärr mir
1801 359 2497 525 aben vber die Rrin vnd rugken
1880 401 2499 553 schlagen hab, vnd vnden har
1780 429 2533 620 Che den lyt gar nütt, derwege
1814 487 2480 679 tllich streych der frucht im lyb
1812 541 2502 731 nützit min der massen schaden
2244 645 2546 753 us der erfar¬
1817 669 2063 786 füge nitm
1802 716 2249 857 dur deder ei
1824 719 2513 883 nußzweyßt, das ein todt khindt
1805 771 2526 936 nitt wyl über nun tag by einer
1827 804 2564 983 fruwen beliben mach vnd es aber
1835 862 2546 1037 offenber das sy 1s b In behal¬
1831 913 2524 1072 ten vnd nach dem vnfaal noch
1819 987 2518 1139 funff wollen und ettlich tag ge¬
1830 1080 2096 1191 egen hatt
1834 1080 2542 1241 zum dritten sis im zu ermessen
1828 1134 2557 1295 des wasschon begäbe das ein todt
1842 1200 2523 1326 eindt so lange zytt by mutter
1835 1250 2523 1372 lib belide, so wurdt es doch von
1821 1278 2540 1430 vberigen fuchte vnd Zerite halb
1827 1346 2538 1472 verfulen ✳ so man dder gesachen
1830 1410 2555 1520 das kindli nitt sonder verseent
1859 1454 2516 1586 us anzogner bedenckung ✳ sig
1842 1510 2519 1628 zu mittmassen, das Ina
1843 1558 2528 1671 machterts nach dem etwas
1850 1607 2427 1727 dideri wider frawen
1960 1655 2508 1770 schlen glich war wäre
1853 1720 1967 1758 wan
1864 1694 2514 1821 das sy von den ui wocht
1858 1733 2572 1863 vm pettern schärnen gschlage
2317 1808 2561 1906 sy wüsse.
1922 1835 2311 1937 st Ir antwortt
1870 1855 2599 1979 von kheinem aendern zufall
1868 1921 2561 2030 dan dar sy übel shindlett
1911 1963 2557 2079 vn perten schären und übel
1890 2051 2107 2132 erklüpfft
1889 2111 2615 2238 zu Lezst hand nin herren
1917 2160 2631 2287 wie abstadt nach Petter schärt
1901 2208 2626 2355 husfruwen gschickt, die sampstig
1926 2277 2565 2408 elbst hackhommen ist für
1906 2321 2609 2455 In ehma zuͦ pitten ✳ und
1901 2393 2518 2510 mach ernstigem vermanen
1914 2424 2607 2563 hüset sya hoch, Inen sig von
1940 2489 2575 2612 solchem mitzit zu wüssen
