4032 3024
1055 165 1816 435 e ele
1074 287 1802 478 abse habe denn selbigenn N
1056 362 1819 570 vrkorenn doch so biisse
1059 417 1805 616 gande. Daruff saget so mele
1067 489 1800 683 stich nnt minder den 3 ß e pa
1072 563 1828 751 sölliches eedun uff gewissen haben
1459 658 1560 711 zu
1071 621 1819 820 Im vnd Irenn bosseremnutzer
1083 723 1820 869 wyllenn, obsr habe Jrennk
1088 795 1824 962 namenn genampvt noch gesten
1101 851 1820 993 rebenn. Dan Aby den name
1106 902 1796 1070 selbs erdacht hab frebe
1085 988 1829 1133 sapst sr michauß habt Irn
1077 1057 1829 1221 desz es gedacht von niwsthun
1076 1139 1787 1253 namen nit geschriben, abs
1082 1199 1838 1327 wolle pin amps und anhäben.
1648 1289 1759 1347 Sager
1059 1278 1839 1408 Des ist sr nit bekandtlich sundes
1068 1341 1831 1454 spa urbana habt insrdacht
1071 1408 1837 1530 denn gemelt namen also so¬
1054 1482 1241 1577 dacht
1042 1575 1082 1623 8
1072 1609 1736 1727 Der acht erdickslle f
1074 1684 1837 1797 zuypt an wyr das i sya vrbane
1070 1751 1837 1851 habt an einem morgn fürheffe
1064 1822 1811 1917 trüg habe heissenn in ein holt
1068 1880 1841 1982 für das dorff gann so welle se
1061 1943 1817 2070 1ß ein vndt vnnd ordt feirstem
1129 1998 1853 2101 . sy weidermutter brude not
1054 2054 1838 2158 Erundt bedorfft daruff gäbe
1071 2117 1799 2216 sy im Zeantwurtt, V. hatte
1074 2172 1808 2259 Irer mattsr vnd erfinde. von
1078 2225 1839 2314 einmall erzürten und kunt
1066 2287 1161 2326 ane
1066 2286 1846 2386 agstattett spa wolte sollichs
1059 2348 1814 2427 nit zwetzmall dun daruff
1116 2366 1868 2461 undt ist sy iy besuse wig beckand
1074 2422 1813 2498 saget ir mer ausz mir unnd
1071 2471 1774 2573 habe sölliches einste i
1085 2522 1871 2624 bracht vnd ouch nic augmuttet
1079 2588 1840 2697 aber sya. Vrbamna sachtt Ja vnd
1097 2637 1821 2763 wyll söllich j ungäben prockb
1079 2698 1822 2817 handthaben bis in das undt
2595 203 2657 262 8
1867 310 2646 453 der mint ardick soll zeygtt
1869 381 2634 501 ann ob diezitt eeer als sy noch
1874 426 2671 585 schwanget waß, habe sy ir bruder
1867 480 2665 647 gann eomestt pfnr söll vnnd da
1878 549 2652 697 selbst Ire Kindbette verzugsten, sige
1885 635 2631 766 gedachter Irer vetter mich auß
1889 695 2682 813 marchandt offter mals heimlichen
1915 753 2689 879 in Iren Bunnen vnnd sya vndtr¬
1882 833 2637 962 wysenn und bätten, wann man
1885 884 2675 1019 ya frage wes das kindt sich e. so
1908 956 2630 1095 sölle sy fröllichsen sächenn 16
1873 1017 2678 1165 gehort gemelten Jagus gando,
1875 1110 2699 1205 und wan man den eydt vonn
1881 1168 2605 1288 gesten fordere, so sölle sy ss
1905 1242 2635 1355 frölich snn den sollichss
1899 1315 2687 1416 aber widersericht er mich auf
1892 1381 2669 1462 und sagtt s6 stige nit war
1893 1431 2687 1534 vnd werde sich nit erfindenn
1893 1489 2660 1588 sa erbanne ahtt ss syge
1885 1554 2687 1649 war und wils uff ir Eetst
1895 1607 2299 1699 vindt nemmen
1905 1774 2717 1889 der Letst andieksell, Alß sya¬
1907 1861 2711 1942 Vrbanna gebarenn wolt kame
1896 1932 2702 2017 der kuttsnant von cauff ✳ und
1905 1985 2651 2086 frugtte sya. wes das kindt
1906 2043 2687 2127 wäre wir des Bindes vattsr
1918 2101 2714 2193 wàr ✳ unnd must mit in die hand
1923 2165 2674 2261 an sydes stadt gelobenn, des
1920 2237 2713 2318 Bindts weher vatter genemmen
1921 2290 2695 2386 vnd anzstztign das sya aber
1935 2343 2711 2448 nit dan hatt sundee s6. dem
1925 2406 2653 2501 gnnel jannes gando an
1931 2463 2697 2552 so ritt irsts vntterenn nich aus
1926 2515 2656 2631 marchandt gäbsen hadt
2436 2577 2677 2679 stölliches
