4032 3024
1077 420 1661 568 uff Frytag den 12 tag
1088 505 1763 671 jenners im 00 unnd x4 in
1079 573 1728 708 In gugenwurtig kheytt der frommen
1089 632 1759 795 ersammen wysen herren Sebastig
1104 713 1758 869 daruus des Khatts, Jacob Auff
1108 780 1731 905 manns des Buegeren, Ballus
1106 841 1714 962 Baldis großweybells vnnd
1128 908 1720 1044 der weyblen miner E herre
1075 1011 1757 1177 hatt diser gägenwüriger Hanns
1091 1135 1758 1253 Gnnntsch von Poumemmenstier
1112 1195 1744 1312 würtig zu Mersteli bkheimt
1116 1266 1434 1370 unnd verzëcen
1500 1284 1732 1363 Demnach
1124 1344 1754 1444 er umgfarlich vor zwöyen jnden
1135 1405 1740 1522 zu Bürren gedienet, haber
1161 1475 1755 1585 lich daselbst mitt latten funn
1151 1547 1752 1643 von Toyben weeelischett und
1143 1614 1750 1717 lang darnach hab er dieselbig
1149 1679 1765 1776 sin Befrouw mitt Ime gen
1114 1750 1791 1849 Poummenmonstige in sin heinet
1142 1816 1785 1919 gefürt. Daselbst sy aber kheins
1153 1878 1766 1986 wägs sin noch blyben wollen.
1132 1951 1767 2045 dergstallt er widerumb mitt Iro
1155 2015 1749 2121 escher khertt, vnnd sich mitt
1159 2073 1733 2186 dienen beholffen, Inn dem
1150 2130 1766 2240 Ime ein untaal an einem
1161 2189 1812 2307 schenckehl, so im einzweybrocen
1162 2276 1800 2362 begegnett Deßwägen er armüt
1301 2345 1335 2382 M
1163 2326 1795 2443 halb, für hochgenannt nin 6
1154 2403 1802 2506 herren khertt, da Ir g. Jnn
1173 2461 1814 2570 alhie Iun der Innstll einzit
1812 358 2451 506 laung artzuen lassen, doch siche er
1829 416 2485 562 nit volkhommenlich des schadens
1823 489 2495 645 geheylet worden, dann dz er noch
1832 550 2524 719 yderhar zu Bürren deren biderblüt
1832 587 2544 768 umb stür anruffen unnd sans schaten
1836 693 2498 831 mitt arzuyen wyteren costen haben
1842 765 2544 881 müssen unnd deßhalb von armurt
1852 817 2547 940 wägen, sin befrouw nitt khönen
1854 876 2543 1007 hallten, wie sy aber villich begar
1865 946 2543 1073 hab sy ein enwillen ab ime e
1876 1017 2535 1136 fassert, vnnd sich Irs heyen zags
1881 1088 2496 1204 gegäben, in ouch mitt wortten
1884 1154 2496 1263 angezäpfft, vnnd angezogen, wie
1883 1225 2539 1329 sy vernommen, das e er zu dern
1899 1274 2544 1387 mitt der kiechen junpkfrauwe
1810 1339 2552 1456 gnsell gefällt, sya geschweupertt, vnnd
1903 1405 2524 1527 in Ee brochen, sye er nach
1892 1476 2558 1584 allein langem anhalten, durch sy an
1835 1552 2571 1665 zur beschächen, desselbigen zu Bürrenn
1913 1621 2581 1732 amn corgricht, bekhantlich worden,
1909 1678 2568 1797 vnnd gesprochen er habe dasselbig
1912 1760 2583 1876 gehan, doch vornacher by niemands
1916 1823 2596 1926 sich diser gethat berümmpt hierumb
1917 1885 2540 1990 s beyde verschiner tagen, alhar
1921 1951 2602 2058 fur nun g. Herren des Corgrichs
1930 2015 2603 2123 bescheyden, vnnd erschinen, daselbst
1939 2078 2622 2194 er sich ouch angezeygter Bebruchlicher
1942 2160 2488 2268 hatt, waar sin erkhennt
1945 2224 2617 2338 doch als Im die Siechen Jungk¬
1947 2291 2623 2392 frouw am eegricht fürgestellt
1957 2365 2550 2461 hab er das, deß er sich gegen
1971 2427 2588 2523 iner befrouwen, einschlossen
