<?xml version="1.0" encoding="UTF-8" standalone="yes"?>
<PcGts xmlns="http://schema.primaresearch.org/PAGE/gts/pagecontent/2013-07-15" xmlns:xsi="http://www.w3.org/2001/XMLSchema-instance" xsi:schemaLocation="http://schema.primaresearch.org/PAGE/gts/pagecontent/2013-07-15 http://schema.primaresearch.org/PAGE/gts/pagecontent/2013-07-15/pagecontent.xsd">
    <Metadata>
        <Creator>prov=University of Rostock/Institute of Mathematics/CITlab|PLANET AI GmbH/Gundram Leifert/gundram.leifert@planet-ai.de:name=German_Kurrent_XVI-XVIII_M1(htr_id=19584)::::v=2.6.7
prov=University of Rostock/Institute of Mathematics/CITlab|PLANET AI GmbH/Tobias Gruening/tobias.gruening@planet-ai.de:name=de.uros.citlab.module.baseline2polygon.B2PSeamMultiOriented:v=2.6.7
prov=University of Rostock/Institute of Mathematics/CITlab|PLANET AI GmbH/Tobias Gruening/tobias.gruening@planet-ai.de:name=/net_tf/LA73_249_0mod360.pb:de.uros.citlab.segmentation.CITlab_LA_ML:v=2.6.7
Transkribus</Creator>
        <Created>2021-08-09T22:34:20.653+02:00</Created>
        <LastChange>2023-05-02T12:04:17.245+02:00</LastChange>
        <TranskribusMetadata docId="1349230" pageId="52966553" pageNr="49" tsid="120616734" status="IN_PROGRESS" userId="42748" imgUrl="https://files.transkribus.eu/Get?id=BRYBPFSNPXMLCFDKJOEOYIVU&amp;fileType=view" xmlUrl="https://files.transkribus.eu/Get?id=GIWOBXSDYCBTNHGOZWOKDOKH" imageId="22030193"/>
    </Metadata>
    <Page imageFilename="Foto 23.07.21, 9 44 18 AM.jpg" imageWidth="4032" imageHeight="3024">
        <ReadingOrder>
            <OrderedGroup id="ro_1687513514721" caption="Regions reading order">
                <RegionRefIndexed index="0" regionRef="TextRegion_1683021845785_1292"/>
                <RegionRefIndexed index="1" regionRef="region_1677576960277_1228"/>
                <RegionRefIndexed index="2" regionRef="TextRegion_1683021851655_1296"/>
            </OrderedGroup>
        </ReadingOrder>
        <TextRegion orientation="0.0" type="paragraph" id="TextRegion_1683021845785_1292" custom="readingOrder {index:0;} structure {type:paragraph;}">
            <Coords points="981,268 1791,269 1804,2615 1060,2622 1005,987"/>
            <TextLine id="r1l12" custom="readingOrder {index:0;}">
                <Coords points="1109,1071 1263,1116 1321,1091 1378,1089 1401,1110 1468,1085 1726,1123 1728,1041 1675,1013 1499,1064 1420,1004 1325,1025 1262,993 1177,1007 1112,989"/>
                <Baseline points="1119,1076 1148,1076 1178,1077 1208,1077 1238,1077 1268,1079 1298,1079 1327,1080 1357,1081 1387,1082 1417,1083 1447,1084 1477,1085 1507,1086 1536,1087 1566,1088 1596,1088 1626,1089 1656,1090 1686,1091 1716,1091"/>
                <TextEquiv>
                    <Unicode>Zum zwolfftenn, als des</Unicode>
                </TextEquiv>
            </TextLine>
            <TextLine id="r1l13" custom="readingOrder {index:1;}">
                <Coords points="1114,1153 1505,1146 1641,1182 1683,1148 1755,1152 1756,1114 1667,1122 1628,1099 1571,1125 1495,1090 1397,1109 1349,1087 1312,1115 1260,1114 1114,1071"/>
                <Baseline points="1124,1142 1155,1140 1186,1139 1217,1139 1248,1139 1279,1139 1310,1139 1341,1140 1372,1141 1403,1142 1434,1143 1465,1144 1496,1145 1527,1145 1558,1146 1589,1146 1620,1146 1651,1145 1682,1143 1713,1140 1745,1137"/>
                <TextEquiv>
                    <Unicode>Sonnstags als nun herren</Unicode>
                </TextEquiv>
            </TextLine>
            <TextLine id="r1l14" custom="readingOrder {index:2;}">
                <Coords points="1112,1198 1164,1219 1338,1208 1362,1233 1390,1207 1437,1210 1474,1243 1629,1203 1711,1229 1731,1225 1733,1145 1638,1183 1536,1149 1443,1166 1414,1147 1369,1171 1283,1139 1112,1158"/>
                <Baseline points="1122,1193 1152,1194 1182,1196 1212,1197 1242,1199 1272,1200 1302,1200 1332,1202 1362,1202 1392,1202 1422,1203 1452,1203 1482,1203 1512,1203 1542,1203 1572,1205 1602,1205 1632,1205 1662,1205 1692,1205 1722,1205"/>
                <TextEquiv>
                    <Unicode>ire urnheil geben und sy</Unicode>
                </TextEquiv>
            </TextLine>
            <TextLine id="r1l15" custom="readingOrder {index:3;} place {offset:21; length:4; continued:true;}">
                <Coords points="1105,1273 1280,1259 1429,1302 1484,1265 1771,1279 1772,1219 1714,1232 1694,1211 1566,1209 1477,1245 1437,1210 1369,1231 1339,1206 1190,1237 1107,1197"/>
                <Baseline points="1116,1253 1148,1254 1180,1256 1212,1257 1245,1257 1277,1259 1309,1259 1341,1260 1374,1260 1406,1260 1438,1262 1470,1262 1503,1262 1535,1263 1567,1263 1599,1265 1632,1265 1664,1266 1696,1266 1728,1268 1761,1268"/>
                <TextEquiv>
                    <Unicode>die weybel in an die nue¬</Unicode>
                </TextEquiv>
            </TextLine>
            <TextLine id="r1l16" custom="readingOrder {index:4;} place {offset:0; length:5; continued:true;}">
                <Coords points="1112,1323 1214,1347 1280,1324 1316,1348 1334,1330 1404,1342 1439,1314 1563,1346 1635,1317 1780,1337 1780,1279 1748,1275 1623,1286 1557,1260 1370,1298 1330,1268 1284,1297 1198,1255 1112,1271"/>
                <Baseline points="1122,1313 1154,1314 1186,1316 1219,1316 1251,1317 1284,1317 1316,1317 1348,1317 1381,1317 1413,1317 1446,1317 1478,1317 1510,1317 1543,1317 1575,1317 1608,1317 1640,1317 1672,1317 1705,1317 1737,1317 1770,1317"/>
                <TextEquiv>
                    <Unicode>brugg gfùrt und in wellen</Unicode>
                </TextEquiv>
            </TextLine>
            <TextLine id="r1l17" custom="readingOrder {index:5;}">
                <Coords points="1112,1408 1186,1378 1451,1415 1585,1381 1634,1405 1684,1382 1762,1398 1762,1346 1642,1350 1609,1326 1563,1347 1439,1313 1397,1343 1339,1329 1315,1352 1284,1334 1188,1356 1112,1336"/>
                <Baseline points="1122,1373 1153,1374 1185,1375 1216,1377 1248,1377 1279,1377 1311,1377 1342,1379 1374,1377 1405,1377 1437,1377 1468,1377 1500,1376 1531,1376 1563,1376 1594,1374 1626,1374 1657,1374 1689,1374 1720,1374 1752,1374"/>
                <TextEquiv>
                    <Unicode>In die Gfencknus leggenn</Unicode>
                </TextEquiv>
            </TextLine>
            <TextLine id="r1l18" custom="readingOrder {index:6;}">
                <Coords points="1111,1449 1156,1466 1236,1445 1292,1484 1396,1447 1475,1450 1517,1478 1551,1447 1747,1447 1771,1438 1771,1404 1684,1383 1572,1411 1512,1397 1398,1417 1283,1388 1241,1413 1111,1406"/>
                <Baseline points="1121,1439 1153,1439 1185,1440 1217,1440 1249,1440 1281,1442 1313,1442 1345,1442 1377,1442 1409,1440 1441,1440 1473,1440 1505,1439 1537,1439 1569,1437 1601,1437 1633,1436 1665,1434 1697,1434 1729,1433 1761,1431"/>
                <TextEquiv>
                    <Unicode>das er gschworen gots Lidenn</Unicode>
                </TextEquiv>
            </TextLine>
            <TextLine id="r1l19" custom="readingOrder {index:7;}">
                <Coords points="1124,1514 1246,1497 1284,1527 1503,1504 1539,1530 1597,1509 1628,1535 1744,1499 1743,1438 1679,1463 1547,1452 1521,1478 1475,1452 1425,1478 1334,1479 1294,1441 1216,1460 1188,1444 1156,1466 1124,1448"/>
                <Baseline points="1134,1497 1164,1497 1194,1498 1224,1499 1254,1499 1284,1499 1314,1499 1344,1499 1374,1499 1404,1499 1434,1499 1464,1499 1494,1499 1524,1499 1554,1499 1584,1497 1614,1497 1644,1496 1674,1495 1704,1494 1734,1493"/>
                <TextEquiv>
                    <Unicode>und feramen, Ir hannd</Unicode>
                </TextEquiv>
            </TextLine>
            <TextLine id="r1l20" custom="readingOrder {index:8;} place {offset:7; length:11;}">
                <Coords points="1118,1565 1346,1567 1433,1600 1501,1569 1756,1574 1755,1520 1711,1509 1679,1535 1625,1534 1597,1508 1499,1537 1456,1507 1410,1526 1378,1504 1284,1527 1173,1508 1117,1529"/>
                <Baseline points="1127,1556 1157,1557 1188,1559 1219,1559 1250,1560 1281,1560 1312,1560 1343,1560 1374,1560 1405,1560 1436,1560 1466,1560 1497,1559 1528,1559 1559,1557 1590,1557 1621,1556 1652,1554 1683,1554 1714,1551 1745,1550"/>
                <TextEquiv>
                    <Unicode>mir zu Wifflishung in das</Unicode>
                </TextEquiv>
            </TextLine>
            <TextLine id="r1l21" custom="readingOrder {index:9;}">
                <Coords points="1117,1639 1173,1632 1220,1663 1278,1630 1318,1662 1364,1627 1394,1645 1534,1625 1605,1658 1659,1655 1703,1618 1769,1641 1768,1561 1522,1591 1467,1568 1440,1596 1375,1595 1347,1567 1305,1564 1263,1597 1206,1563 1116,1565"/>
                <Baseline points="1127,1619 1158,1619 1190,1619 1221,1619 1253,1619 1284,1619 1316,1620 1347,1620 1379,1619 1410,1619 1442,1619 1474,1619 1505,1618 1537,1617 1568,1617 1600,1615 1631,1614 1663,1613 1694,1612 1726,1610 1758,1608"/>
                <TextEquiv>
                    <Unicode>zugseytt, ir werden mich ni</Unicode>
                </TextEquiv>
            </TextLine>
            <TextLine id="r1l22" custom="readingOrder {index:10;}">
                <Coords points="1119,1691 1291,1682 1356,1714 1444,1683 1550,1717 1602,1688 1789,1677 1789,1645 1732,1635 1604,1664 1528,1635 1422,1665 1317,1662 1283,1630 1233,1663 1173,1633 1119,1639"/>
                <Baseline points="1128,1682 1160,1682 1193,1681 1225,1682 1258,1682 1290,1682 1323,1682 1355,1683 1388,1683 1420,1683 1453,1683 1485,1685 1518,1685 1550,1683 1583,1683 1615,1683 1648,1682 1680,1679 1713,1678 1745,1675 1778,1671"/>
                <TextEquiv>
                    <Unicode>darin bringen als in aber der</Unicode>
                </TextEquiv>
            </TextLine>
            <TextLine id="r1l23" custom="readingOrder {index:11;}">
                <Coords points="1132,1740 1320,1747 1384,1774 1529,1760 1563,1784 1631,1735 1663,1767 1804,1745 1804,1683 1782,1677 1519,1718 1445,1682 1314,1719 1132,1686"/>
                <Baseline points="1142,1734 1174,1734 1207,1734 1239,1734 1272,1736 1304,1736 1337,1737 1369,1738 1402,1739 1434,1740 1467,1740 1500,1741 1532,1742 1565,1742 1597,1742 1630,1740 1662,1740 1695,1737 1727,1736 1760,1734 1793,1730"/>
                <TextEquiv>
                    <Unicode>weybel understanden in gefenck,</Unicode>
                </TextEquiv>
            </TextLine>
            <TextLine id="r1l24" custom="readingOrder {index:12;}">
                <Coords points="1141,1806 1235,1841 1302,1802 1342,1828 1372,1804 1422,1843 1514,1812 1602,1837 1641,1816 1684,1842 1711,1817 1787,1810 1788,1739 1663,1766 1630,1735 1579,1779 1529,1760 1348,1774 1192,1736 1142,1757"/>
                <Baseline points="1151,1791 1182,1791 1213,1793 1245,1794 1276,1796 1307,1796 1339,1797 1370,1799 1401,1800 1433,1800 1464,1802 1495,1802 1527,1803 1558,1803 1589,1803 1621,1802 1652,1802 1683,1800 1715,1798 1746,1797 1778,1794"/>
                <TextEquiv>
                    <Unicode>mus zeleggen, hab er wicher zu</Unicode>
                </TextEquiv>
            </TextLine>
            <TextLine id="r1l25" custom="readingOrder {index:13;}">
                <Coords points="1124,1875 1323,1870 1359,1900 1393,1872 1485,1881 1523,1855 1696,1878 1794,1859 1794,1821 1702,1836 1643,1812 1571,1839 1471,1819 1419,1841 1380,1808 1344,1826 1298,1804 1236,1840 1124,1795"/>
                <Baseline points="1134,1854 1166,1856 1199,1857 1231,1859 1264,1860 1296,1862 1329,1862 1361,1863 1394,1863 1426,1863 1459,1863 1491,1863 1524,1862 1556,1862 1589,1861 1621,1860 1654,1858 1686,1856 1719,1854 1751,1853 1784,1850"/>
                <TextEquiv>
                    <Unicode>Im vsprochen, gots vaerament</Unicode>
                </TextEquiv>
            </TextLine>
            <TextLine id="r1l26" custom="readingOrder {index:14;}">
                <Coords points="1114,1944 1145,1921 1298,1936 1402,1914 1469,1955 1615,1918 1663,1960 1729,1913 1792,1945 1791,1861 1633,1882 1420,1869 1360,1900 1231,1861 1149,1889 1113,1870"/>
                <Baseline points="1124,1911 1156,1913 1189,1914 1222,1914 1255,1916 1288,1917 1321,1917 1353,1918 1386,1919 1419,1919 1452,1919 1485,1919 1518,1919 1551,1917 1583,1916 1616,1916 1649,1914 1682,1912 1715,1910 1748,1907 1781,1904"/>
                <TextEquiv>
                    <Unicode>und lid schend zu hast mich</Unicode>
                </TextEquiv>
            </TextLine>
            <TextLine id="r1l27" custom="readingOrder {index:15;}">
                <Coords points="1136,2000 1228,2000 1278,1974 1314,2006 1423,1997 1457,2021 1483,1995 1551,2009 1619,1975 1786,1974 1786,1940 1727,1914 1663,1956 1605,1922 1457,1959 1402,1913 1226,1950 1136,1922"/>
                <Baseline points="1145,1968 1176,1968 1208,1970 1239,1970 1271,1971 1302,1973 1334,1974 1365,1975 1397,1977 1428,1977 1460,1979 1491,1979 1523,1979 1554,1979 1586,1977 1617,1976 1649,1974 1680,1971 1712,1967 1743,1962 1775,1956"/>
                <TextEquiv>
                    <Unicode>hie min Inzuleggen, vnd zn den</Unicode>
                </TextEquiv>
            </TextLine>
            <TextLine id="r1l28" custom="readingOrder {index:16;}">
                <Coords points="1126,2053 1158,2032 1385,2038 1442,2071 1533,2042 1563,2062 1657,2039 1681,2060 1722,2036 1760,2053 1786,2043 1787,1973 1644,1989 1626,1973 1553,2016 1487,1995 1357,2014 1293,1985 1126,1995"/>
                <Baseline points="1137,2022 1170,2024 1204,2025 1237,2028 1271,2030 1305,2031 1338,2033 1372,2034 1406,2036 1439,2037 1473,2037 1506,2039 1540,2039 1574,2039 1607,2037 1641,2036 1675,2033 1708,2032 1742,2028 1776,2024"/>
                <TextEquiv>
                    <Unicode>weybel an kopf mit der funst</Unicode>
                </TextEquiv>
            </TextLine>
            <TextLine id="r1l29" custom="readingOrder {index:17;}">
                <Coords points="1153,2117 1354,2088 1427,2125 1538,2101 1684,2135 1745,2110 1780,2131 1781,2062 1711,2037 1679,2063 1653,2040 1540,2077 1491,2052 1450,2072 1350,2052 1308,2068 1264,2041 1154,2033"/>
                <Baseline points="1163,2082 1193,2083 1223,2084 1254,2085 1284,2086 1315,2088 1345,2090 1376,2091 1406,2093 1437,2094 1467,2096 1497,2096 1528,2097 1558,2097 1589,2097 1619,2097 1650,2096 1680,2093 1711,2090 1741,2087 1772,2082"/>
                <TextEquiv>
                    <Unicode>schlachen wollen, daruff er</Unicode>
                </TextEquiv>
            </TextLine>
            <TextLine id="r1l30" custom="readingOrder {index:18;}">
                <Coords points="1162,2161 1365,2154 1396,2181 1471,2169 1526,2197 1566,2161 1619,2191 1762,2149 1763,2118 1685,2136 1607,2106 1557,2119 1527,2104 1484,2131 1339,2089 1252,2119 1164,2109"/>
                <Baseline points="1172,2139 1201,2139 1230,2141 1259,2142 1288,2144 1317,2145 1346,2148 1375,2150 1404,2152 1433,2154 1462,2154 1491,2156 1520,2157 1549,2157 1578,2157 1607,2157 1636,2156 1665,2154 1694,2152 1723,2150 1752,2145"/>
                <TextEquiv>
                    <Unicode>geanttwurt er hab gredt</Unicode>
                </TextEquiv>
            </TextLine>
            <TextLine id="r1l31" custom="readingOrder {index:19;}">
                <Coords points="1165,2207 1214,2200 1277,2226 1304,2210 1349,2237 1386,2206 1452,2232 1516,2217 1548,2248 1574,2227 1628,2246 1709,2214 1791,2220 1792,2162 1763,2151 1617,2192 1568,2162 1541,2186 1517,2167 1447,2188 1365,2155 1166,2163"/>
                <Baseline points="1176,2195 1206,2195 1236,2195 1266,2195 1297,2197 1327,2198 1357,2200 1388,2202 1418,2204 1448,2206 1479,2207 1509,2209 1539,2210 1569,2211 1600,2211 1630,2211 1660,2210 1691,2208 1721,2206 1751,2202 1782,2198"/>
                <TextEquiv>
                    <Unicode>u haben im nin fürgeben</Unicode>
                </TextEquiv>
            </TextLine>
            <TextLine id="r1l32" custom="readingOrder {index:20;} place {offset:6; length:7;}">
                <Coords points="1147,2286 1288,2257 1333,2292 1404,2270 1442,2293 1472,2267 1498,2294 1670,2306 1760,2260 1746,2219 1615,2245 1498,2216 1439,2230 1388,2205 1353,2236 1309,2207 1259,2224 1181,2194 1149,2212"/>
                <Baseline points="1157,2256 1186,2255 1216,2253 1245,2253 1275,2254 1305,2255 1334,2256 1364,2258 1393,2259 1423,2262 1453,2262 1482,2265 1512,2266 1541,2267 1571,2267 1601,2267 1630,2267 1660,2266 1689,2264 1719,2261 1749,2256"/>
                <TextEquiv>
                    <Unicode>sy in inntegg welen hab</Unicode>
                </TextEquiv>
            </TextLine>
            <TextLine id="r1l33" custom="readingOrder {index:21;}">
                <Coords points="1160,2308 1238,2323 1269,2307 1399,2351 1440,2331 1469,2362 1520,2334 1544,2349 1625,2323 1658,2348 1684,2325 1712,2351 1754,2325 1755,2299 1714,2271 1677,2303 1628,2307 1498,2293 1473,2268 1426,2290 1403,2273 1365,2299 1295,2268 1268,2285 1202,2265 1162,2278"/>
                <Baseline points="1170,2301 1198,2304 1227,2307 1255,2309 1284,2312 1313,2315 1341,2317 1370,2319 1399,2321 1427,2323 1456,2325 1485,2326 1513,2327 1542,2328 1571,2328 1599,2328 1628,2328 1657,2328 1685,2328 1714,2327 1743,2325"/>
                <TextEquiv>
                    <Unicode>aber nit gschworen noch</Unicode>
                </TextEquiv>
            </TextLine>
            <TextLine id="r1l34" custom="readingOrder {index:22;}">
                <Coords points="1148,2381 1170,2394 1253,2363 1414,2408 1591,2396 1652,2433 1777,2382 1779,2330 1757,2319 1716,2349 1689,2326 1659,2349 1604,2324 1502,2366 1439,2333 1410,2352 1291,2333 1266,2309 1151,2317"/>
                <Baseline points="1158,2361 1188,2363 1218,2364 1249,2367 1279,2370 1310,2372 1340,2374 1371,2377 1401,2379 1432,2381 1462,2382 1492,2385 1523,2386 1553,2387 1584,2388 1614,2388 1645,2387 1675,2387 1706,2385 1736,2384 1767,2381"/>
                <TextEquiv>
                    <Unicode>den werel mit der sunst</Unicode>
                </TextEquiv>
            </TextLine>
            <TextLine id="r1l35" custom="readingOrder {index:23;}">
                <Coords points="1173,2457 1244,2451 1285,2465 1338,2440 1395,2462 1424,2452 1436,2468 1497,2465 1525,2490 1539,2487 1546,2414 1504,2414 1471,2394 1416,2409 1403,2398 1368,2403 1344,2380 1287,2389 1255,2364 1221,2377 1182,2363"/>
                <Baseline points="1188,2415 1214,2417 1241,2419 1267,2421 1294,2423 1320,2425 1347,2427 1373,2431 1400,2433 1426,2436 1453,2439 1479,2442 1506,2444 1533,2447"/>
                <TextEquiv>
                    <Unicode>schlachen wollen</Unicode>
                </TextEquiv>
            </TextLine>
            <TextLine id="r1l36" custom="readingOrder {index:24;}">
                <Coords points="1143,2565 1195,2574 1245,2551 1329,2583 1373,2559 1445,2590 1511,2564 1537,2594 1585,2599 1659,2573 1682,2597 1780,2607 1784,2500 1611,2534 1579,2504 1542,2524 1455,2498 1413,2461 1372,2477 1347,2457 1150,2459"/>
                <Baseline points="1155,2522 1185,2523 1216,2526 1247,2528 1278,2530 1309,2533 1340,2536 1371,2539 1402,2542 1433,2545 1464,2547 1494,2550 1525,2551 1556,2553 1587,2555 1618,2556 1649,2556 1680,2556 1711,2556 1742,2555 1773,2552"/>
                <TextEquiv>
                    <Unicode>zum beyfechenden, das er nach</Unicode>
                </TextEquiv>
            </TextLine>
            <TextLine id="r1l1" custom="readingOrder {index:25;}">
                <Coords points="1129,342 1181,348 1217,386 1325,356 1424,358 1546,420 1627,399 1679,408 1708,442 1742,425 1748,365 1567,285 1451,295 1404,267 1347,304 1293,267 1176,285 1138,265"/>
                <Baseline points="1140,339 1169,342 1199,342 1228,345 1258,346 1288,348 1317,350 1347,350 1377,352 1406,355 1436,356 1466,359 1495,363 1525,366 1555,370 1584,375 1614,381 1644,388 1673,395 1703,404 1733,413"/>
                <TextEquiv>
                    <Unicode>liden Saeramen schenden</Unicode>
                </TextEquiv>
            </TextLine>
            <TextLine id="r1l2" custom="readingOrder {index:26;}">
                <Coords points="1083,421 1259,407 1289,433 1459,427 1489,450 1532,433 1649,491 1719,468 1721,438 1670,404 1552,413 1357,358 1235,385 1173,347 1088,353"/>
                <Baseline points="1094,411 1124,411 1155,410 1186,410 1217,410 1247,410 1278,411 1309,412 1340,414 1370,416 1401,419 1432,420 1463,424 1493,427 1524,431 1555,435 1586,440 1616,445 1647,450 1678,456 1709,462"/>
                <TextEquiv>
                    <Unicode>kone nit darin ur das im</Unicode>
                </TextEquiv>
            </TextLine>
            <TextLine id="r1l3" custom="readingOrder {index:27;}">
                <Coords points="1125,481 1186,497 1231,475 1251,493 1463,484 1741,553 1748,475 1646,490 1578,449 1443,444 1421,462 1371,421 1185,448 1131,421"/>
                <Baseline points="1137,471 1166,471 1196,471 1226,471 1256,471 1286,472 1316,473 1345,474 1375,476 1405,478 1435,481 1465,483 1495,487 1525,490 1554,494 1584,499 1614,504 1644,510 1674,515 1704,523 1734,530"/>
                <TextEquiv>
                    <Unicode>der weybel wantwurt und</Unicode>
                </TextEquiv>
            </TextLine>
            <TextLine id="r1l4" custom="readingOrder {index:28;}">
                <Coords points="1130,560 1157,551 1211,584 1251,562 1287,587 1364,556 1394,585 1444,564 1476,588 1537,555 1647,595 1744,585 1746,555 1674,528 1589,536 1466,485 1371,513 1303,479 1258,496 1219,477 1134,506"/>
                <Baseline points="1142,537 1171,539 1201,539 1230,539 1260,540 1289,540 1319,540 1348,542 1378,543 1407,543 1437,546 1467,546 1496,549 1526,552 1555,554 1585,558 1614,563 1644,568 1673,573 1703,579 1733,587"/>
                <TextEquiv>
                    <Unicode>er solichs mit thun, wole es</Unicode>
                </TextEquiv>
            </TextLine>
            <TextLine id="r1l5" custom="readingOrder {index:29;}">
                <Coords points="1123,612 1224,637 1253,615 1301,648 1470,618 1540,661 1654,636 1755,663 1759,595 1598,599 1538,557 1478,595 1429,572 1396,586 1357,557 1287,587 1251,562 1213,580 1126,564"/>
                <Baseline points="1134,600 1164,602 1195,605 1225,606 1256,606 1287,608 1317,609 1348,609 1378,611 1409,612 1440,614 1470,615 1501,616 1531,619 1562,621 1593,624 1623,627 1654,631 1684,636 1715,641 1746,647"/>
                <TextEquiv>
                    <Unicode>minsen herrn anzeigen, daruf</Unicode>
                </TextEquiv>
            </TextLine>
            <TextLine id="r1l6" custom="readingOrder {index:30;}">
                <Coords points="1111,704 1218,680 1243,703 1273,679 1496,703 1523,688 1701,750 1745,739 1750,659 1639,673 1584,645 1208,651 1166,612 1115,628"/>
                <Baseline points="1122,674 1152,674 1183,674 1214,674 1244,675 1275,675 1306,675 1336,676 1367,677 1398,678 1429,679 1459,680 1490,682 1521,684 1551,687 1582,690 1613,693 1643,697 1674,701 1705,707 1736,711"/>
                <TextEquiv>
                    <Unicode>fr geantwirt, er mog sich</Unicode>
                </TextEquiv>
            </TextLine>
            <TextLine id="r1l7" custom="readingOrder {index:31;}">
                <Coords points="1144,762 1245,750 1343,787 1385,752 1408,769 1442,743 1514,778 1634,755 1701,780 1725,775 1727,747 1621,728 1564,694 1319,693 1244,716 1213,691 1147,686"/>
                <Baseline points="1155,746 1183,744 1211,743 1239,743 1267,741 1295,741 1323,741 1351,741 1379,741 1407,743 1435,744 1463,744 1491,746 1519,749 1547,751 1575,753 1603,756 1631,759 1659,763 1687,765 1716,770"/>
                <TextEquiv>
                    <Unicode>solachs gehan haben iit</Unicode>
                </TextEquiv>
            </TextLine>
            <TextLine id="r1l8" custom="readingOrder {index:32;}">
                <Coords points="1129,832 1363,809 1438,851 1467,825 1538,820 1580,848 1637,831 1687,850 1731,842 1735,770 1669,797 1614,772 1579,794 1519,791 1441,743 1342,786 1246,749 1132,774"/>
                <Baseline points="1140,804 1169,804 1198,804 1227,804 1256,806 1285,806 1314,806 1343,807 1372,807 1401,809 1430,810 1459,812 1488,814 1517,816 1546,816 1575,819 1604,822 1633,824 1662,828 1691,831 1721,834"/>
                <TextEquiv>
                    <Unicode>eriuer besumen, de fr</Unicode>
                </TextEquiv>
            </TextLine>
            <TextLine id="r1l9" custom="readingOrder {index:33;}">
                <Coords points="1102,875 1155,896 1285,867 1411,883 1481,927 1577,887 1671,936 1749,937 1754,839 1631,856 1512,822 1443,843 1374,813 1342,838 1289,811 1103,847"/>
                <Baseline points="1113,867 1144,867 1175,867 1207,869 1238,869 1270,869 1301,870 1333,870 1364,872 1396,873 1427,875 1458,876 1490,877 1521,879 1553,881 1584,884 1616,887 1647,888 1679,891 1710,894 1742,897"/>
                <TextEquiv>
                    <Unicode>Inneren, doch wel er sich</Unicode>
                </TextEquiv>
            </TextLine>
            <TextLine id="r1l10" custom="readingOrder {index:34;}">
                <Coords points="1128,954 1150,956 1174,976 1212,976 1260,939 1329,971 1353,955 1403,957 1427,947 1427,887 1380,879 1362,889 1342,875 1304,879 1286,867 1252,887 1202,871 1168,894 1128,888"/>
                <Baseline points="1137,932 1162,933 1187,935 1213,935 1238,935 1263,934 1289,933 1314,933 1339,933 1365,933 1390,933 1416,935"/>
                <TextEquiv>
                    <Unicode>baß besemen</Unicode>
                </TextEquiv>
            </TextLine>
            <TextEquiv>
                <Unicode>Zum zwolfftenn, als des
Sonnstags als nun herren
ire urnheil geben und sy
die weybel in an die nue¬
brugg gfùrt und in wellen
In die Gfencknus leggenn
das er gschworen gots Lidenn
und feramen, Ir hannd
mir zu Wifflishung in das
zugseytt, ir werden mich ni
darin bringen als in aber der
weybel understanden in gefenck,
mus zeleggen, hab er wicher zu
Im vsprochen, gots vaerament
und lid schend zu hast mich
hie min Inzuleggen, vnd zn den
weybel an kopf mit der funst
schlachen wollen, daruff er
geanttwurt er hab gredt
u haben im nin fürgeben
sy in inntegg welen hab
aber nit gschworen noch
den werel mit der sunst
schlachen wollen
zum beyfechenden, das er nach
liden Saeramen schenden
kone nit darin ur das im
der weybel wantwurt und
er solichs mit thun, wole es
minsen herrn anzeigen, daruf
fr geantwirt, er mog sich
solachs gehan haben iit
eriuer besumen, de fr
Inneren, doch wel er sich
baß besemen</Unicode>
            </TextEquiv>
        </TextRegion>
        <TextRegion type="page-number" id="region_1677576960277_1228" custom="readingOrder {index:1;} structure {type:page-number;}">
            <Coords points="2571,290 2433,290 2433,136 2571,136"/>
            <TextLine id="r2l1" custom="readingOrder {index:0;}">
                <Coords points="2470,274 2491,274 2510,289 2527,281 2536,282 2543,275 2555,274 2549,212 2539,213 2534,220 2524,223 2518,219 2507,232 2498,227 2487,232 2479,241 2467,240"/>
                <Baseline points="2480,263 2511,263 2543,257"/>
                <TextEquiv>
                    <Unicode></Unicode>
                </TextEquiv>
            </TextLine>
            <TextEquiv>
                <Unicode></Unicode>
            </TextEquiv>
        </TextRegion>
        <TextRegion orientation="0.0" type="paragraph" id="TextRegion_1683021851655_1296" custom="readingOrder {index:2;}">
            <Coords points="1806,238 2631,237 2631,1817 2631,2583 1853,2583 1837,1817 1814,662"/>
            <TextLine id="r2l2" custom="readingOrder {index:0;}">
                <Coords points="2292,304 2306,303 2309,298 2322,303 2335,293 2348,300 2368,298 2361,236 2331,237 2318,249 2308,244 2299,253 2287,254"/>
                <Baseline points="2300,287 2328,283 2357,281"/>
                <TextEquiv>
                    <Unicode>4</Unicode>
                </TextEquiv>
            </TextLine>
            <TextLine id="r2l3" custom="readingOrder {index:1;}">
                <Coords points="1845,407 1928,389 1971,409 2037,352 2105,344 2164,368 2247,334 2319,366 2361,326 2521,332 2514,268 2288,305 2257,284 2203,303 2163,275 2101,317 2058,291 1837,337"/>
                <Baseline points="1854,396 1886,384 1919,375 1951,367 1984,359 2017,353 2049,348 2082,343 2115,340 2147,338 2180,335 2213,332 2245,329 2278,327 2311,324 2343,321 2376,320 2409,317 2441,312 2474,308 2507,302"/>
                <TextEquiv>
                    <Unicode>der erst durch nun g herrn</Unicode>
                </TextEquiv>
            </TextLine>
            <TextLine id="r2l4" custom="readingOrder {index:2;}">
                <Coords points="1860,446 1901,459 2029,417 2118,451 2183,403 2234,437 2298,391 2342,401 2455,368 2448,320 2430,318 2399,343 2364,327 2314,361 2240,333 2206,366 2076,349 2026,358 1976,404 1906,393 1856,412"/>
                <Baseline points="1872,452 1900,443 1929,436 1957,430 1986,425 2015,419 2043,414 2072,410 2101,406 2129,402 2158,398 2187,395 2215,392 2244,389 2273,386 2301,382 2330,379 2359,376 2387,372 2416,368 2445,365"/>
                <TextEquiv>
                    <Unicode>ubeer urtheil fürund</Unicode>
                </TextEquiv>
            </TextLine>
            <TextLine id="r2l5" custom="readingOrder {index:3;}">
                <Coords points="1845,531 2104,470 2156,496 2228,457 2261,481 2361,485 2387,453 2416,474 2503,456 2507,362 2356,382 2314,420 2275,410 2241,433 2107,409 1939,437 1889,480 1836,460"/>
                <Baseline points="1853,510 1885,503 1918,495 1950,489 1983,483 2015,479 2048,473 2080,469 2113,465 2145,462 2178,459 2211,456 2243,454 2276,451 2308,448 2341,443 2373,440 2406,436 2438,431 2471,426 2504,419"/>
                <TextEquiv>
                    <Unicode>für die angeregten schwür</Unicode>
                </TextEquiv>
            </TextLine>
            <TextLine id="r2l6" custom="readingOrder {index:4;}">
                <Coords points="1846,588 1912,557 1971,589 2049,536 2098,571 2181,569 2277,510 2491,492 2486,458 2409,472 2385,452 2367,475 2281,483 2208,462 2159,495 2112,472 2023,487 2006,510 1949,492 1841,550"/>
                <Baseline points="1854,569 1885,561 1916,556 1947,550 1979,543 2010,538 2041,534 2073,528 2104,525 2135,521 2167,516 2198,513 2229,510 2260,507 2292,504 2323,501 2354,498 2386,495 2417,493 2448,491 2480,488"/>
                <TextEquiv>
                    <Unicode>kouffen lassen, ist er it</Unicode>
                </TextEquiv>
            </TextLine>
            <TextLine id="r2l7" custom="readingOrder {index:5;}">
                <Coords points="1878,656 1935,627 1956,632 1968,622 1997,622 2038,643 2060,640 2074,625 2092,625 2079,535 2045,538 2028,559 1967,586 1912,558 1899,576 1867,578"/>
                <Baseline points="1884,624 1911,619 1939,613 1967,609 1994,605 2022,601 2050,599 2078,596"/>
                <TextEquiv>
                    <Unicode>bkainlich</Unicode>
                </TextEquiv>
            </TextLine>
            <TextLine id="r2l8" custom="readingOrder {index:6;}">
                <Coords points="1844,819 1891,825 1954,792 1984,812 2026,785 2071,817 2127,814 2229,756 2288,785 2318,761 2410,773 2482,750 2475,680 2210,685 2150,731 2106,699 2033,714 1997,697 1961,723 1833,707"/>
                <Baseline points="1853,807 1883,801 1914,796 1945,790 1976,786 2007,782 2038,778 2069,775 2100,773 2131,769 2162,767 2192,764 2223,763 2254,760 2285,758 2316,756 2347,753 2378,750 2409,748 2440,744 2471,741"/>
                <TextEquiv>
                    <Unicode>zum verzeihende, das ernstl</Unicode>
                </TextEquiv>
            </TextLine>
            <TextLine id="r2l9" custom="readingOrder {index:7;}">
                <Coords points="1855,883 1907,898 1964,854 2019,875 2203,823 2324,858 2488,807 2485,777 2356,757 2296,786 2229,756 2121,812 2027,797 1993,815 1961,796 1907,828 1848,823"/>
                <Baseline points="1863,866 1893,860 1924,854 1955,850 1985,846 2016,842 2047,838 2077,835 2108,833 2139,829 2170,826 2200,823 2231,821 2262,818 2292,816 2323,813 2354,810 2384,807 2415,804 2446,801 2477,798"/>
                <TextEquiv>
                    <Unicode>gred haben, als er gsact</Unicode>
                </TextEquiv>
            </TextLine>
            <TextLine id="r2l10" custom="readingOrder {index:8;}">
                <Coords points="1877,930 1962,934 2008,909 2128,917 2142,901 2200,918 2243,881 2276,892 2319,873 2385,905 2445,864 2491,862 2488,828 2444,816 2313,856 2205,822 2066,869 2049,856 2019,876 1988,852 1904,895 1873,886"/>
                <Baseline points="1887,923 1916,917 1946,911 1975,906 2005,902 2035,898 2064,894 2094,892 2124,889 2153,887 2183,884 2213,881 2242,879 2272,877 2302,874 2331,872 2361,870 2391,866 2420,862 2450,858 2480,854"/>
                <TextEquiv>
                    <Unicode>Welte got ds Ich den Mapor</Unicode>
                </TextEquiv>
            </TextLine>
            <TextLine id="r2l11" custom="readingOrder {index:9;}">
                <Coords points="1874,992 2009,966 2098,994 2135,963 2240,964 2257,946 2319,967 2431,933 2500,945 2516,939 2508,853 2384,906 2358,889 2180,921 2148,903 2010,909 1870,948"/>
                <Baseline points="1883,980 1914,976 1945,972 1976,967 2007,964 2038,960 2069,958 2100,954 2131,951 2162,948 2193,946 2224,943 2255,941 2286,939 2317,936 2348,934 2379,932 2410,929 2441,927 2472,926 2504,923"/>
                <TextEquiv>
                    <Unicode>embracht han wals er der</Unicode>
                </TextEquiv>
            </TextLine>
            <TextLine id="r2l12" custom="readingOrder {index:10;}">
                <Coords points="1875,1047 2000,1056 2047,1018 2098,1050 2128,1017 2369,1014 2414,994 2514,1008 2492,942 2450,963 2377,941 2255,973 2171,955 2082,993 2007,964 1903,1003 1871,995"/>
                <Baseline points="1884,1038 1914,1033 1945,1029 1976,1025 2007,1022 2038,1018 2069,1016 2100,1013 2131,1010 2162,1008 2193,1005 2223,1003 2254,1001 2285,999 2316,997 2347,995 2378,993 2409,992 2440,990 2471,987 2502,984"/>
                <TextEquiv>
                    <Unicode>nach fragt, das er dannt</Unicode>
                </TextEquiv>
            </TextLine>
            <TextLine id="r2l13" custom="readingOrder {index:11;}">
                <Coords points="1896,1143 1987,1102 2131,1115 2169,1073 2241,1064 2269,1080 2357,1059 2381,1077 2446,1055 2496,1081 2535,1065 2529,997 2460,1014 2410,996 2357,1029 2280,1004 2216,1034 2126,1016 2089,1052 2049,1020 1999,1059 1887,1049"/>
                <Baseline points="1901,1100 1932,1095 1963,1091 1994,1088 2025,1083 2056,1080 2087,1077 2118,1074 2149,1071 2180,1068 2212,1065 2243,1061 2274,1059 2305,1056 2336,1055 2367,1052 2398,1049 2429,1047 2460,1045 2491,1042 2523,1041"/>
                <TextEquiv>
                    <Unicode>sol ussgossen haben, Begor</Unicode>
                </TextEquiv>
            </TextLine>
            <TextLine id="r2l14" custom="readingOrder {index:12;}">
                <Coords points="1891,1197 2019,1137 2055,1157 2104,1135 2133,1156 2213,1138 2253,1171 2310,1127 2427,1157 2498,1113 2545,1118 2541,1066 2478,1081 2450,1059 2386,1083 2326,1057 2252,1095 2184,1071 2128,1114 2059,1098 1886,1125"/>
                <Baseline points="1899,1158 1930,1154 1962,1149 1994,1145 2026,1142 2057,1139 2089,1136 2121,1134 2153,1131 2184,1129 2216,1127 2248,1125 2280,1124 2311,1122 2343,1120 2375,1119 2407,1116 2438,1115 2470,1113 2502,1110 2534,1109"/>
                <TextEquiv>
                    <Unicode>wann mir derhscheliheiss</Unicode>
                </TextEquiv>
            </TextLine>
            <TextLine id="r2l15" custom="readingOrder {index:13;}">
                <Coords points="1905,1220 1969,1243 2002,1217 2063,1242 2157,1198 2250,1232 2275,1212 2371,1217 2412,1181 2574,1184 2572,1144 2509,1123 2426,1158 2318,1127 2280,1156 2212,1139 1964,1154 1904,1188"/>
                <Baseline points="1914,1209 1946,1205 1979,1201 2011,1199 2044,1196 2076,1194 2109,1191 2141,1191 2174,1190 2206,1188 2239,1187 2271,1187 2304,1185 2336,1184 2369,1183 2401,1181 2434,1179 2466,1176 2499,1173 2531,1169 2564,1164"/>
                <TextEquiv>
                    <Unicode>olichs gethan vnd erzeigt, welt</Unicode>
                </TextEquiv>
            </TextLine>
            <TextLine id="r2l16" custom="readingOrder {index:14;}">
                <Coords points="1876,1310 2012,1275 2074,1296 2106,1265 2215,1280 2268,1257 2324,1285 2372,1250 2398,1273 2432,1244 2455,1261 2512,1237 2510,1205 2402,1188 2317,1230 2275,1212 2146,1239 2040,1245 1998,1220 1968,1244 1918,1219 1871,1238"/>
                <Baseline points="1884,1275 1914,1272 1945,1270 1976,1268 2007,1265 2038,1263 2069,1262 2099,1260 2130,1258 2161,1257 2192,1254 2223,1253 2254,1251 2285,1250 2315,1248 2346,1246 2377,1243 2408,1241 2439,1237 2470,1235 2501,1230"/>
                <TextEquiv>
                    <Unicode>Ich in nit mnnd geharn</Unicode>
                </TextEquiv>
            </TextLine>
            <TextLine id="r2l17" custom="readingOrder {index:15;}">
                <Coords points="1897,1354 1946,1358 1983,1330 2044,1365 2155,1319 2279,1323 2323,1351 2382,1324 2427,1346 2493,1303 2491,1249 2434,1245 2398,1273 2370,1251 2334,1285 2303,1266 2256,1286 2232,1265 2211,1280 2120,1261 2075,1295 2046,1276 1894,1288"/>
                <Baseline points="1907,1331 1935,1326 1964,1323 1993,1320 2022,1319 2051,1316 2079,1315 2108,1314 2137,1313 2166,1311 2195,1310 2223,1310 2252,1308 2281,1307 2310,1307 2339,1305 2367,1304 2396,1302 2425,1300 2454,1299 2483,1296"/>
                <TextEquiv>
                    <Unicode>haben, sonders wie gedacht</Unicode>
                </TextEquiv>
            </TextLine>
            <TextLine id="r2l18" custom="readingOrder {index:16;} person {offset:0; length:5;}">
                <Coords points="1898,1401 1975,1416 2058,1384 2081,1405 2120,1377 2149,1402 2178,1385 2213,1401 2320,1360 2549,1368 2546,1314 2488,1303 2435,1335 2408,1316 2301,1343 2261,1317 2170,1345 2139,1322 2052,1354 1896,1361"/>
                <Baseline points="1908,1388 1939,1383 1970,1379 2002,1376 2033,1374 2065,1372 2096,1370 2128,1368 2159,1368 2191,1367 2222,1367 2253,1365 2285,1365 2316,1364 2348,1364 2379,1362 2411,1361 2442,1359 2474,1356 2505,1353 2537,1349"/>
                <TextEquiv>
                    <Unicode>ampar gechan haben, daruff</Unicode>
                </TextEquiv>
            </TextLine>
            <TextLine id="r2l19" custom="readingOrder {index:17;}">
                <Coords points="1912,1483 2040,1440 2110,1471 2154,1434 2271,1440 2296,1419 2340,1447 2407,1419 2492,1431 2489,1373 2389,1380 2327,1359 2239,1398 2178,1385 2149,1402 2119,1378 2081,1406 2057,1385 2028,1407 1909,1419"/>
                <Baseline points="1920,1443 1948,1439 1976,1436 2004,1435 2032,1433 2060,1430 2088,1428 2116,1428 2144,1425 2172,1425 2200,1424 2228,1422 2256,1421 2284,1421 2312,1419 2340,1418 2368,1417 2396,1415 2424,1413 2452,1412 2480,1409"/>
                <TextEquiv>
                    <Unicode>er angezeigt er sye des</Unicode>
                </TextEquiv>
            </TextLine>
            <TextLine id="r2l20" custom="readingOrder {index:18;}">
                <Coords points="1898,1510 1971,1527 2046,1499 2069,1514 2150,1500 2183,1528 2278,1485 2312,1509 2380,1472 2409,1494 2474,1473 2497,1486 2513,1483 2509,1421 2376,1426 2342,1446 2297,1417 2271,1441 2224,1430 2110,1467 2040,1441 1954,1484 1896,1486"/>
                <Baseline points="1908,1506 1937,1503 1967,1501 1997,1498 2026,1496 2056,1494 2086,1491 2115,1488 2145,1487 2175,1484 2205,1483 2234,1481 2264,1478 2294,1477 2323,1475 2353,1473 2383,1470 2412,1469 2442,1467 2472,1466 2502,1464"/>
                <TextEquiv>
                    <Unicode>im bkamnlich, hab aber wol</Unicode>
                </TextEquiv>
            </TextLine>
            <TextLine id="r2l21" custom="readingOrder {index:19;}">
                <Coords points="1916,1595 1992,1556 2118,1551 2196,1578 2302,1537 2472,1556 2539,1526 2562,1547 2590,1539 2584,1449 2489,1499 2383,1475 2310,1508 2207,1489 2112,1523 2031,1506 1911,1521"/>
                <Baseline points="1923,1557 1955,1556 1988,1554 2021,1552 2054,1549 2087,1547 2119,1546 2152,1544 2185,1541 2218,1539 2251,1537 2283,1536 2316,1533 2349,1530 2382,1529 2414,1527 2447,1524 2480,1523 2513,1521 2546,1518 2579,1517"/>
                <TextEquiv>
                    <Unicode>gredt wann inn einer angrife</Unicode>
                </TextEquiv>
            </TextLine>
            <TextLine id="r2l22" custom="readingOrder {index:20;}">
                <Coords points="1909,1624 2035,1623 2060,1602 2089,1625 2306,1615 2357,1588 2469,1617 2492,1595 2580,1593 2577,1543 2549,1534 2402,1562 2302,1537 2219,1574 2028,1555 1907,1588"/>
                <Baseline points="1917,1611 1949,1610 1982,1607 2014,1606 2047,1603 2080,1602 2112,1601 2145,1598 2178,1596 2210,1595 2243,1593 2276,1592 2308,1590 2341,1589 2374,1587 2406,1586 2439,1584 2472,1581 2504,1580 2537,1578 2570,1577"/>
                <TextEquiv>
                    <Unicode>wie der Odsl man in angegrit</Unicode>
                </TextEquiv>
            </TextLine>
            <TextLine id="r2l23" custom="readingOrder {index:21;}">
                <Coords points="1908,1674 2130,1656 2198,1689 2258,1653 2298,1687 2337,1664 2424,1684 2474,1660 2539,1682 2535,1584 2470,1616 2443,1595 2324,1628 2210,1604 2167,1630 2089,1625 2060,1602 1959,1642 1906,1634"/>
                <Baseline points="1917,1665 1947,1664 1977,1663 2008,1661 2038,1659 2069,1659 2099,1658 2130,1657 2160,1656 2191,1656 2221,1655 2251,1653 2282,1653 2312,1652 2343,1650 2373,1649 2404,1647 2434,1645 2465,1643 2495,1641 2526,1638"/>
                <TextEquiv>
                    <Unicode>vnd wann er in schon erstäche,</Unicode>
                </TextEquiv>
            </TextLine>
            <TextLine id="r2l24" custom="readingOrder {index:22;} person {offset:13; length:4;}">
                <Coords points="1917,1725 2049,1744 2076,1723 2224,1719 2261,1746 2361,1712 2509,1707 2507,1669 2361,1682 2339,1663 2295,1685 2258,1654 2219,1689 1916,1681"/>
                <Baseline points="1928,1718 1956,1718 1985,1717 2013,1716 2042,1716 2070,1715 2099,1713 2127,1713 2156,1713 2184,1712 2213,1710 2241,1710 2270,1709 2298,1707 2327,1706 2355,1704 2384,1703 2412,1701 2441,1700 2469,1698 2498,1697"/>
                <TextEquiv>
                    <Unicode>welt ers vor gott wer</Unicode>
                </TextEquiv>
            </TextLine>
            <TextLine id="r2l25" custom="readingOrder {index:23;}">
                <Coords points="1929,1788 1951,1779 1979,1797 2003,1780 2034,1792 2067,1777 2082,1791 2172,1781 2198,1807 2256,1785 2377,1801 2376,1745 2259,1743 2225,1720 2159,1739 2096,1726 2071,1749 1928,1738"/>
                <Baseline points="1938,1773 1963,1772 1988,1772 2013,1771 2038,1770 2063,1770 2089,1770 2114,1770 2139,1769 2164,1769 2189,1769 2214,1769 2240,1767 2265,1767 2290,1766 2315,1765 2340,1764 2366,1763"/>
                <TextEquiv>
                    <Unicode>antwurten habenn</Unicode>
                </TextEquiv>
            </TextLine>
            <TextLine id="line_1677577001461_1247" custom="readingOrder {index:24;}">
                <Coords points="1900,1836 1941,1824 2041,1850 2117,1817 2121,1817 2166,1857 2233,1840 2393,1861 2420,1843 2469,1867 2506,1842 2537,1848 2539,1894 2405,1914 2368,1894 2330,1932 2299,1917 2272,1942 2233,1928 2198,1950 2136,1918 2069,1947 1998,1916 1905,1954"/>
                <Baseline points="1913,1913 1943,1913 1974,1913 2005,1913 2036,1913 2066,1913 2097,1911 2128,1911 2159,1910 2189,1908 2220,1907 2251,1905 2282,1904 2312,1902 2343,1901 2374,1898 2405,1896 2435,1893 2466,1892 2497,1890 2528,1887"/>
                <TextEquiv>
                    <Unicode>zum Funffhechend, als er¬</Unicode>
                </TextEquiv>
            </TextLine>
            <TextLine id="r2l27" custom="readingOrder {index:25;}">
                <Coords points="1919,1995 2045,1978 2133,2006 2251,1961 2401,1994 2578,1954 2576,1910 2501,1926 2459,1895 2404,1914 2369,1893 2330,1931 2299,1918 2276,1940 2168,1946 2137,1918 2072,1947 2039,1920 1917,1935"/>
                <Baseline points="1929,1973 1960,1971 1992,1971 2024,1970 2056,1968 2088,1968 2120,1967 2152,1965 2184,1965 2216,1964 2248,1962 2279,1961 2311,1959 2343,1958 2375,1956 2407,1955 2439,1953 2471,1950 2503,1948 2535,1946 2567,1941"/>
                <TextEquiv>
                    <Unicode>In der gfencknus gschworen</Unicode>
                </TextEquiv>
            </TextLine>
            <TextLine id="r2l28" custom="readingOrder {index:26;}">
                <Coords points="1919,2048 2073,2036 2098,2059 2135,2029 2198,2042 2217,2025 2271,2049 2333,2019 2568,2004 2582,1967 2418,1987 2256,1967 2126,2004 2044,1977 1916,1996"/>
                <Baseline points="1928,2025 1960,2024 1992,2024 2024,2022 2057,2022 2089,2021 2121,2021 2153,2019 2186,2018 2218,2016 2250,2015 2282,2014 2315,2012 2347,2011 2379,2008 2411,2007 2444,2003 2476,2001 2508,1998 2540,1994 2573,1991"/>
                <TextEquiv>
                    <Unicode>gots liden und saramenn wann</Unicode>
                </TextEquiv>
            </TextLine>
            <TextLine id="r2l29" custom="readingOrder {index:27;}">
                <Coords points="1916,2110 1983,2084 2147,2079 2243,2101 2313,2069 2510,2069 2574,2053 2571,2007 2483,2006 2430,2033 2317,2024 2272,2049 2129,2030 2098,2060 1998,2035 1913,2062"/>
                <Baseline points="1925,2085 1958,2083 1992,2081 2025,2079 2059,2078 2093,2076 2126,2075 2160,2073 2194,2072 2227,2070 2261,2069 2294,2068 2328,2067 2362,2064 2395,2062 2429,2060 2463,2057 2496,2055 2530,2051 2564,2048"/>
                <TextEquiv>
                    <Unicode>draner man imn ein andern</Unicode>
                </TextEquiv>
            </TextLine>
            <TextLine id="r2l30" custom="readingOrder {index:28;}">
                <Coords points="1928,2139 2087,2137 2124,2162 2165,2127 2264,2143 2345,2123 2410,2140 2503,2105 2501,2063 2462,2083 2337,2079 2322,2096 2283,2075 2244,2099 2124,2081 1926,2101"/>
                <Baseline points="1937,2132 1964,2132 1992,2130 2020,2130 2048,2129 2076,2128 2103,2127 2131,2127 2159,2126 2187,2124 2215,2124 2242,2123 2270,2121 2298,2120 2326,2117 2354,2116 2381,2114 2409,2111 2437,2108 2465,2106 2493,2103"/>
                <TextEquiv>
                    <Unicode>wie bracht welt er dhend</Unicode>
                </TextEquiv>
            </TextLine>
            <TextLine id="r2l31" custom="readingOrder {index:29;}">
                <Coords points="1934,2198 2037,2201 2089,2175 2210,2213 2251,2184 2300,2203 2352,2162 2391,2178 2484,2156 2586,2183 2581,2091 2540,2079 2409,2141 2165,2127 2119,2162 1931,2142"/>
                <Baseline points="1943,2177 1974,2178 2006,2179 2037,2180 2069,2180 2100,2180 2132,2178 2163,2178 2195,2177 2226,2175 2258,2173 2290,2172 2321,2169 2353,2166 2384,2164 2416,2160 2447,2157 2479,2154 2510,2150 2542,2146 2574,2142"/>
                <TextEquiv>
                    <Unicode>damit wäschen, das er darbi</Unicode>
                </TextEquiv>
            </TextLine>
            <TextLine id="r2l32" custom="readingOrder {index:30;}">
                <Coords points="1944,2273 1978,2246 2071,2273 2119,2241 2171,2268 2201,2237 2260,2249 2292,2222 2346,2241 2391,2219 2461,2246 2526,2205 2608,2199 2606,2169 2489,2157 2445,2191 2410,2175 2289,2203 2229,2203 2184,2174 2130,2202 2088,2175 2035,2201 1939,2203"/>
                <Baseline points="1952,2240 1984,2240 2016,2238 2048,2237 2081,2235 2113,2234 2145,2232 2177,2230 2210,2228 2242,2226 2274,2224 2306,2222 2339,2219 2371,2216 2403,2213 2435,2210 2468,2206 2500,2204 2532,2199 2564,2196 2597,2192"/>
                <TextEquiv>
                    <Unicode>ufgossen ✳ mnag der tuffell</Unicode>
                </TextEquiv>
            </TextLine>
            <TextLine id="r2l33" custom="readingOrder {index:31;}">
                <Coords points="1951,2302 2054,2300 2099,2324 2168,2299 2198,2322 2250,2296 2377,2303 2448,2268 2519,2284 2641,2248 2639,2208 2526,2205 2452,2244 2388,2219 2310,2250 2229,2235 2174,2263 2119,2242 2096,2264 1982,2246 1949,2264"/>
                <Baseline points="1962,2295 1995,2292 2028,2291 2062,2288 2095,2286 2129,2284 2162,2283 2196,2281 2229,2279 2263,2277 2296,2276 2329,2273 2363,2271 2396,2269 2430,2267 2463,2265 2497,2263 2530,2260 2564,2257 2597,2255 2631,2252"/>
                <TextEquiv>
                    <Unicode>Den nin hinwagen von deßwes</Unicode>
                </TextEquiv>
            </TextLine>
            <TextLine id="r2l34" custom="readingOrder {index:32;}">
                <Coords points="1934,2369 2092,2350 2188,2373 2222,2338 2441,2343 2544,2315 2541,2273 2446,2270 2368,2304 2295,2291 2274,2311 2192,2286 2144,2322 2086,2324 2042,2299 1931,2321"/>
                <Baseline points="1943,2351 1972,2351 2002,2349 2031,2348 2061,2346 2090,2345 2120,2343 2149,2340 2179,2339 2208,2337 2238,2334 2268,2332 2297,2330 2327,2327 2356,2324 2386,2322 2415,2321 2445,2317 2474,2315 2504,2313 2534,2310"/>
                <TextEquiv>
                    <Unicode>Er inn pfendnns beye</Unicode>
                </TextEquiv>
            </TextLine>
            <TextLine id="r2l35" custom="readingOrder {index:33;}">
                <Coords points="1941,2412 1996,2407 2055,2436 2127,2398 2212,2427 2318,2380 2357,2411 2387,2386 2452,2393 2486,2361 2602,2360 2600,2307 2330,2357 2224,2337 2188,2369 2094,2350 1937,2368"/>
                <Baseline points="1950,2397 1982,2397 2014,2397 2046,2397 2078,2397 2111,2396 2143,2394 2175,2391 2207,2390 2239,2387 2272,2384 2304,2381 2336,2378 2368,2374 2400,2370 2433,2367 2465,2362 2497,2358 2529,2355 2561,2349 2594,2345"/>
                <TextEquiv>
                    <Unicode>Lage, daruff er geantwert</Unicode>
                </TextEquiv>
            </TextLine>
            <TextLine id="r2l36" custom="readingOrder {index:34;}">
                <Coords points="1952,2473 2044,2466 2095,2493 2229,2443 2299,2473 2330,2439 2442,2438 2484,2410 2554,2429 2609,2405 2604,2357 2494,2364 2410,2399 2389,2383 2363,2408 2266,2391 2205,2424 2111,2405 2055,2433 1996,2406 1946,2417"/>
                <Baseline points="1961,2459 1992,2457 2024,2456 2056,2454 2088,2453 2120,2451 2151,2450 2183,2447 2215,2444 2247,2441 2279,2438 2310,2435 2342,2432 2374,2428 2406,2424 2438,2419 2469,2415 2501,2411 2533,2405 2565,2399 2597,2393"/>
                <TextEquiv>
                    <Unicode>erehabiger es sye war er hab</Unicode>
                </TextEquiv>
            </TextLine>
            <TextLine id="r2l37" custom="readingOrder {index:35;}">
                <Coords points="1957,2537 2118,2511 2190,2524 2336,2479 2388,2496 2429,2481 2484,2508 2560,2457 2602,2461 2598,2419 2482,2411 2443,2438 2381,2430 2310,2460 2231,2442 2155,2487 1950,2477"/>
                <Baseline points="1964,2514 1995,2513 2026,2513 2058,2511 2089,2510 2120,2508 2152,2505 2183,2502 2214,2499 2246,2497 2277,2492 2308,2489 2340,2485 2371,2481 2402,2477 2434,2472 2465,2467 2496,2463 2528,2459 2559,2454 2591,2450"/>
                <TextEquiv>
                    <Unicode>greden er weg das der tüffell</Unicode>
                </TextEquiv>
            </TextLine>
            <TextLine id="r2l38" custom="readingOrder {index:36;}">
                <Coords points="1947,2586 2064,2609 2116,2579 2264,2589 2316,2551 2376,2578 2434,2539 2582,2503 2580,2483 2536,2471 2510,2494 2435,2485 2398,2503 2334,2481 2260,2527 2209,2509 2129,2536 1940,2518"/>
                <Baseline points="1955,2571 1985,2570 2016,2568 2047,2565 2078,2563 2109,2561 2140,2558 2171,2555 2202,2552 2233,2550 2264,2547 2294,2544 2325,2542 2356,2539 2387,2536 2418,2531 2449,2527 2480,2522 2511,2518 2542,2513 2573,2507"/>
                <TextEquiv>
                    <Unicode>den hat von deswegen er</Unicode>
                </TextEquiv>
            </TextLine>
            <TextEquiv>
                <Unicode>4
der erst durch nun g herrn
ubeer urtheil fürund
für die angeregten schwür
kouffen lassen, ist er it
bkainlich
zum verzeihende, das ernstl
gred haben, als er gsact
Welte got ds Ich den Mapor
embracht han wals er der
nach fragt, das er dannt
sol ussgossen haben, Begor
wann mir derhscheliheiss
olichs gethan vnd erzeigt, welt
Ich in nit mnnd geharn
haben, sonders wie gedacht
ampar gechan haben, daruff
er angezeigt er sye des
im bkamnlich, hab aber wol
gredt wann inn einer angrife
wie der Odsl man in angegrit
vnd wann er in schon erstäche,
welt ers vor gott wer
antwurten habenn
zum Funffhechend, als er¬
In der gfencknus gschworen
gots liden und saramenn wann
draner man imn ein andern
wie bracht welt er dhend
damit wäschen, das er darbi
ufgossen ✳ mnag der tuffell
Den nin hinwagen von deßwes
Er inn pfendnns beye
Lage, daruff er geantwert
erehabiger es sye war er hab
greden er weg das der tüffell
den hat von deswegen er</Unicode>
            </TextEquiv>
        </TextRegion>
    </Page>
</PcGts>
