<?xml version="1.0" encoding="UTF-8" standalone="yes"?>
<PcGts xmlns="http://schema.primaresearch.org/PAGE/gts/pagecontent/2013-07-15" xmlns:xsi="http://www.w3.org/2001/XMLSchema-instance" xsi:schemaLocation="http://schema.primaresearch.org/PAGE/gts/pagecontent/2013-07-15 http://schema.primaresearch.org/PAGE/gts/pagecontent/2013-07-15/pagecontent.xsd">
    <Metadata>
        <Creator>prov=University of Rostock/Institute of Mathematics/CITlab|PLANET AI GmbH/Gundram Leifert/gundram.leifert@planet-ai.de:name=German_Kurrent_XVI-XVIII_M1(htr_id=19584)::::v=2.6.7
prov=University of Rostock/Institute of Mathematics/CITlab|PLANET AI GmbH/Tobias Gruening/tobias.gruening@planet-ai.de:name=de.uros.citlab.module.baseline2polygon.B2PSeamMultiOriented:v=2.6.7
prov=University of Rostock/Institute of Mathematics/CITlab|PLANET AI GmbH/Tobias Gruening/tobias.gruening@planet-ai.de:name=/net_tf/LA73_249_0mod360.pb:de.uros.citlab.segmentation.CITlab_LA_ML:v=2.6.7
Transkribus</Creator>
        <Created>2021-08-09T22:34:24.124+02:00</Created>
        <LastChange>2023-05-15T17:38:08.774+02:00</LastChange>
        <TranskribusMetadata docId="1349230" pageId="52966685" pageNr="181" tsid="121837865" status="IN_PROGRESS" userId="42748" imgUrl="https://files.transkribus.eu/Get?id=QGAXUHCAEATYEZEGGCCMFNHD&amp;fileType=view" xmlUrl="https://files.transkribus.eu/Get?id=SBDVLUTAHAHDCZWSTGHZDSIX" imageId="22032279"/>
    </Metadata>
    <Page imageFilename="Foto 23.07.21, 9 56 50 AM.jpg" imageWidth="4032" imageHeight="3024">
        <ReadingOrder>
            <OrderedGroup id="ro_1687513528414" caption="Regions reading order">
                <RegionRefIndexed index="0" regionRef="r1"/>
                <RegionRefIndexed index="1" regionRef="region_1684165080886_3303"/>
                <RegionRefIndexed index="2" regionRef="r2"/>
            </OrderedGroup>
        </ReadingOrder>
        <TextRegion orientation="0.0" type="paragraph" id="r1" custom="readingOrder {index:0;} structure {type:paragraph;}">
            <Coords points="1045,308 1125,2485 1898,2444 1818,403"/>
            <TextLine id="r1l1" custom="readingOrder {index:0;}">
                <Coords points="1069,392 1149,417 1280,404 1318,423 1348,403 1505,436 1609,416 1801,460 1805,419 1728,387 1531,366 1505,384 1410,354 1331,368 1282,333 1250,353 1077,313"/>
                <Baseline points="1079,384 1114,383 1150,383 1186,383 1221,383 1257,384 1293,386 1328,387 1364,390 1400,393 1436,396 1471,401 1507,405 1543,410 1578,414 1614,421 1650,427 1685,433 1721,440 1757,446 1793,453"/>
                <TextEquiv>
                    <Unicode>deß resten nemms er Glsse nun</Unicode>
                </TextEquiv>
            </TextLine>
            <TextLine id="r1l2" custom="readingOrder {index:1;}">
                <Coords points="1091,442 1257,444 1332,480 1437,445 1487,479 1510,464 1581,490 1616,467 1657,510 1691,484 1784,505 1788,459 1609,416 1509,436 1280,405 1162,418 1095,395"/>
                <Baseline points="1100,438 1133,439 1167,440 1201,441 1235,443 1268,443 1302,444 1336,446 1370,447 1403,449 1437,450 1471,453 1505,456 1538,459 1572,463 1606,468 1640,472 1673,477 1707,484 1741,491 1775,500"/>
                <TextEquiv>
                    <Unicode>ein wenigz in ein äͤssenli ✳ losste</Unicode>
                </TextEquiv>
            </TextLine>
            <TextLine id="r1l3" custom="readingOrder {index:2;}">
                <Coords points="1091,497 1141,528 1197,502 1327,500 1581,537 1629,517 1696,547 1759,542 1762,507 1696,480 1658,506 1614,466 1574,497 1479,471 1430,483 1378,451 1291,480 1184,439 1093,467"/>
                <Baseline points="1100,494 1132,494 1165,494 1197,495 1230,495 1262,497 1295,498 1327,499 1360,500 1392,503 1425,503 1458,506 1490,509 1523,510 1555,513 1588,516 1620,520 1653,523 1685,526 1718,531 1751,534"/>
                <TextEquiv>
                    <Unicode>alhie am Eyer merckt by in</Unicode>
                </TextEquiv>
            </TextLine>
            <TextLine id="r1l4" custom="readingOrder {index:3;}">
                <Coords points="1081,572 1156,582 1229,545 1348,574 1602,561 1808,605 1811,553 1758,524 1701,548 1632,520 1496,535 1334,501 1137,527 1085,496"/>
                <Baseline points="1092,543 1127,545 1162,546 1198,548 1233,549 1269,550 1304,551 1339,552 1375,552 1410,554 1446,555 1481,557 1516,558 1552,560 1587,563 1623,566 1658,571 1693,575 1729,580 1764,585 1800,593"/>
                <TextEquiv>
                    <Unicode>batzen drusz dan dwyber woltten</Unicode>
                </TextEquiv>
            </TextLine>
            <TextLine id="r1l5" custom="readingOrder {index:4;} person {offset:8; length:11;}">
                <Coords points="1104,600 1271,606 1299,634 1416,610 1457,635 1510,610 1635,615 1810,668 1813,616 1652,570 1584,594 1476,562 1107,552"/>
                <Baseline points="1113,593 1147,594 1182,597 1216,599 1251,599 1285,600 1320,601 1354,602 1389,602 1423,603 1458,604 1492,605 1527,607 1561,608 1596,612 1630,614 1665,618 1699,624 1734,629 1768,635 1803,644"/>
                <TextEquiv>
                    <Unicode>es äben hans härend dürfft</Unicode>
                </TextEquiv>
            </TextLine>
            <TextLine id="r1l6" custom="readingOrder {index:5;}">
                <Coords points="1109,655 1251,667 1386,644 1535,693 1575,663 1594,682 1619,666 1648,697 1706,673 1748,701 1750,643 1687,646 1632,615 1510,610 1448,634 1419,610 1357,634 1306,601 1182,631 1148,600 1111,601"/>
                <Baseline points="1119,650 1150,650 1181,650 1212,651 1243,651 1274,651 1305,651 1336,652 1367,653 1398,653 1429,654 1460,655 1491,656 1522,658 1553,660 1584,662 1615,664 1646,666 1677,669 1708,672 1740,675"/>
                <TextEquiv>
                    <Unicode>einandren daob gschlagen</Unicode>
                </TextEquiv>
            </TextLine>
            <TextLine id="r1l7" custom="readingOrder {index:6;}">
                <Coords points="1108,711 1168,736 1289,694 1338,718 1483,715 1521,745 1563,715 1636,747 1674,728 1744,751 1809,740 1810,701 1734,700 1706,673 1660,696 1619,666 1538,690 1396,653 1354,681 1109,673"/>
                <Baseline points="1118,705 1152,704 1186,702 1220,702 1254,702 1288,701 1322,701 1356,702 1390,702 1424,704 1459,704 1493,705 1527,707 1561,709 1595,711 1629,714 1663,715 1697,719 1731,722 1765,725 1800,729"/>
                <TextEquiv>
                    <Unicode>kuffte vmb das glost geltt, ein</Unicode>
                </TextEquiv>
            </TextLine>
            <TextLine id="r1l8" custom="readingOrder {index:7;}">
                <Coords points="1105,776 1223,765 1283,789 1394,760 1436,793 1481,751 1629,793 1661,764 1744,768 1805,803 1806,747 1591,739 1517,705 1461,736 1414,701 1339,718 1295,695 1218,732 1107,729"/>
                <Baseline points="1115,756 1149,755 1183,755 1217,755 1251,755 1285,755 1319,755 1353,755 1387,755 1421,755 1456,755 1490,756 1524,758 1558,759 1592,759 1626,762 1660,763 1694,765 1728,768 1762,771 1797,774"/>
                <TextEquiv>
                    <Unicode>pfandeli saltz und ein wenig</Unicode>
                </TextEquiv>
            </TextLine>
            <TextLine id="r1l9" custom="readingOrder {index:8;}">
                <Coords points="1110,841 1144,850 1188,815 1313,833 1439,806 1556,840 1613,814 1654,842 1769,821 1831,840 1831,777 1782,804 1736,767 1604,788 1480,752 1437,791 1395,761 1285,792 1237,769 1196,793 1111,789"/>
                <Baseline points="1119,816 1154,816 1189,815 1224,814 1259,813 1294,812 1329,810 1364,810 1399,809 1434,809 1470,809 1505,809 1540,809 1575,809 1610,810 1645,812 1680,814 1715,816 1750,818 1785,822 1821,827"/>
                <TextEquiv>
                    <Unicode>grott ✳ und kentzen sim kranck</Unicode>
                </TextEquiv>
            </TextLine>
            <TextLine id="r1l10" custom="readingOrder {index:9;}">
                <Coords points="1114,873 1278,888 1326,863 1432,855 1504,878 1581,858 1705,886 1764,870 1827,898 1828,844 1761,820 1648,842 1620,814 1570,840 1477,811 1312,833 1210,813 1146,847 1115,836"/>
                <Baseline points="1124,867 1158,865 1193,863 1228,862 1262,860 1297,858 1332,857 1366,857 1401,857 1436,857 1471,857 1505,857 1540,858 1575,858 1609,861 1644,863 1679,864 1713,867 1748,870 1783,873 1818,876"/>
                <TextEquiv>
                    <Unicode>vind zu wartten, das ist be¬</Unicode>
                </TextEquiv>
            </TextLine>
            <TextLine id="r1l11" custom="readingOrder {index:10;} person {offset:17; length:7;}">
                <Coords points="1124,943 1191,915 1234,945 1295,921 1321,936 1529,908 1752,954 1811,943 1811,893 1655,866 1497,879 1433,854 1267,889 1219,867 1124,876"/>
                <Baseline points="1133,917 1166,915 1199,912 1233,909 1266,908 1300,906 1333,905 1367,903 1400,903 1434,902 1467,902 1500,902 1534,903 1567,903 1601,905 1634,906 1668,909 1701,911 1735,913 1768,917 1802,920"/>
                <TextEquiv>
                    <Unicode>shächen von sant Marrins tag,</Unicode>
                </TextEquiv>
            </TextLine>
            <TextLine id="r1l12" custom="readingOrder {index:11;}">
                <Coords points="1082,1046 1332,1038 1369,1015 1545,1032 1612,1009 1767,1043 1814,1022 1814,989 1743,964 1716,990 1670,950 1571,980 1377,955 1080,982"/>
                <Baseline points="1091,1028 1126,1026 1162,1025 1198,1023 1233,1022 1269,1020 1305,1020 1340,1019 1376,1017 1412,1016 1448,1015 1483,1014 1519,1014 1555,1014 1590,1013 1626,1013 1662,1014 1697,1014 1733,1016 1769,1017 1805,1017"/>
                <TextEquiv>
                    <Unicode>deß ander mal hab zu hür</Unicode>
                </TextEquiv>
            </TextLine>
            <TextLine id="r1l13" custom="readingOrder {index:12;}">
                <Coords points="1128,1077 1186,1105 1315,1064 1488,1058 1585,1092 1677,1062 1806,1080 1805,1043 1615,1008 1547,1031 1376,1020 1127,1049"/>
                <Baseline points="1137,1076 1171,1074 1206,1071 1241,1070 1275,1067 1310,1066 1345,1064 1379,1062 1414,1062 1449,1061 1483,1061 1518,1059 1553,1059 1587,1059 1622,1059 1657,1059 1691,1061 1726,1061 1761,1062 1796,1064"/>
                <TextEquiv>
                    <Unicode>achts tah vor de fristt den</Unicode>
                </TextEquiv>
            </TextLine>
            <TextLine id="r1l14" custom="readingOrder {index:13;}">
                <Coords points="1114,1144 1200,1156 1256,1126 1348,1137 1406,1113 1440,1136 1479,1110 1507,1128 1612,1103 1671,1142 1753,1106 1832,1126 1831,1079 1314,1063 1181,1103 1112,1077"/>
                <Baseline points="1122,1128 1157,1125 1192,1122 1227,1120 1262,1118 1297,1116 1332,1113 1367,1112 1402,1110 1437,1109 1472,1107 1507,1106 1542,1105 1577,1104 1612,1104 1647,1104 1682,1104 1717,1104 1752,1106 1787,1107 1823,1109"/>
                <TextEquiv>
                    <Unicode>stag, alhie zu obern penwern</Unicode>
                </TextEquiv>
            </TextLine>
            <TextLine id="r1l15" custom="readingOrder {index:14;}">
                <Coords points="1122,1203 1211,1171 1260,1197 1392,1158 1544,1187 1684,1160 1744,1188 1836,1169 1835,1126 1803,1114 1681,1131 1647,1100 1596,1124 1545,1103 1444,1136 1406,1111 1347,1135 1239,1127 1205,1153 1121,1146"/>
                <Baseline points="1131,1178 1165,1175 1200,1172 1235,1169 1270,1166 1305,1164 1339,1161 1374,1159 1409,1157 1444,1155 1479,1154 1513,1152 1548,1152 1583,1151 1618,1151 1653,1152 1687,1152 1722,1154 1757,1155 1792,1158 1827,1161"/>
                <TextEquiv>
                    <Unicode>bi h lb deß fleisch verkhuffen</Unicode>
                </TextEquiv>
            </TextLine>
            <TextLine id="r1l16" custom="readingOrder {index:15;}">
                <Coords points="1129,1247 1237,1257 1269,1230 1340,1236 1380,1214 1485,1238 1539,1203 1728,1219 1814,1209 1815,1177 1363,1172 1262,1201 1209,1171 1127,1202"/>
                <Baseline points="1137,1224 1170,1223 1203,1221 1237,1219 1270,1217 1304,1215 1337,1213 1371,1210 1404,1208 1438,1206 1471,1204 1504,1203 1538,1200 1571,1200 1605,1199 1638,1199 1672,1199 1705,1199 1739,1200 1772,1202 1806,1205"/>
                <TextEquiv>
                    <Unicode>vndt mitt mehr, neunus ein</Unicode>
                </TextEquiv>
            </TextLine>
            <TextLine id="r1l17" custom="readingOrder {index:16;}">
                <Coords points="1133,1278 1251,1265 1345,1291 1433,1258 1519,1280 1658,1237 1716,1273 1829,1282 1839,1203 1688,1223 1538,1201 1465,1232 1377,1215 1352,1235 1230,1222 1131,1246"/>
                <Baseline points="1142,1269 1176,1269 1211,1267 1245,1266 1280,1263 1314,1262 1349,1259 1383,1257 1418,1254 1452,1253 1487,1250 1521,1248 1556,1246 1590,1245 1625,1244 1659,1242 1694,1242 1728,1244 1763,1244 1797,1246 1832,1248"/>
                <TextEquiv>
                    <Unicode>andere fruw so die wagbracht</Unicode>
                </TextEquiv>
            </TextLine>
            <TextLine id="r1l18" custom="readingOrder {index:17;}">
                <Coords points="1108,1359 1233,1309 1358,1347 1444,1310 1594,1335 1642,1295 1811,1292 1809,1270 1654,1246 1104,1295"/>
                <Baseline points="1115,1328 1149,1325 1183,1321 1218,1317 1252,1314 1286,1311 1321,1308 1355,1305 1389,1302 1424,1300 1458,1297 1492,1294 1527,1292 1561,1290 1595,1290 1630,1289 1664,1289 1698,1289 1733,1289 1767,1290 1802,1292"/>
                <TextEquiv>
                    <Unicode>hatt ouch ein wenig danvon</Unicode>
                </TextEquiv>
            </TextLine>
            <TextLine id="r1l19" custom="readingOrder {index:18;} person {offset:15; length:9;}">
                <Coords points="1155,1404 1232,1385 1313,1406 1400,1355 1453,1382 1493,1356 1569,1391 1684,1351 1820,1369 1854,1363 1850,1285 1810,1280 1736,1321 1642,1296 1597,1332 1444,1310 1416,1341 1364,1343 1236,1309 1151,1338"/>
                <Baseline points="1164,1385 1198,1380 1232,1376 1266,1373 1300,1371 1334,1368 1368,1365 1402,1362 1436,1360 1470,1358 1504,1356 1538,1355 1572,1353 1606,1352 1640,1351 1674,1350 1708,1350 1742,1350 1776,1349 1810,1349 1844,1349"/>
                <TextEquiv>
                    <Unicode>teßplichen den Pfisterin by der</Unicode>
                </TextEquiv>
            </TextLine>
            <TextLine id="r1l20" custom="readingOrder {index:19;} person {offset:0; length:7;}">
                <Coords points="1149,1434 1250,1454 1336,1427 1378,1447 1441,1409 1524,1432 1572,1402 1662,1428 1712,1400 1751,1424 1822,1406 1818,1352 1775,1374 1686,1350 1569,1386 1491,1354 1458,1386 1421,1366 1375,1401 1146,1403"/>
                <Baseline points="1158,1434 1190,1431 1223,1428 1255,1426 1288,1423 1321,1419 1353,1418 1386,1415 1419,1412 1451,1410 1484,1408 1517,1405 1549,1403 1582,1401 1615,1399 1647,1398 1680,1397 1713,1395 1745,1394 1778,1392 1811,1391"/>
                <TextEquiv>
                    <Unicode>vylgien hab et mussen für</Unicode>
                </TextEquiv>
            </TextLine>
            <TextLine id="r1l21" custom="readingOrder {index:20;}">
                <Coords points="1123,1494 1244,1502 1396,1468 1441,1495 1478,1461 1619,1481 1667,1457 1751,1454 1776,1477 1837,1458 1834,1410 1783,1402 1751,1424 1709,1401 1667,1426 1629,1409 1501,1440 1460,1410 1417,1445 1333,1427 1247,1457 1119,1429"/>
                <Baseline points="1131,1482 1165,1481 1200,1479 1235,1477 1270,1475 1304,1473 1339,1471 1374,1469 1409,1467 1443,1464 1478,1462 1513,1460 1548,1458 1582,1456 1617,1454 1652,1451 1687,1449 1721,1446 1756,1445 1791,1444 1826,1443"/>
                <TextEquiv>
                    <Unicode>das erste Ira mehr bringen,</Unicode>
                </TextEquiv>
            </TextLine>
            <TextLine id="r1l22" custom="readingOrder {index:21;}">
                <Coords points="1158,1583 1241,1546 1311,1567 1432,1537 1538,1571 1656,1519 1829,1547 1839,1459 1751,1492 1667,1457 1518,1507 1400,1469 1298,1497 1153,1495"/>
                <Baseline points="1166,1554 1199,1553 1232,1550 1265,1546 1299,1544 1332,1542 1365,1539 1399,1536 1432,1533 1465,1531 1499,1529 1532,1527 1565,1524 1598,1523 1632,1523 1665,1521 1698,1520 1732,1520 1765,1520 1798,1521 1832,1521"/>
                <TextEquiv>
                    <Unicode>habe ye ein pfund umb is</Unicode>
                </TextEquiv>
            </TextLine>
            <TextLine id="r1l23" custom="readingOrder {index:22;}">
                <Coords points="1157,1615 1200,1612 1225,1633 1249,1632 1268,1612 1310,1629 1355,1607 1428,1616 1426,1570 1381,1563 1358,1549 1317,1569 1267,1547 1226,1583 1155,1576"/>
                <Baseline points="1166,1601 1191,1602 1216,1602 1241,1601 1266,1599 1292,1596 1317,1596 1342,1594 1367,1593 1392,1593 1418,1595"/>
                <TextEquiv>
                    <Unicode>verkufft</Unicode>
                </TextEquiv>
            </TextLine>
            <TextLine id="r1l24" custom="readingOrder {index:23;} person {offset:0; length:5;}">
                <Coords points="1114,1725 1247,1695 1313,1706 1366,1667 1418,1689 1473,1662 1604,1687 1681,1652 1799,1661 1853,1635 1850,1598 1800,1586 1744,1623 1690,1590 1505,1603 1429,1651 1318,1634 1296,1657 1209,1626 1106,1644"/>
                <Baseline points="1121,1700 1157,1697 1193,1692 1229,1690 1265,1686 1301,1682 1337,1679 1374,1675 1410,1671 1446,1669 1482,1664 1518,1662 1554,1658 1590,1655 1627,1653 1663,1650 1699,1647 1735,1644 1771,1641 1807,1639 1844,1637"/>
                <TextEquiv>
                    <Unicode>Hanns an unser frwven zuͦ</Unicode>
                </TextEquiv>
            </TextLine>
            <TextLine id="r1l25" custom="readingOrder {index:24;}">
                <Coords points="1138,1767 1294,1736 1363,1762 1403,1730 1527,1717 1729,1727 1815,1688 1859,1714 1853,1651 1817,1649 1669,1658 1618,1693 1477,1660 1430,1691 1376,1677 1347,1704 1248,1696 1135,1726"/>
                <Baseline points="1146,1752 1181,1748 1216,1743 1251,1739 1286,1736 1321,1732 1356,1729 1391,1727 1426,1725 1461,1722 1496,1720 1531,1718 1566,1715 1601,1713 1636,1710 1671,1706 1706,1702 1741,1698 1776,1693 1811,1687 1847,1680"/>
                <TextEquiv>
                    <Unicode>Liechtmeß abendt, hab erün</Unicode>
                </TextEquiv>
            </TextLine>
            <TextLine id="r1l26" custom="readingOrder {index:25;} place {offset:12; length:7;}">
                <Coords points="1149,1812 1198,1800 1260,1824 1310,1793 1359,1816 1389,1788 1421,1804 1464,1772 1498,1794 1535,1766 1652,1770 1673,1747 1800,1770 1854,1738 1850,1692 1728,1727 1581,1713 1563,1734 1415,1728 1359,1762 1280,1740 1144,1764"/>
                <Baseline points="1157,1802 1191,1799 1225,1795 1260,1791 1294,1787 1328,1783 1363,1780 1397,1776 1431,1772 1466,1768 1500,1766 1534,1762 1569,1758 1603,1755 1637,1751 1672,1748 1706,1746 1740,1743 1775,1740 1809,1737 1844,1736"/>
                <TextEquiv>
                    <Unicode>stückle gan frubnng getrapen</Unicode>
                </TextEquiv>
            </TextLine>
            <TextLine id="r1l27" custom="readingOrder {index:26;}">
                <Coords points="1141,1867 1287,1837 1487,1853 1560,1819 1599,1838 1700,1805 1864,1802 1852,1737 1801,1769 1674,1746 1652,1771 1581,1755 1501,1797 1462,1771 1358,1815 1330,1797 1264,1825 1136,1815"/>
                <Baseline points="1149,1854 1184,1851 1219,1846 1254,1843 1289,1838 1325,1835 1360,1832 1395,1827 1430,1824 1465,1822 1501,1817 1536,1814 1571,1811 1606,1808 1641,1805 1677,1800 1712,1797 1747,1794 1782,1789 1817,1786 1853,1781"/>
                <TextEquiv>
                    <Unicode>denen ij umb j kopff krùst₎ und</Unicode>
                </TextEquiv>
            </TextLine>
            <TextLine id="r1l28" custom="readingOrder {index:27;} place {offset:16; length:6;}">
                <Coords points="1131,1907 1285,1888 1325,1911 1432,1884 1456,1905 1515,1872 1606,1894 1692,1851 1828,1852 1825,1817 1705,1803 1500,1853 1450,1834 1417,1856 1298,1844 1128,1875"/>
                <Baseline points="1139,1898 1172,1895 1206,1891 1240,1889 1274,1886 1308,1883 1342,1880 1376,1877 1410,1875 1444,1871 1478,1869 1511,1866 1545,1863 1579,1861 1613,1858 1647,1856 1681,1851 1715,1848 1749,1845 1783,1840 1817,1836"/>
                <TextEquiv>
                    <Unicode>die übrilgen in riemli umb ein</Unicode>
                </TextEquiv>
            </TextLine>
            <TextLine id="r1l29" custom="readingOrder {index:28;}">
                <Coords points="1144,1955 1193,1931 1254,1962 1341,1920 1436,1949 1532,1919 1701,1930 1749,1897 1799,1921 1881,1895 1876,1824 1784,1866 1740,1851 1571,1887 1454,1869 1384,1897 1141,1910"/>
                <Baseline points="1151,1931 1187,1929 1223,1928 1259,1928 1295,1926 1331,1923 1367,1922 1403,1920 1439,1917 1475,1914 1511,1911 1547,1908 1583,1905 1619,1902 1655,1899 1691,1896 1727,1894 1763,1891 1799,1887 1835,1886 1871,1883"/>
                <TextEquiv>
                    <Unicode>ringli wech siner kentzlin gäͤben</Unicode>
                </TextEquiv>
            </TextLine>
            <TextLine id="r1l30" custom="readingOrder {index:29;}">
                <Coords points="1127,2046 1236,2020 1387,2042 1442,2010 1527,1997 1566,2019 1669,1982 1717,2003 1836,1973 1831,1922 1708,1944 1586,1918 1463,1979 1390,1956 1341,1984 1220,1962 1120,1979"/>
                <Baseline points="1134,2034 1168,2030 1203,2025 1237,2022 1272,2018 1307,2015 1341,2012 1376,2008 1410,2006 1445,2002 1480,1998 1514,1995 1549,1992 1583,1989 1618,1986 1653,1983 1687,1980 1722,1977 1756,1974 1791,1970 1826,1967"/>
                <TextEquiv>
                    <Unicode>Item Er sic vormals einest zu</Unicode>
                </TextEquiv>
            </TextLine>
            <TextLine id="r1l31" custom="readingOrder {index:30;} place {offset:0; length:7;}">
                <Coords points="1150,2116 1219,2082 1290,2075 1327,2096 1384,2068 1453,2091 1827,2021 1823,1986 1743,1981 1717,2004 1683,1985 1560,2020 1522,1996 1489,2022 1456,2010 1344,2046 1286,2022 1142,2034"/>
                <Baseline points="1157,2084 1190,2081 1223,2077 1256,2073 1289,2070 1322,2067 1355,2064 1388,2060 1421,2057 1454,2054 1487,2051 1520,2049 1553,2045 1586,2041 1619,2039 1652,2035 1685,2031 1718,2027 1751,2024 1784,2019 1817,2015"/>
                <TextEquiv>
                    <Unicode>fribung in pfengnuß khon</Unicode>
                </TextEquiv>
            </TextLine>
            <TextLine id="r1l32" custom="readingOrder {index:31;}">
                <Coords points="1156,2138 1230,2151 1370,2115 1518,2136 1604,2097 1627,2111 1875,2067 1871,2033 1816,2020 1565,2080 1478,2072 1322,2104 1282,2078 1153,2112"/>
                <Baseline points="1164,2130 1199,2129 1234,2126 1269,2124 1304,2121 1339,2117 1374,2115 1409,2113 1444,2108 1479,2105 1514,2102 1549,2099 1584,2094 1619,2089 1654,2086 1689,2081 1724,2076 1759,2073 1794,2067 1829,2064 1865,2058"/>
                <TextEquiv>
                    <Unicode>umb das er eygen gwalts dem</Unicode>
                </TextEquiv>
            </TextLine>
            <TextLine id="r1l33" custom="readingOrder {index:32;}">
                <Coords points="1155,2209 1220,2179 1324,2198 1369,2162 1449,2176 1486,2153 1654,2156 1712,2127 1744,2142 1768,2119 1861,2119 1856,2074 1816,2067 1773,2102 1605,2096 1510,2134 1367,2113 1228,2151 1148,2137"/>
                <Baseline points="1161,2181 1195,2180 1229,2177 1264,2174 1298,2171 1333,2168 1367,2165 1402,2162 1436,2158 1471,2156 1505,2152 1539,2148 1574,2144 1608,2141 1643,2136 1677,2132 1712,2127 1746,2123 1781,2118 1815,2113 1850,2108"/>
                <TextEquiv>
                    <Unicode>hyrtt zu wunnen wyl geben</Unicode>
                </TextEquiv>
            </TextLine>
            <TextLine id="r1l34" custom="readingOrder {index:33;}">
                <Coords points="1165,2259 1278,2216 1327,2239 1433,2201 1495,2224 1524,2193 1570,2211 1698,2167 1787,2191 1828,2177 1822,2121 1748,2139 1723,2123 1652,2155 1508,2152 1462,2178 1340,2155 1159,2207"/>
                <Baseline points="1170,2223 1202,2221 1234,2219 1267,2216 1299,2214 1331,2211 1364,2208 1396,2204 1428,2201 1461,2197 1493,2193 1525,2189 1558,2186 1590,2181 1622,2178 1655,2173 1687,2169 1719,2166 1752,2163 1784,2159 1817,2156"/>
                <TextEquiv>
                    <Unicode>uß deselben huß ein bachli</Unicode>
                </TextEquiv>
            </TextLine>
            <TextLine id="r1l35" custom="readingOrder {index:34;}">
                <Coords points="1159,2281 1299,2296 1330,2269 1502,2268 1569,2233 1654,2247 1790,2194 1874,2204 1867,2147 1829,2144 1794,2177 1707,2168 1610,2208 1528,2193 1490,2219 1373,2210 1337,2239 1277,2222 1154,2240"/>
                <Baseline points="1167,2270 1201,2268 1236,2266 1271,2263 1306,2261 1340,2258 1375,2254 1410,2250 1445,2246 1479,2243 1514,2238 1549,2233 1584,2229 1618,2225 1653,2219 1688,2215 1723,2210 1757,2205 1792,2200 1827,2194 1862,2189"/>
                <TextEquiv>
                    <Unicode>fleisch hab ußtagen der von</Unicode>
                </TextEquiv>
            </TextLine>
            <TextLine id="r1l36" custom="readingOrder {index:35;}">
                <Coords points="1162,2332 1229,2316 1315,2345 1476,2297 1630,2272 1701,2286 1743,2253 1887,2235 1883,2207 1824,2198 1588,2257 1534,2239 1504,2269 1472,2252 1225,2298 1155,2278"/>
                <Baseline points="1169,2321 1204,2318 1239,2314 1275,2311 1310,2308 1346,2303 1381,2300 1416,2296 1452,2292 1487,2288 1523,2284 1558,2280 1593,2275 1629,2270 1664,2266 1700,2260 1735,2255 1770,2250 1806,2245 1841,2239 1877,2234"/>
                <TextEquiv>
                    <Unicode>dem schwyklin was das er</Unicode>
                </TextEquiv>
            </TextLine>
            <TextLine id="r1l37" custom="readingOrder {index:36;}">
                <Coords points="1149,2392 1271,2360 1363,2380 1559,2335 1624,2360 1656,2326 1706,2341 1749,2310 1784,2334 1820,2296 1874,2292 1870,2255 1783,2276 1741,2255 1701,2284 1629,2271 1577,2311 1503,2300 1399,2333 1142,2326"/>
                <Baseline points="1155,2366 1190,2364 1226,2363 1261,2361 1297,2359 1332,2357 1368,2354 1403,2351 1439,2347 1474,2343 1510,2339 1545,2335 1581,2331 1616,2326 1652,2321 1687,2315 1723,2311 1758,2305 1794,2299 1829,2293 1865,2288"/>
                <TextEquiv>
                    <Unicode>hieuor ime verkhufft hatt</Unicode>
                </TextEquiv>
            </TextLine>
            <TextLine id="r1l38" custom="readingOrder {index:37;}">
                <Coords points="1150,2420 1426,2413 1475,2383 1549,2415 1734,2396 1766,2363 1835,2384 1890,2350 1883,2287 1780,2332 1749,2310 1713,2337 1532,2338 1365,2380 1308,2359 1146,2374"/>
                <Baseline points="1158,2406 1194,2406 1230,2405 1266,2403 1302,2402 1338,2399 1374,2396 1410,2394 1446,2391 1482,2388 1518,2385 1554,2380 1590,2376 1626,2371 1662,2367 1698,2361 1734,2357 1770,2352 1806,2346 1842,2340 1878,2334"/>
                <TextEquiv>
                    <Unicode>vnd aber nitt mocht bezalt</Unicode>
                </TextEquiv>
            </TextLine>
            <TextLine id="r1l39" custom="readingOrder {index:38;}">
                <Coords points="1177,2468 1213,2456 1236,2464 1252,2453 1271,2465 1286,2462 1302,2476 1326,2448 1351,2442 1394,2469 1409,2462 1405,2410 1381,2410 1370,2420 1339,2404 1316,2419 1255,2403 1207,2425 1173,2428"/>
                <Baseline points="1184,2447 1210,2448 1237,2447 1264,2444 1291,2441 1317,2438 1344,2436 1371,2435 1398,2436"/>
                <TextEquiv>
                    <Unicode>werden </Unicode>
                </TextEquiv>
            </TextLine>
            <TextEquiv>
                <Unicode>deß resten nemms er Glsse nun
ein wenigz in ein äͤssenli ✳ losste
alhie am Eyer merckt by in
batzen drusz dan dwyber woltten
es äben hans härend dürfft
einandren daob gschlagen
kuffte vmb das glost geltt, ein
pfandeli saltz und ein wenig
grott ✳ und kentzen sim kranck
vind zu wartten, das ist be¬
shächen von sant Marrins tag,
deß ander mal hab zu hür
achts tah vor de fristt den
stag, alhie zu obern penwern
bi h lb deß fleisch verkhuffen
vndt mitt mehr, neunus ein
andere fruw so die wagbracht
hatt ouch ein wenig danvon
teßplichen den Pfisterin by der
vylgien hab et mussen für
das erste Ira mehr bringen,
habe ye ein pfund umb is
verkufft
Hanns an unser frwven zuͦ
Liechtmeß abendt, hab erün
stückle gan frubnng getrapen
denen ij umb j kopff krùst₎ und
die übrilgen in riemli umb ein
ringli wech siner kentzlin gäͤben
Item Er sic vormals einest zu
fribung in pfengnuß khon
umb das er eygen gwalts dem
hyrtt zu wunnen wyl geben
uß deselben huß ein bachli
fleisch hab ußtagen der von
dem schwyklin was das er
hieuor ime verkhufft hatt
vnd aber nitt mocht bezalt
werden </Unicode>
            </TextEquiv>
        </TextRegion>
        <TextRegion type="page-number" id="region_1684165080886_3303" custom="readingOrder {index:1;} structure {type:page-number;}">
            <Coords points="2485,272 2606,272 2606,348 2485,348"/>
        </TextRegion>
        <TextRegion orientation="0.0" type="paragraph" id="r2" custom="readingOrder {index:2;} structure {type:paragraph;}">
            <Coords points="1852,391 1930,2591 2687,2523 2596,331"/>
            <TextLine id="r2l2" custom="readingOrder {index:0;}">
                <Coords points="1860,467 1892,457 1948,484 2018,433 2082,451 2226,401 2404,392 2445,417 2491,381 2544,387 2539,345 2391,321 2285,369 2205,345 2131,376 1977,375 1916,421 1854,425"/>
                <Baseline points="1869,464 1902,455 1935,449 1968,441 2002,435 2035,429 2068,423 2101,418 2135,413 2168,407 2201,404 2234,399 2268,395 2301,391 2334,388 2367,385 2401,383 2434,381 2467,379 2500,378 2534,377"/>
                <TextEquiv>
                    <Unicode>vff Sampstag den 27. Marzens</Unicode>
                </TextEquiv>
            </TextLine>
            <TextLine id="r2l3" custom="readingOrder {index:1;}">
                <Coords points="1941,529 2023,499 2112,510 2164,468 2245,463 2361,495 2476,439 2521,460 2543,435 2585,442 2580,397 2542,409 2487,389 2401,423 2294,401 2255,432 2186,417 2161,448 2007,436 1936,485"/>
                <Baseline points="1949,512 1980,502 2011,494 2042,487 2073,481 2105,474 2136,470 2167,467 2198,462 2229,459 2261,457 2292,455 2323,452 2354,450 2385,447 2417,446 2448,442 2479,440 2510,437 2541,434 2573,429"/>
                <TextEquiv>
                    <Unicode>po lxvij jar in gegenwürtig</Unicode>
                </TextEquiv>
            </TextLine>
            <TextLine id="r2l4" custom="readingOrder {index:2;}">
                <Coords points="1881,525 1894,524 1898,526 1905,521 1909,521 1912,517 1920,522 1925,516 1933,523 1944,522 1942,495 1931,495 1929,497 1921,491 1912,493 1908,490 1903,494 1897,489 1893,491 1890,489 1879,490"/>
                <Baseline points="1890,521 1935,518"/>
                <TextEquiv>
                    <Unicode>im</Unicode>
                </TextEquiv>
            </TextLine>
            <TextLine id="r2l5" custom="readingOrder {index:3;} person {offset:10; length:13;}">
                <Coords points="1894,595 2107,546 2147,566 2277,514 2383,546 2437,506 2543,502 2538,458 2476,438 2366,490 2164,468 2118,511 2022,502 1988,529 1925,517 1888,536"/>
                <Baseline points="1901,575 1932,565 1964,557 1995,550 2027,543 2059,539 2090,533 2122,529 2154,525 2185,522 2217,519 2249,516 2280,514 2312,512 2344,509 2375,509 2407,506 2439,504 2470,501 2502,500 2534,497"/>
                <TextEquiv>
                    <Unicode>syr herrn Jehanß im Hag des</Unicode>
                </TextEquiv>
            </TextLine>
            <TextLine id="r2l6" custom="readingOrder {index:4;} person {offset:0; length:16;}">
                <Coords points="1894,661 2002,609 2051,632 2113,596 2171,612 2224,574 2318,599 2384,565 2577,556 2572,516 2451,503 2397,538 2288,516 2145,565 2109,545 1886,593"/>
                <Baseline points="1899,626 1932,619 1965,613 1999,607 2032,601 2066,595 2099,589 2133,585 2166,579 2200,574 2233,570 2266,566 2300,562 2333,559 2367,557 2400,555 2434,554 2467,552 2501,552 2534,552 2568,552"/>
                <TextEquiv>
                    <Unicode>Jhars  Berchtold vogt der Burge¬</Unicode>
                </TextEquiv>
            </TextLine>
            <TextLine id="r2l7" custom="readingOrder {index:5;} person {offset:4; length:12;}">
                <Coords points="1921,689 2023,681 2091,644 2176,679 2262,639 2283,655 2412,651 2458,630 2450,566 2385,566 2314,603 2254,572 2202,605 2108,599 2054,630 1999,610 1968,646 1916,652"/>
                <Baseline points="1929,677 1954,669 1980,664 2006,658 2032,652 2058,648 2083,644 2109,640 2135,637 2161,635 2187,632 2212,629 2238,627 2264,625 2290,622 2316,620 2341,618 2367,615 2393,614 2419,610 2445,608"/>
                <TextEquiv>
                    <Unicode>ein Gollen galdi groß etc.</Unicode>
                </TextEquiv>
            </TextLine>
            <TextLine id="r2l8" custom="readingOrder {index:6;} person {offset:0; length:12;}">
                <Coords points="2062,717 2092,723 2171,691 2216,709 2289,676 2346,705 2381,702 2418,677 2499,668 2495,635 2435,641 2414,625 2385,647 2298,659 2263,640 2246,661 2198,668 2162,644 2130,661 2091,644 2055,658"/>
                <Baseline points="2070,713 2096,705 2122,699 2148,693 2174,688 2200,685 2227,682 2253,679 2279,676 2305,675 2331,673 2358,670 2384,669 2410,667 2436,664 2462,661 2489,659"/>
                <TextEquiv>
                    <Unicode>Heim Grüning von</Unicode>
                </TextEquiv>
            </TextLine>
            <TextLine id="r2l9" custom="readingOrder {index:7;} person {offset:4; length:14;}">
                <Coords points="1899,833 2096,760 2164,776 2292,731 2327,752 2348,726 2403,719 2442,741 2474,730 2466,675 2385,698 2287,677 2236,712 2183,682 2095,723 2014,696 1930,721 1880,714"/>
                <Baseline points="1902,798 1930,791 1958,784 1986,778 2014,771 2042,765 2070,759 2098,754 2126,748 2154,743 2182,739 2210,735 2238,731 2266,727 2294,723 2322,721 2350,718 2378,716 2406,713 2434,711 2462,710"/>
                <TextEquiv>
                    <Unicode>ist Heimi Schbnegk purrig</Unicode>
                </TextEquiv>
            </TextLine>
            <TextLine id="r2l10" custom="readingOrder {index:8;} place {offset:12; length:11;}">
                <Coords points="2081,825 2113,808 2157,830 2217,804 2296,810 2320,783 2387,768 2497,780 2520,757 2589,750 2582,687 2445,738 2389,720 2325,751 2291,732 2259,758 2237,746 2162,777 2132,761 2076,777"/>
                <Baseline points="2088,798 2113,797 2139,795 2165,793 2191,790 2217,786 2243,783 2268,779 2294,775 2320,771 2346,769 2372,765 2398,762 2423,759 2449,756 2475,754 2501,753 2527,752 2553,752 2579,752"/>
                <TextEquiv>
                    <Unicode>werhafft zu Blumenstein</Unicode>
                </TextEquiv>
            </TextLine>
            <TextLine id="r2l11" custom="readingOrder {index:9;} place {offset:3; length:11;}">
                <Coords points="1901,927 2006,883 2083,914 2139,866 2215,857 2547,853 2598,832 2589,749 2411,813 2152,829 2121,808 2082,843 1974,816 1891,838"/>
                <Baseline points="1907,900 1941,893 1975,888 2009,882 2043,876 2077,870 2111,866 2145,862 2179,857 2213,853 2247,850 2281,846 2315,843 2349,840 2383,837 2417,834 2451,831 2485,828 2519,825 2553,822 2588,818"/>
                <TextEquiv>
                    <Unicode>zu Martzillien examinient worden</Unicode>
                </TextEquiv>
            </TextLine>
            <TextLine id="r2l12" custom="readingOrder {index:10;}">
                <Coords points="1942,958 2018,970 2212,919 2395,936 2454,897 2504,909 2542,893 2537,849 2447,844 2315,869 2285,855 2145,869 2083,914 2039,889 2019,912 1980,897 1937,913"/>
                <Baseline points="1950,953 1979,948 2008,944 2037,940 2066,936 2095,933 2124,929 2153,926 2182,922 2211,920 2240,916 2269,913 2298,911 2327,908 2356,904 2385,901 2414,898 2443,895 2472,891 2501,887 2531,882"/>
                <TextEquiv>
                    <Unicode>nd Ime abermaln furghalten</Unicode>
                </TextEquiv>
            </TextLine>
            <TextLine id="r2l13" custom="readingOrder {index:11;}">
                <Coords points="1884,1044 2045,998 2190,1023 2271,975 2454,995 2586,975 2611,962 2604,896 2453,899 2390,944 2248,925 2202,945 2157,930 2122,960 1964,951 1879,999"/>
                <Baseline points="1892,1022 1927,1015 1962,1010 1998,1004 2033,999 2069,994 2104,990 2139,986 2175,982 2210,978 2246,974 2281,971 2316,968 2352,964 2387,960 2423,958 2458,954 2493,950 2529,948 2564,944 2600,941"/>
                <TextEquiv>
                    <Unicode>wie das min g Herren haben lassen</Unicode>
                </TextEquiv>
            </TextLine>
            <TextLine id="r2l14" custom="readingOrder {index:12;}">
                <Coords points="1914,1082 1977,1095 2018,1055 2074,1081 2110,1049 2324,1022 2363,1044 2402,1020 2475,1044 2510,1016 2600,1024 2595,974 2544,964 2390,997 2281,982 2196,1015 2151,991 2119,1021 2014,1005 1908,1023"/>
                <Baseline points="1923,1071 1956,1065 1989,1060 2022,1055 2056,1050 2089,1045 2122,1042 2156,1037 2189,1034 2222,1031 2256,1028 2289,1025 2322,1022 2355,1020 2389,1017 2422,1015 2455,1011 2489,1008 2522,1005 2555,1002 2589,999"/>
                <TextEquiv>
                    <Unicode>erkhundigen vmb das einer gonant</Unicode>
                </TextEquiv>
            </TextLine>
            <TextLine id="r2l15" custom="readingOrder {index:13;} place {offset:14; length:23;}">
                <Coords points="1920,1129 2024,1141 2095,1092 2154,1118 2242,1082 2309,1101 2427,1070 2593,1083 2633,1060 2625,979 2559,1027 2403,1022 2365,1045 2323,1023 2279,1050 2232,1029 2075,1081 1915,1083"/>
                <Baseline points="1928,1121 1962,1115 1997,1110 2032,1104 2066,1099 2101,1095 2136,1090 2170,1087 2205,1082 2240,1079 2275,1076 2309,1072 2344,1069 2379,1067 2413,1064 2448,1060 2483,1057 2517,1054 2552,1051 2587,1047 2622,1044"/>
                <TextEquiv>
                    <Unicode>teimacher uff Eiyer straaß am schwand</Unicode>
                </TextEquiv>
            </TextLine>
            <TextLine id="r2l16" custom="readingOrder {index:14;}">
                <Coords points="1900,1191 1954,1195 1981,1166 2100,1144 2191,1142 2223,1163 2290,1127 2365,1123 2399,1146 2459,1113 2563,1123 2594,1106 2590,1064 2546,1086 2349,1080 2286,1106 2241,1082 2122,1127 2060,1105 2034,1136 1969,1124 1895,1151"/>
                <Baseline points="1908,1175 1941,1169 1975,1164 2009,1159 2043,1154 2077,1150 2111,1145 2144,1142 2178,1137 2212,1133 2246,1130 2280,1125 2314,1122 2348,1120 2381,1116 2415,1113 2449,1111 2483,1109 2517,1107 2551,1105 2585,1103"/>
                <TextEquiv>
                    <Unicode>wasser siy mittisteinwürff troffen</Unicode>
                </TextEquiv>
            </TextLine>
            <TextLine id="r2l17" custom="readingOrder {index:15;}">
                <Coords points="2202,1185 2279,1170 2306,1185 2346,1169 2423,1182 2507,1152 2536,1169 2557,1154 2580,1164 2624,1148 2622,1128 2585,1104 2570,1120 2543,1113 2514,1128 2465,1112 2400,1143 2338,1134 2320,1145 2287,1128 2256,1155 2200,1159"/>
                <Baseline points="2211,1176 2236,1174 2261,1172 2286,1170 2312,1169 2337,1167 2362,1166 2387,1164 2413,1162 2438,1160 2463,1160 2488,1157 2514,1156 2539,1153 2564,1151 2589,1149 2615,1146"/>
                <TextEquiv>
                    <Unicode>der dritt zrur neben</Unicode>
                </TextEquiv>
            </TextLine>
            <TextLine id="r2l18" custom="readingOrder {index:16;}">
                <Coords points="2198,1197 2207,1200 2211,1206 2222,1201 2231,1203 2236,1181 2203,1174"/>
                <Baseline points="2208,1196 2222,1199"/>
                <TextEquiv>
                    <Unicode></Unicode>
                </TextEquiv>
            </TextLine>
            <TextLine id="r2l19" custom="readingOrder {index:17;}">
                <Coords points="1914,1220 1971,1224 2019,1205 2070,1207 2138,1185 2154,1191 2181,1182 2177,1140 2123,1149 2107,1166 2081,1152 2054,1166 2046,1159 2019,1181 1987,1162 1955,1194 1912,1193"/>
                <Baseline points="1923,1215 1950,1212 1978,1208 2006,1204 2033,1200 2061,1197 2089,1193 2116,1192 2144,1191 2172,1191"/>
                <TextEquiv>
                    <Unicode>worden und</Unicode>
                </TextEquiv>
            </TextLine>
            <TextLine id="r2l20" custom="readingOrder {index:18;}">
                <Coords points="1902,1299 1944,1267 2005,1286 2071,1250 2114,1276 2144,1241 2215,1255 2273,1225 2477,1212 2503,1230 2544,1209 2604,1230 2598,1163 2507,1151 2465,1180 2364,1174 2343,1195 2259,1176 2217,1201 2179,1176 1895,1229"/>
                <Baseline points="1908,1266 1942,1262 1976,1257 2010,1253 2044,1248 2078,1245 2112,1241 2147,1237 2181,1234 2215,1230 2249,1227 2283,1224 2317,1221 2351,1218 2386,1215 2420,1214 2454,1211 2488,1208 2522,1206 2556,1204 2591,1202"/>
                <TextEquiv>
                    <Unicode>Ime fürususset, darvon die so dan</Unicode>
                </TextEquiv>
            </TextLine>
            <TextLine id="r2l21" custom="readingOrder {index:19;}">
                <Coords points="1912,1325 2228,1276 2273,1300 2328,1266 2500,1252 2547,1279 2618,1242 2613,1188 2501,1231 2475,1212 2193,1261 2161,1240 2117,1271 2071,1251 2005,1286 1945,1266 1908,1290"/>
                <Baseline points="1920,1311 1954,1306 1988,1303 2023,1299 2057,1295 2092,1292 2126,1287 2161,1282 2195,1280 2230,1275 2264,1272 2298,1268 2333,1265 2367,1262 2402,1259 2436,1256 2471,1252 2505,1249 2540,1246 2574,1244 2609,1241"/>
                <TextEquiv>
                    <Unicode>rumb zu reden hoch ermandt sind</Unicode>
                </TextEquiv>
            </TextLine>
            <TextLine id="r2l22" custom="readingOrder {index:20;}">
                <Coords points="1923,1372 1950,1383 2014,1348 2038,1365 2163,1331 2240,1350 2287,1315 2348,1347 2474,1298 2524,1318 2583,1297 2579,1256 2542,1277 2504,1252 2299,1273 2276,1300 2235,1281 2207,1305 2118,1289 2058,1318 1918,1321"/>
                <Baseline points="1932,1361 1964,1356 1996,1351 2028,1347 2060,1343 2092,1339 2124,1337 2156,1334 2188,1330 2220,1327 2252,1324 2284,1321 2316,1319 2348,1316 2380,1314 2412,1311 2444,1307 2476,1303 2508,1300 2540,1295 2573,1290"/>
                <TextEquiv>
                    <Unicode>stiff vff der ved bharren das</Unicode>
                </TextEquiv>
            </TextLine>
            <TextLine id="r2l23" custom="readingOrder {index:21;}">
                <Coords points="2100,1362 2111,1364 2117,1371 2125,1372 2126,1374 2138,1374 2143,1343 2132,1341 2125,1346 2118,1343 2114,1338 2104,1336"/>
                <Baseline points="2111,1358 2130,1361"/>
                <TextEquiv>
                    <Unicode>nb</Unicode>
                </TextEquiv>
            </TextLine>
            <TextLine id="r2l24" custom="readingOrder {index:22;}">
                <Coords points="1911,1426 1957,1436 1997,1409 2143,1390 2191,1408 2297,1385 2321,1402 2358,1377 2436,1390 2479,1357 2577,1364 2568,1297 2467,1336 2431,1312 2304,1349 2194,1331 2126,1372 2068,1353 2008,1388 1907,1385"/>
                <Baseline points="1920,1415 1952,1410 1984,1404 2016,1401 2049,1396 2081,1392 2113,1388 2145,1384 2178,1381 2210,1377 2242,1374 2274,1372 2307,1368 2339,1365 2371,1362 2403,1359 2436,1356 2468,1353 2500,1351 2532,1348 2565,1346"/>
                <TextEquiv>
                    <Unicode>die malen gicht so gar die nacht</Unicode>
                </TextEquiv>
            </TextLine>
            <TextLine id="r2l25" custom="readingOrder {index:23;}">
                <Coords points="1927,1477 2008,1483 2038,1450 2103,1445 2159,1464 2187,1429 2239,1422 2373,1440 2504,1407 2618,1422 2613,1359 2549,1375 2480,1356 2435,1388 2367,1377 2207,1407 2096,1394 1923,1440"/>
                <Baseline points="1935,1460 1968,1455 2002,1451 2035,1447 2069,1443 2103,1438 2136,1434 2170,1430 2203,1427 2237,1423 2271,1420 2304,1417 2338,1414 2371,1410 2405,1407 2439,1404 2472,1400 2506,1398 2539,1394 2573,1392 2607,1389"/>
                <TextEquiv>
                    <Unicode>ngfallen sig wiewol es vast spaatt</Unicode>
                </TextEquiv>
            </TextLine>
            <TextLine id="r2l26" custom="readingOrder {index:24;}">
                <Coords points="1917,1525 2016,1528 2076,1493 2168,1499 2287,1465 2491,1451 2538,1469 2605,1454 2600,1402 2543,1427 2497,1400 2472,1431 2372,1440 2186,1429 2158,1464 2102,1444 2038,1451 2011,1480 1912,1485"/>
                <Baseline points="1925,1511 1958,1506 1991,1501 2025,1497 2058,1493 2092,1488 2125,1483 2159,1480 2192,1476 2226,1471 2259,1468 2292,1464 2326,1460 2359,1458 2393,1454 2426,1451 2460,1449 2493,1447 2527,1445 2560,1443 2594,1442"/>
                <TextEquiv>
                    <Unicode>gwesen, dan das man Im gru¬</Unicode>
                </TextEquiv>
            </TextLine>
            <TextLine id="r2l27" custom="readingOrder {index:25;}">
                <Coords points="1920,1572 1975,1583 2051,1545 2089,1564 2127,1535 2183,1556 2220,1518 2261,1551 2315,1512 2524,1519 2546,1513 2540,1456 2479,1475 2435,1451 2353,1490 2300,1495 2258,1471 2173,1499 2096,1492 2008,1529 1915,1525"/>
                <Baseline points="1926,1551 1956,1548 1986,1545 2017,1543 2047,1540 2078,1538 2108,1533 2139,1530 2169,1527 2200,1523 2230,1520 2260,1516 2291,1512 2321,1509 2352,1506 2382,1503 2413,1500 2443,1498 2474,1497 2504,1494 2535,1493"/>
                <TextEquiv>
                    <Unicode>ning, sampt perern Blürsth</Unicode>
                </TextEquiv>
            </TextLine>
            <TextLine id="r2l28" custom="readingOrder {index:26;}">
                <Coords points="1934,1612 2002,1621 2082,1583 2165,1609 2221,1571 2273,1591 2337,1560 2369,1583 2439,1550 2571,1565 2632,1545 2627,1489 2509,1523 2445,1503 2416,1526 2288,1518 2258,1549 2218,1521 2182,1555 2047,1545 1930,1573"/>
                <Baseline points="1941,1598 1975,1594 2009,1590 2043,1587 2077,1584 2111,1580 2145,1576 2179,1573 2213,1569 2247,1565 2281,1562 2315,1557 2349,1555 2383,1551 2417,1548 2451,1545 2485,1543 2519,1541 2553,1538 2587,1536 2622,1535"/>
                <TextEquiv>
                    <Unicode>erkhendt hab, solliche steinwurff</Unicode>
                </TextEquiv>
            </TextLine>
            <TextLine id="r2l29" custom="readingOrder {index:27;}">
                <Coords points="1930,1648 2025,1635 2065,1655 2140,1625 2185,1643 2264,1619 2315,1634 2363,1612 2405,1629 2491,1592 2488,1563 2439,1551 2404,1573 2337,1559 2283,1581 2240,1565 2217,1590 2186,1582 2156,1600 2082,1583 2062,1607 1926,1608"/>
                <Baseline points="1938,1635 1965,1634 1992,1634 2019,1631 2046,1629 2073,1626 2100,1625 2128,1622 2155,1619 2182,1616 2209,1613 2236,1610 2263,1606 2290,1604 2318,1601 2345,1598 2372,1595 2399,1592 2426,1590 2453,1587 2481,1586"/>
                <TextEquiv>
                    <Unicode>von Inen harkhon sin</Unicode>
                </TextEquiv>
            </TextLine>
            <TextLine id="r2l30" custom="readingOrder {index:28;}">
                <Coords points="1943,1691 1985,1710 2051,1687 2195,1708 2229,1677 2297,1666 2481,1665 2479,1633 2334,1644 2264,1619 2134,1650 2092,1636 2065,1655 2025,1635 1940,1646"/>
                <Baseline points="1952,1685 1979,1685 2006,1685 2033,1683 2061,1683 2088,1681 2115,1679 2143,1678 2170,1676 2197,1673 2225,1672 2252,1670 2279,1668 2307,1666 2334,1664 2361,1661 2389,1660 2416,1657 2443,1656 2471,1655"/>
                <TextEquiv>
                    <Unicode>vff das ist sin antwunt</Unicode>
                </TextEquiv>
            </TextLine>
            <TextLine id="r2l31" custom="readingOrder {index:29;}">
                <Coords points="1949,1756 2078,1748 2103,1727 2218,1753 2277,1719 2519,1718 2608,1686 2605,1655 2576,1671 2517,1646 2440,1685 2399,1660 2057,1717 1943,1691"/>
                <Baseline points="1956,1743 1988,1740 2020,1737 2052,1734 2084,1731 2116,1728 2148,1726 2180,1723 2212,1719 2244,1716 2277,1713 2309,1710 2341,1708 2373,1705 2405,1702 2437,1700 2469,1697 2501,1694 2533,1692 2565,1689 2598,1686"/>
                <TextEquiv>
                    <Unicode>nuwen eine semlichs denn stein,</Unicode>
                </TextEquiv>
            </TextLine>
            <TextLine id="r2l32" custom="readingOrder {index:30;}">
                <Coords points="2496,1765 2509,1761 2531,1733 2540,1740 2556,1734 2560,1727 2577,1738 2587,1733 2599,1737 2621,1734 2616,1693 2605,1695 2596,1690 2581,1704 2570,1700 2544,1703 2536,1712 2517,1702 2512,1706 2502,1698 2487,1700"/>
                <Baseline points="2502,1740 2529,1736 2556,1732 2583,1728 2610,1725"/>
                <TextEquiv>
                    <Unicode>sig er</Unicode>
                </TextEquiv>
            </TextLine>
            <TextLine id="r2l33" custom="readingOrder {index:31;}">
                <Coords points="1939,1800 2087,1777 2138,1793 2231,1762 2293,1784 2328,1754 2373,1774 2448,1744 2478,1750 2474,1710 2415,1729 2351,1711 2238,1736 2220,1721 2065,1740 2030,1761 1934,1759"/>
                <Baseline points="1947,1791 1973,1790 1999,1788 2025,1785 2051,1783 2077,1780 2103,1777 2129,1773 2155,1771 2181,1768 2207,1765 2233,1763 2259,1760 2285,1756 2311,1754 2337,1752 2363,1750 2389,1747 2415,1745 2441,1743 2468,1742"/>
                <TextEquiv>
                    <Unicode>acher widerfaren daran</Unicode>
                </TextEquiv>
            </TextLine>
            <TextLine id="r2l34" custom="readingOrder {index:32;}">
                <Coords points="1928,1849 1964,1834 2024,1861 2076,1841 2127,1852 2167,1816 2335,1799 2445,1816 2550,1786 2578,1804 2582,1731 2532,1732 2507,1762 2448,1745 2374,1774 2339,1760 2272,1785 2231,1762 2139,1793 2039,1779 1923,1803"/>
                <Baseline points="1935,1832 1967,1830 1999,1827 2031,1825 2063,1821 2095,1818 2127,1816 2159,1813 2191,1809 2223,1806 2256,1803 2288,1800 2320,1796 2352,1793 2384,1791 2416,1788 2448,1786 2480,1783 2512,1782 2544,1781 2577,1779"/>
                <TextEquiv>
                    <Unicode>unschuldig undd niena by vod</Unicode>
                </TextEquiv>
            </TextLine>
            <TextLine id="r2l35" custom="readingOrder {index:33;}">
                <Coords points="1944,1885 2051,1873 2105,1892 2158,1858 2272,1883 2343,1840 2527,1856 2647,1820 2635,1772 2576,1804 2537,1782 2443,1814 2305,1801 1941,1855"/>
                <Baseline points="1953,1881 1987,1879 2021,1874 2055,1871 2089,1868 2124,1863 2158,1861 2192,1857 2226,1853 2260,1850 2295,1846 2329,1843 2363,1839 2397,1836 2431,1832 2466,1829 2500,1827 2534,1824 2568,1821 2602,1818 2637,1817"/>
                <TextEquiv>
                    <Unicode>mitt psen wuss ouch nitt darvon</Unicode>
                </TextEquiv>
            </TextLine>
            <TextLine id="r2l36" custom="readingOrder {index:34;}">
                <Coords points="1943,1951 1982,1928 2069,1941 2091,1922 2136,1942 2191,1908 2326,1919 2357,1891 2449,1897 2471,1879 2597,1887 2592,1841 2434,1863 2328,1847 2284,1873 2186,1862 2146,1891 2052,1904 1936,1882"/>
                <Baseline points="1950,1928 1981,1926 2013,1924 2045,1922 2077,1918 2109,1916 2140,1911 2172,1908 2204,1904 2236,1900 2268,1896 2299,1892 2331,1889 2363,1884 2395,1881 2427,1878 2458,1876 2490,1874 2522,1872 2554,1871 2586,1871"/>
                <TextEquiv>
                    <Unicode>dan so wyl ex yetz von mins</Unicode>
                </TextEquiv>
            </TextLine>
            <TextLine id="r2l37" custom="readingOrder {index:35;}">
                <Coords points="2528,1942 2541,1942 2552,1931 2562,1931 2562,1873 2552,1873 2538,1886 2528,1886"/>
                <Baseline points="2538,1911 2553,1911"/>
                <TextEquiv>
                    <Unicode>so</Unicode>
                </TextEquiv>
            </TextLine>
            <TextLine id="r2l38" custom="readingOrder {index:36;}">
                <Coords points="1961,2009 2004,1972 2040,1982 2094,1957 2255,1961 2271,1942 2336,1952 2358,1929 2427,1950 2509,1925 2505,1893 2475,1885 2357,1890 2330,1916 2309,1905 2231,1926 2203,1910 2153,1931 2090,1922 2070,1941 1954,1939"/>
                <Baseline points="1967,1967 1993,1966 2020,1965 2046,1963 2073,1961 2100,1958 2126,1955 2153,1953 2179,1950 2206,1947 2233,1944 2259,1940 2286,1936 2312,1934 2339,1931 2366,1927 2392,1925 2419,1923 2445,1920 2472,1918 2499,1917"/>
                <TextEquiv>
                    <Unicode>han vernenme, darzu</Unicode>
                </TextEquiv>
            </TextLine>
            <TextLine id="r2l39" custom="readingOrder {index:37;}">
                <Coords points="1959,2029 2086,2026 2196,1994 2287,2018 2346,1981 2369,1999 2428,1973 2473,1994 2549,1957 2593,1961 2589,1928 2531,1911 2430,1947 2271,1943 2209,1971 2104,1958 2069,1991 2003,1972 1957,2007"/>
                <Baseline points="1967,2019 1997,2018 2028,2016 2059,2013 2090,2010 2121,2007 2151,2003 2182,2000 2213,1996 2244,1992 2275,1988 2305,1984 2336,1980 2367,1977 2398,1972 2429,1969 2459,1965 2490,1962 2521,1958 2552,1956 2583,1953"/>
                <TextEquiv>
                    <Unicode>hab, er des angezognen perter</Unicode>
                </TextEquiv>
            </TextLine>
            <TextLine id="r2l40" custom="readingOrder {index:38;}">
                <Coords points="1949,2081 1988,2067 2060,2089 2121,2050 2263,2055 2303,2029 2341,2048 2386,2016 2413,2038 2472,2035 2587,2005 2581,1955 2397,1997 2313,1982 2281,2010 2197,1995 2086,2026 1942,2025"/>
                <Baseline points="1956,2064 1987,2061 2018,2058 2049,2055 2080,2051 2111,2048 2142,2045 2173,2041 2204,2038 2235,2034 2266,2030 2297,2027 2328,2022 2359,2019 2390,2016 2421,2012 2452,2008 2483,2006 2514,2002 2545,2000 2576,1997"/>
                <TextEquiv>
                    <Unicode>blünsche kein kundsame, vnd</Unicode>
                </TextEquiv>
            </TextLine>
            <TextLine id="r2l41" custom="readingOrder {index:39;}">
                <Coords points="1970,2133 2116,2130 2177,2092 2655,2039 2648,1986 2625,1985 2559,2023 2436,2038 2385,2018 2341,2048 2307,2029 2240,2057 2172,2042 2137,2073 2046,2092 1963,2074"/>
                <Baseline points="1977,2118 2010,2113 2043,2108 2077,2103 2110,2098 2144,2094 2177,2089 2210,2084 2244,2080 2277,2076 2311,2072 2344,2067 2377,2064 2411,2059 2444,2057 2478,2052 2511,2048 2544,2046 2578,2042 2611,2039 2645,2036"/>
                <TextEquiv>
                    <Unicode>hab nic keinen des namens bekent</Unicode>
                </TextEquiv>
            </TextLine>
            <TextLine id="r2l42" custom="readingOrder {index:40;}">
                <Coords points="1954,2192 2064,2205 2167,2163 2200,2183 2287,2146 2404,2157 2448,2121 2637,2117 2650,2052 2607,2074 2479,2063 2410,2100 2358,2070 2290,2124 1947,2133"/>
                <Baseline points="1962,2184 1996,2181 2030,2176 2064,2172 2098,2168 2133,2163 2167,2159 2201,2155 2235,2150 2269,2145 2304,2141 2338,2136 2372,2131 2406,2128 2440,2124 2475,2119 2509,2117 2543,2114 2577,2110 2611,2108 2646,2106"/>
                <TextEquiv>
                    <Unicode>des steinachers halb, hab er eine</Unicode>
                </TextEquiv>
            </TextLine>
            <TextLine id="r2l43" custom="readingOrder {index:41;}">
                <Coords points="1973,2234 2272,2219 2372,2170 2420,2190 2505,2154 2617,2166 2648,2160 2642,2112 2450,2120 2407,2151 2290,2145 2198,2184 2169,2163 2080,2198 1968,2199"/>
                <Baseline points="1980,2223 2012,2222 2045,2221 2078,2217 2111,2215 2144,2210 2177,2206 2209,2200 2242,2196 2275,2190 2308,2185 2341,2178 2374,2174 2407,2169 2439,2164 2472,2160 2505,2156 2538,2154 2571,2151 2604,2151 2637,2151"/>
                <TextEquiv>
                    <Unicode>vor 20 Jaren bim müller zblu¬</Unicode>
                </TextEquiv>
            </TextLine>
            <TextLine id="r2l44" custom="readingOrder {index:42;}">
                <Coords points="1967,2282 2072,2283 2148,2253 2216,2268 2342,2230 2372,2247 2439,2211 2504,2225 2534,2196 2636,2205 2633,2166 2423,2191 2377,2173 2273,2219 1962,2245"/>
                <Baseline points="1974,2265 2006,2265 2039,2265 2071,2264 2104,2262 2137,2258 2169,2254 2202,2251 2235,2246 2267,2240 2300,2234 2333,2229 2365,2223 2398,2217 2431,2212 2463,2207 2496,2202 2529,2197 2561,2194 2594,2191 2627,2189"/>
                <TextEquiv>
                    <Unicode>mensterin fernen khennen mitt</Unicode>
                </TextEquiv>
            </TextLine>
            <TextLine id="r2l45" custom="readingOrder {index:43;} person {offset:6; length:19;}">
                <Coords points="1959,2318 2045,2335 2105,2304 2179,2314 2199,2295 2222,2312 2285,2281 2326,2303 2460,2247 2504,2262 2623,2246 2618,2207 2580,2193 2534,2226 2450,2213 2214,2268 2145,2253 2078,2291 1997,2270 1954,2287"/>
                <Baseline points="1968,2313 2000,2312 2032,2312 2064,2309 2097,2306 2129,2303 2161,2298 2193,2293 2226,2288 2258,2284 2290,2278 2322,2273 2355,2267 2387,2262 2419,2256 2451,2252 2484,2248 2516,2244 2548,2242 2580,2238 2613,2238"/>
                <TextEquiv>
                    <Unicode>namen Christen steinacher der</Unicode>
                </TextEquiv>
            </TextLine>
            <TextLine id="r2l46" custom="readingOrder {index:44;}">
                <Coords points="1992,2396 2040,2366 2172,2359 2206,2335 2253,2346 2276,2327 2309,2347 2343,2311 2400,2327 2474,2285 2564,2315 2666,2274 2645,2232 2499,2261 2453,2247 2330,2297 2288,2282 2228,2311 2100,2306 2083,2328 1984,2345"/>
                <Baseline points="1997,2363 2030,2360 2063,2355 2096,2352 2129,2347 2162,2342 2195,2336 2228,2330 2261,2324 2294,2319 2327,2312 2360,2307 2393,2301 2426,2296 2459,2290 2492,2286 2525,2282 2558,2277 2591,2274 2624,2271 2657,2270"/>
                <TextEquiv>
                    <Unicode>ig wol darnach in frlbung piett</Unicode>
                </TextEquiv>
            </TextLine>
            <TextLine id="r2l47" custom="readingOrder {index:45;}">
                <Coords points="1976,2431 2035,2441 2084,2401 2113,2420 2202,2387 2296,2400 2395,2360 2447,2379 2551,2335 2658,2349 2661,2279 2566,2312 2476,2286 2371,2338 2276,2328 2162,2375 2089,2361 2039,2389 1969,2383"/>
                <Baseline points="1982,2415 2015,2411 2049,2408 2083,2404 2117,2398 2151,2394 2184,2389 2218,2382 2252,2377 2286,2371 2320,2365 2353,2358 2387,2353 2421,2349 2455,2343 2488,2339 2522,2334 2556,2331 2590,2327 2624,2325 2658,2322"/>
                <TextEquiv>
                    <Unicode>zogen, vnd letseumbftdthan zum</Unicode>
                </TextEquiv>
            </TextLine>
            <TextLine id="r2l48" custom="readingOrder {index:46;}">
                <Coords points="1962,2464 2051,2476 2153,2444 2218,2464 2290,2422 2429,2422 2475,2390 2532,2398 2554,2376 2619,2372 2615,2350 2524,2343 2503,2363 2466,2346 2291,2402 2200,2387 2113,2418 2086,2401 2028,2439 1957,2429"/>
                <Baseline points="1971,2457 2002,2457 2034,2454 2066,2452 2098,2448 2130,2443 2162,2439 2194,2435 2226,2429 2258,2424 2290,2418 2321,2412 2353,2406 2385,2399 2417,2395 2449,2390 2481,2384 2513,2380 2545,2377 2577,2373 2609,2370"/>
                <TextEquiv>
                    <Unicode>jungsten letzsten pual Ins ine</Unicode>
                </TextEquiv>
            </TextLine>
            <TextLine id="r2l49" custom="readingOrder {index:47;}">
                <Coords points="1991,2513 2071,2532 2175,2475 2215,2501 2437,2434 2485,2449 2564,2417 2671,2426 2661,2364 2641,2361 2533,2398 2467,2388 2433,2422 2292,2422 2261,2448 2204,2438 1986,2482"/>
                <Baseline points="1998,2504 2032,2500 2067,2498 2102,2494 2136,2489 2171,2484 2206,2478 2240,2473 2275,2467 2310,2461 2344,2454 2379,2449 2414,2442 2448,2436 2483,2429 2518,2423 2552,2417 2587,2414 2622,2408 2657,2403"/>
                <TextEquiv>
                    <Unicode>aerschynes herpfs vor sant salbis</Unicode>
                </TextEquiv>
            </TextLine>
            <TextLine id="r2l50" custom="readingOrder {index:48;}">
                <Coords points="1998,2592 2180,2564 2239,2512 2381,2519 2635,2484 2620,2418 2322,2455 2286,2488 2213,2502 2183,2482 2088,2521 1986,2517"/>
                <Baseline points="2001,2550 2032,2547 2063,2544 2094,2540 2125,2534 2156,2529 2187,2524 2218,2519 2249,2513 2280,2506 2311,2500 2342,2494 2373,2487 2404,2482 2435,2477 2466,2473 2497,2469 2528,2464 2559,2462 2590,2459 2621,2457"/>
                <TextEquiv>
                    <Unicode>tag gesachen vnd sidthar nis</Unicode>
                </TextEquiv>
            </TextLine>
            <TextEquiv>
                <Unicode>vff Sampstag den 27. Marzens
po lxvij jar in gegenwürtig
im
syr herrn Jehanß im Hag des
Jhars  Berchtold vogt der Burge¬
ein Gollen galdi groß etc.
Heim Grüning von
ist Heimi Schbnegk purrig
werhafft zu Blumenstein
zu Martzillien examinient worden
nd Ime abermaln furghalten
wie das min g Herren haben lassen
erkhundigen vmb das einer gonant
teimacher uff Eiyer straaß am schwand
wasser siy mittisteinwürff troffen
der dritt zrur neben

worden und
Ime fürususset, darvon die so dan
rumb zu reden hoch ermandt sind
stiff vff der ved bharren das
nb
die malen gicht so gar die nacht
ngfallen sig wiewol es vast spaatt
gwesen, dan das man Im gru¬
ning, sampt perern Blürsth
erkhendt hab, solliche steinwurff
von Inen harkhon sin
vff das ist sin antwunt
nuwen eine semlichs denn stein,
sig er
acher widerfaren daran
unschuldig undd niena by vod
mitt psen wuss ouch nitt darvon
dan so wyl ex yetz von mins
so
han vernenme, darzu
hab, er des angezognen perter
blünsche kein kundsame, vnd
hab nic keinen des namens bekent
des steinachers halb, hab er eine
vor 20 Jaren bim müller zblu¬
mensterin fernen khennen mitt
namen Christen steinacher der
ig wol darnach in frlbung piett
zogen, vnd letseumbftdthan zum
jungsten letzsten pual Ins ine
aerschynes herpfs vor sant salbis
tag gesachen vnd sidthar nis</Unicode>
            </TextEquiv>
        </TextRegion>
    </Page>
</PcGts>
