4032 3024
1353 606 1366 609 Chriffan pfund von
1102 286 1693 430 ff frytag den 21t agri
1019 372 1704 480 monacb an 1567 tag geri
998 425 1708 545 durch herrn gnoszweybtls gallen
1035 473 1714 597 aaldi in der keffe befraht woe
1034 529 1156 605 den
1169 609 1713 726 Chriffan pfund von
1309 706 1617 797 sanen spurtig
1082 756 1731 875 und ime fürghaltten diewyl
1098 838 1743 938 an. 50 Herren Er hoch vnd w
1082 889 1748 1000 seig mandar zu Sur und
1061 950 1755 1053 Landt habindt lassen vsgan¬
1082 1009 1754 1111 vnd verkhunden, niemendt
1078 1073 1756 1160 der iren hinwen in drieshe
1073 1110 1755 1213 luffen, sonders in disem pefe¬
1080 1159 1752 1274 lichen hytten uff vnser ge¬
1097 1214 1751 1309 mein vatterlandt ze wartten
1097 1270 1769 1368 dermassen das Ims ye woll
1116 1315 1774 1432 zu wüssen gsin, er sich sollige
1128 1384 1783 1479 nitt soltt₎ underwunden sa
1127 1457 1582 1517 in dan bewegt habs
1129 1450 1776 1553 also frauenlich vnd wüssent,
1123 1498 1774 1606 lich widerAn. g. Herren
1132 1543 1791 1667 verport da hin in framb
1124 1594 1810 1717 dienst vnd vrief zr zuhe
1194 1670 1791 1816 vff semnlichs gipt er den ke¬
1157 1731 1807 1860 scheyden, Es sig mit minder den
1155 1802 1791 1915 das er von m. g herren
1164 1838 1789 1978 heport und verpdrt gwüsse
1156 1871 1817 2013 hab, aber er sich nitt so versten
1169 1945 1804 2078 die gsin, das es Ime diewyl
1170 1988 1825 2114 nienerdt mitt fùr und liecht
1145 2056 1822 2177 hußhäblich sitzen soller berurg
1183 2112 1830 2227 vnd binden, sonders vermi
1162 2163 1813 2269 de sittmalln er mir ein danst
1160 2233 1829 2335 bnecht sige, moge Er sin Marunt
1183 2284 1773 2391 sihen und gwunnen ✳ wo er
1177 2330 1827 2437 konne und möge und so er
1182 2380 1825 2479 nun sehe vnd exfartt sollihe
1179 2443 1833 2524 wider in d herren verpott
1178 2482 1816 2583 zu sin, sicze im von hertzen
1172 2535 1831 2636 leidt vnd koggee der gnade
1044 1456 1110 1524 W
1121 2017 1170 2109 in
2397 228 2456 295 68
1761 264 2477 436 eden ar waßs kairerer berer
1781 318 2467 520 senen an senn 6
1761 389 2459 593 übergäben in wige ziefen
1800 423 2522 625 wollen, sonders vnbesinnt vnd
1793 492 2519 693 thörlich dohen von sinden pfel¬
1799 569 2501 759 len vffbracht vnd wberordt
1771 638 2466 840 Als namlich yetz necht Marini
1804 696 2492 890 verschinen sige Bendiht huw
1793 772 2519 966 von Greyßwyl zu Ime kommen
1803 821 2532 1002 und in uffgwyglett mitt ime
1832 879 2502 1053 an Solochnen zu zichen, dem
1818 951 2497 1130 er geuolgett und von sinen
1810 1002 2541 1167 meystern Christan Rotten solge
1814 1089 2528 1223 kneben gen Sclochnen Zogen
1826 1136 2547 1281 ab der selbigen fendlin schon hin¬
1826 1195 2497 1332 weg was kaumen sy zwen
1835 1222 2539 1396 zun huptlütten uß den fiendt¬
1846 1293 2525 1434 von, die sy aber diewyl sy
1834 1350 2512 1483 Berner wären nitt wolltten
1855 1400 2498 1521 mndmen, bezmel sagt er
1857 1439 2567 1584 Christan zu sinem gstellen Ben¬
1861 1495 2575 1641 dicht huwen, Er welltte nun gan
1876 1550 2560 1668 nbertt suchen, dingete in der
1865 1598 2574 1728 start zu Bolethurn zu Pettern
1869 1652 2572 1784 Brunnern das er Ime solltte
1860 1703 2575 1834 karren biß zu wirnachten, der
1887 1744 2604 1897 verhiesse ime all wochen 3 bar
1893 1802 2593 1940 ze lohn were als i fyrttag nd
1945 1862 2597 1987 werchtag by gedachtem Petter
1885 1922 2562 2041 Bruner in dem kamen
1887 1968 2596 2078 die Eendlen vß den vundten gen
1876 2013 2598 2131 Os käme abermals sihn gsell Ben¬
1882 2061 2012 2108 Rschifen
1879 2074 2586 2208 diht huw der In vormals vff
1886 2114 2594 2252 bracht hatt zu Ime Christen als
1896 2172 2592 2298 er sins Meysters Petter Brun¬
1901 2206 2615 2339 ners voss versongte ✳ und sri
1886 2253 2631 2396 zu Ime, Ob er mitt noch lust drau
1914 2309 2638 2455 hätte, pab er demselben die ant¬
1912 2349 2605 2490 worten, Nein er habe kein lust
1920 2402 2627 2537 mehr hinweg zreisen, dan er
1926 2443 2627 2606 habe ein gutten herren, vff
