4032 3024
1214 1929 1829 2033 ychers ist im angezeygt unnd
1166 1955 1804 2092 fürgehalten worden, wie das
1196 2055 1800 2155 nun g herrrn bericht das se
1198 2109 1811 2216 sunst ein bössen lünbden uff
1178 2186 1828 2285 Im habe vnnd sonderlich, mit
1190 2244 1795 2332 einem sammentign Goller
1169 2297 1813 2416 einem sthwret unnd fünff
1186 2356 1806 2465 kronen, dae er eintfrömbdet
1220 2411 1809 2523 olt haben unnd noch vil
1206 2486 1599 2618 annders mer ec.
984 268 1772 416 unnd ouch gur fisch zufachen we
1046 340 1759 481 man angeht darmit anbinde, das
1041 401 1597 507 hab eos nie versucht.
1031 471 1773 617 Denne ist er wyther befragt worden
1084 546 1789 691 wür dem so am hochgrischt hau
1076 619 1663 737 sind finger abghomren
1082 697 1769 813 Sericht also, Er habe vil ennd
1083 754 1717 879 dick zu Mülmen ehören sag
1077 831 1744 960 das Hans Abraham Ascher
1086 901 1806 1023 deß dem oberen lybenhall, sölliche
1121 965 1791 1070 oll gethan haben, vnnd vor ver¬
1112 1024 1767 1154 schyner wirnachen sthon beschechen
1456 1081 1572 1145 gobt
1124 1113 1782 1207 in, dann der Dadaner doeram
1109 1189 1784 1285 hochpricht ✳ by im gsin ✳ shon die
1119 1249 1800 1339 finger mitt mer gcheptt, darzu
1113 1313 1797 1419 habe er sich nie desselbign Aschers
1125 1369 1638 1475 anguon noch beladen.
1112 1443 1805 1539 Denne zeygt er von Jacob Bie
1151 1506 1791 1618 hart an, das er den strick den
1157 1579 1795 1682 sy am hochprich gnomen, inn
1144 1643 1820 1747 ein netzt gebunden, vnnd darit
1156 1704 1835 1812 gfiffet, darzu hab er khein fende
1170 1767 1829 1857 ndere khundtsame zu Im dann
1157 1817 1748 1925 äben umb dasselbig stuck.
2508 182 2581 262 12
1844 253 2520 407 daruff gibt er disen bspeydt
1856 319 2557 468 Es sey mitt minder, dann das er
1865 392 2546 535 Petter gryffen zu Läsingen ein
1876 445 2564 580 schwärtt gnommen, welches im
1876 518 2528 647 aber augendes wider weden
1880 598 2602 710 ber das er ienen ein Samentin
1871 650 2572 771 wöller entfrömbdet habe, das werd
1907 727 2246 851 sich nit erfinden
1889 775 2574 926 Dene der fünff konen habb
1912 856 2614 975 hab es sich also zutragen. Namlich
1889 919 2537 1042 Ein vatter hab in ein mal
1908 1001 2519 1108 gen underseuren umb saltz
1920 1063 2535 1179 gschickt da sig underwägen
1901 1120 2588 1231 Lienhartt von Bach (so jenund
1912 1171 2578 1300 zu Behli diens zu im khen
1897 1225 2613 1350 und zu Lästingn mit ein andere
1941 1311 2570 1421 truncken. Do habe Lienhartt
1913 1366 2607 1474 vom Bach dem würt doselbst
1945 1415 2625 1520 sin serkell uß dem wamsel
1937 1488 2512 1599 guon, vnnd nach dem selbig
1943 1521 2637 1671 gesprochen zu der bösessen gsprochen
1946 1615 2618 1707 se wedler nauwen hin, do sagts
1940 1674 2611 1774 r Bösesß zu Im, des hast mir
1955 1733 2603 1830 da verheysen, wöllist mit mir
1955 1781 2591 1903 gan understuwen gan, uff das
1963 1848 2644 1953 gabb er Lienhart inne ein den
1957 1910 2616 2010 seckell zupfanden mit anzeyhn
1963 1966 2619 2060 se wölte glich wider by im sin
1973 2008 2674 2140 do er Boses doch mit gwüßt grhept
1968 2084 2632 2192 weß der seckell gstin dann
1986 2127 2636 2242 er nementt, wäre Luenharts
1966 2184 2619 2293 vom Bach) inn dem habe der
2002 2235 2694 2349 würt nach seinem seebell gfragt
1995 2300 2661 2420 eund gstuht, daruff er Bösesß
1989 2364 2672 2473 den selbige secktl so im fen¬
2004 2409 2666 2529 hart vom bach gäben, ufra seiein
1999 2470 2663 2599 Busenzoge, den der wirt ge
2009 2527 2664 2645 nommen, anzegende er wäre sin,
2536 2594 2636 2662 und
