4032 3024
1088 320 1698 481 unnd als ein mutter ium
1094 411 1700 541 nit meer weinis wellen
1085 465 1724 597 Lassen reychen, sye er dadamn
1073 526 1705 656 Inn Petter brenntzkoffers
1073 592 1712 713 des Ppfisters husz ganngen ✳
1098 663 1717 763 willens nenvettern Mclaus
1077 716 1703 835 wanner Mit im gennze¬
1114 774 1735 880 furen das er by ime vber¬
1086 835 1728 940 Nacht blybe, wie er aber allein
1065 895 1755 1005 spatt genn komen, sye der vater
1088 957 1747 1059 ubvll über in erhurnt gwesen
1082 1019 1744 1117 Des vermeinens erder gesagt
1096 1083 1746 1183 Uly ware ettwann sein zachten
1077 1137 1723 1235 preden by den huren gwasen
1068 1195 1728 1297 derhalb, der sin vatter so am
1091 1256 1721 1347 oeth glegen gegen ime vein
1072 1305 1698 1401 uffgstannden wider den er¬
1069 1370 1712 1462 ettliche unnzunliche wortt
1095 1397 1769 1513 unbesinter wyß louffen lassen
1087 1473 1732 1576 der gstalt stin vatter dardurch
1108 1527 1738 1640 noch veer zu zorn bewegt
1080 1581 1727 1694 inmass er ime albir zuͦ ime
1129 1645 1735 1751 llin gschlagen prachennde er
1126 1683 1725 1805 olt im mit umsinen uß
1079 1747 1776 1864 demn husz gan unnd damit furrer
1107 1802 1745 1920 uff inn allin getr migen und
1109 1876 1703 1954 m von im ablasen wollen
1087 1889 1725 2025 Da hab er sich leyder wider
1125 1972 1725 2073 sinen Teplichen vatter
1124 2040 1711 2128 weer gstelt unnd ime mit
1109 2072 1758 2183 der funst ein streih geben
1111 2122 1773 2246 vnnd also diser wyse hiney vnter¬
1125 2192 1729 2293 wider das gebott unnd gsatz.
1113 2253 1762 2346 unnd gott gottes entwret
1152 2302 1726 2416 vnnd gschlagen, das in doch
1119 2362 1696 2468 glich volgeundts, als er sich
1124 2412 1767 2511 hindersumet ubell gruen
1121 2490 1742 2592 so unnd zuͦ deinselbenn
1816 322 2463 472 men vatter vnnd siner muter
1814 392 2421 567 ganngen. Dieselben umb gnad
1794 452 2450 620 unnd verzihung gebatten
1813 502 2432 667 die im ouch seinlichs verzige
1812 572 2379 730 unnd begaben habendt
1865 754 2512 916 vff seinliche sin des genanten
1868 825 2520 978 Ulli Geristhwandes bekhanwe
1867 930 2501 1044 misshandlung habent nun
1860 973 2519 1121 s herren statthalter Bhätt
1867 1050 2533 1177 unnd Burger uff diser loblichen
1862 1118 2488 1241 statt bern uff iren syd
1862 1190 2552 1311 beyhälngklich zu kacht erkhennt
1883 1268 2539 1391 unnd grsprochen, das man den
1888 1337 2507 1461 selben Ulli Heristhwannd.
1889 1395 2543 1517 aber dem Nachrichter beuelchen
1902 1460 2565 1598 der Inn oben vß vff gewonliche
1906 1540 2523 1674 riehtstatt furen, daselbst
1896 1625 2535 1738 ime sin haupt abschlachen.
1911 1690 2575 1806 unnd also mitt dem schwärt
1916 1772 2522 1876 vom läben zum tod nach
1917 1831 2529 1952 beysrlich Bächten Richten
1938 1927 2068 2006 b.
1912 1966 2540 2103 ist an imn erstattet uff sampst
1932 2036 2555 2161 den xpii tag Jsnners im 15166
