<?xml version="1.0" encoding="UTF-8" standalone="yes"?>
<PcGts xmlns="http://schema.primaresearch.org/PAGE/gts/pagecontent/2013-07-15" xmlns:xsi="http://www.w3.org/2001/XMLSchema-instance" xsi:schemaLocation="http://schema.primaresearch.org/PAGE/gts/pagecontent/2013-07-15 http://schema.primaresearch.org/PAGE/gts/pagecontent/2013-07-15/pagecontent.xsd">
    <Metadata>
        <Creator>prov=University of Rostock/Institute of Mathematics/CITlab|PLANET AI GmbH/Gundram Leifert/gundram.leifert@planet-ai.de:name=German_Kurrent_XVI-XVIII_M1(htr_id=19584)::::v=2.6.7
prov=University of Rostock/Institute of Mathematics/CITlab|PLANET AI GmbH/Tobias Gruening/tobias.gruening@planet-ai.de:name=de.uros.citlab.module.baseline2polygon.B2PSeamMultiOriented:v=2.6.7
prov=University of Rostock/Institute of Mathematics/CITlab|PLANET AI GmbH/Tobias Gruening/tobias.gruening@planet-ai.de:name=/net_tf/LA73_249_0mod360.pb:de.uros.citlab.segmentation.CITlab_LA_ML:v=2.6.7
Transkribus</Creator>
        <Created>2021-08-09T22:34:19.093+02:00</Created>
        <LastChange>2023-05-02T10:41:49.035+02:00</LastChange>
        <TranskribusMetadata docId="1349230" pageId="52966515" pageNr="12" tsid="120598878" status="IN_PROGRESS" userId="42748" imgUrl="https://files.transkribus.eu/Get?id=JECRLZMHDLETURPMZOZCYHHQ&amp;fileType=view" xmlUrl="https://files.transkribus.eu/Get?id=AKRXAKSXXWAANRNFTOZQKBLS" imageId="22029648"/>
    </Metadata>
    <Page imageFilename="Foto 23.07.21, 9 40 35 AM.jpg" imageWidth="4032" imageHeight="3024">
        <ReadingOrder>
            <OrderedGroup id="ro_1687513511420" caption="Regions reading order">
                <RegionRefIndexed index="0" regionRef="TextRegion_1676532350510_537"/>
                <RegionRefIndexed index="1" regionRef="TextRegion_1676532385198_555"/>
                <RegionRefIndexed index="2" regionRef="TextRegion_1676532385197_554"/>
                <RegionRefIndexed index="3" regionRef="TextRegion_1676532462343_575"/>
                <RegionRefIndexed index="4" regionRef="region_1683016889612_287"/>
                <RegionRefIndexed index="5" regionRef="TextRegion_1676532462343_574"/>
            </OrderedGroup>
        </ReadingOrder>
        <TextRegion orientation="0.0" type="paragraph" id="TextRegion_1676532350510_537" custom="readingOrder {index:0;}">
            <Coords points="962,200 1818,202 1821,1323 965,1323"/>
            <TextLine id="r1l1" custom="readingOrder {index:0;}">
                <Coords points="991,328 1146,299 1206,337 1262,306 1310,350 1385,320 1457,367 1595,342 1752,403 1758,354 1560,274 1391,296 1332,243 1277,275 1230,238 1160,250 1123,218 1092,233 1006,209"/>
                <Baseline points="1005,296 1042,294 1079,294 1116,293 1153,294 1190,295 1227,298 1264,301 1301,305 1338,308 1375,312 1412,318 1449,324 1486,330 1523,335 1560,342 1597,350 1634,357 1671,364 1708,370 1746,378"/>
                <TextEquiv>
                    <Unicode>4 Vber sie frouw sich im vorerren</Unicode>
                </TextEquiv>
            </TextLine>
            <TextLine id="r1l2" custom="readingOrder {index:1;}">
                <Coords points="1064,400 1143,372 1376,408 1438,391 1520,448 1556,429 1649,467 1696,427 1735,442 1741,382 1566,378 1487,352 1453,366 1424,339 1350,362 1285,336 1199,341 1150,300 1072,309"/>
                <Baseline points="1077,362 1109,365 1142,367 1174,369 1207,371 1239,373 1272,375 1304,377 1337,379 1369,382 1402,385 1435,387 1467,390 1500,394 1532,396 1565,401 1597,405 1630,409 1662,414 1695,419 1728,425"/>
                <TextEquiv>
                    <Unicode>zytte mit tod abgang₎n unnd</Unicode>
                </TextEquiv>
            </TextLine>
            <TextLine id="r1l3" custom="readingOrder {index:2;}">
                <Coords points="1082,438 1230,456 1266,496 1422,463 1491,503 1602,484 1730,511 1738,436 1653,467 1563,433 1518,447 1477,403 1364,403 1333,427 1234,374 1144,420 1087,391"/>
                <Baseline points="1092,434 1123,437 1155,439 1186,440 1218,443 1249,446 1281,447 1312,450 1344,452 1375,455 1407,458 1438,459 1470,464 1501,466 1533,469 1564,474 1596,478 1627,483 1659,488 1690,493 1722,500"/>
                <TextEquiv>
                    <Unicode>zu bosamnen Ein Enn der</Unicode>
                </TextEquiv>
            </TextLine>
            <TextLine id="r1l4" custom="readingOrder {index:3;}">
                <Coords points="1088,517 1192,535 1277,520 1331,533 1367,574 1488,542 1645,573 1688,610 1752,606 1757,541 1646,523 1602,484 1538,507 1406,498 1379,475 1228,499 1147,444 1093,458"/>
                <Baseline points="1098,507 1130,511 1162,514 1195,516 1227,519 1260,522 1292,524 1324,526 1357,528 1389,530 1422,533 1454,535 1486,537 1519,539 1551,542 1584,545 1616,549 1648,552 1681,556 1713,561 1746,566"/>
                <TextEquiv>
                    <Unicode>buren werchtryb, vnnd noch ein</Unicode>
                </TextEquiv>
            </TextLine>
            <TextLine id="r1l5" custom="readingOrder {index:4;}">
                <Coords points="1094,604 1134,602 1173,646 1248,607 1347,648 1480,628 1562,664 1627,641 1664,656 1667,607 1588,567 1495,594 1418,556 1368,575 1311,551 1251,577 1172,542 1097,547"/>
                <Baseline points="1104,587 1131,592 1159,596 1186,600 1214,602 1242,604 1269,606 1297,608 1324,609 1352,610 1380,611 1407,611 1435,612 1462,614 1490,615 1518,617 1545,619 1573,622 1600,625 1628,630 1656,635"/>
                <TextEquiv>
                    <Unicode>ochter daselbst vereelichett.</Unicode>
                </TextEquiv>
            </TextLine>
            <TextLine id="r1l6" custom="readingOrder {index:5;} person {offset:16; length:7;}">
                <Coords points="1114,701 1208,681 1279,718 1367,703 1434,728 1545,694 1627,752 1676,710 1785,740 1789,688 1720,653 1567,669 1475,628 1267,645 1234,615 1172,648 1120,616"/>
                <Baseline points="1125,672 1157,675 1190,677 1222,678 1255,680 1288,681 1320,682 1353,683 1386,684 1418,686 1451,687 1484,689 1516,691 1549,692 1582,695 1614,698 1647,701 1680,705 1712,709 1745,715 1778,720"/>
                <TextEquiv>
                    <Unicode>unnd erst disen früling hab ero</Unicode>
                </TextEquiv>
            </TextLine>
            <TextLine id="r1l7" custom="readingOrder {index:6;}">
                <Coords points="1105,749 1293,789 1368,755 1451,789 1543,771 1679,824 1730,795 1798,829 1805,748 1691,714 1625,752 1557,710 1392,730 1345,704 1229,719 1109,698"/>
                <Baseline points="1116,732 1149,737 1183,739 1217,741 1251,744 1285,747 1319,749 1352,751 1386,753 1420,756 1454,758 1488,759 1522,762 1556,765 1589,768 1623,771 1657,775 1691,778 1725,782 1759,787 1793,792"/>
                <TextEquiv>
                    <Unicode>wägen, sines lybs kranckheitt</Unicode>
                </TextEquiv>
            </TextLine>
            <TextLine id="r1l8" custom="readingOrder {index:7;}">
                <Coords points="1109,810 1149,835 1318,832 1354,860 1456,832 1515,871 1607,851 1787,882 1790,838 1725,801 1678,824 1528,779 1454,807 1397,765 1294,788 1253,769 1111,780"/>
                <Baseline points="1118,812 1151,815 1184,818 1217,820 1250,821 1283,824 1316,825 1349,827 1382,828 1415,830 1448,833 1481,834 1514,836 1547,838 1580,840 1613,843 1646,846 1679,850 1712,854 1745,858 1778,863"/>
                <TextEquiv>
                    <Unicode>sich des Allmussen, dester furre</Unicode>
                </TextEquiv>
            </TextLine>
            <TextLine id="r1l9" custom="readingOrder {index:8;}">
                <Coords points="1104,898 1177,939 1267,897 1308,920 1345,906 1381,939 1405,924 1473,946 1533,917 1788,953 1792,888 1576,862 1452,878 1194,820 1146,834 1109,809"/>
                <Baseline points="1113,884 1146,889 1179,893 1213,896 1246,899 1280,902 1313,904 1346,906 1380,908 1413,911 1447,912 1480,913 1513,914 1547,915 1580,918 1614,920 1647,921 1680,924 1714,927 1747,929 1781,933"/>
                <TextEquiv>
                    <Unicode>mussen beholffen. Wo er aber</Unicode>
                </TextEquiv>
            </TextLine>
            <TextLine id="r1l10" custom="readingOrder {index:9;}">
                <Coords points="1098,1021 1270,986 1305,1020 1344,995 1386,1029 1444,992 1504,1027 1541,1003 1637,1001 1688,1042 1805,1014 1806,985 1759,958 1729,971 1627,932 1583,959 1462,940 1420,956 1342,904 1251,955 1220,930 1102,932"/>
                <Baseline points="1109,975 1143,977 1177,977 1212,978 1246,980 1281,980 1315,981 1349,983 1384,984 1418,986 1453,987 1487,988 1521,989 1556,990 1590,993 1625,995 1659,996 1693,998 1728,1001 1762,1002 1797,1004"/>
                <TextEquiv>
                    <Unicode>gestsen gschworen hab, das seg im</Unicode>
                </TextEquiv>
            </TextLine>
            <TextLine id="r1l11" custom="readingOrder {index:10;}">
                <Coords points="1100,1063 1201,1063 1238,1089 1466,1065 1511,1100 1587,1105 1687,1071 1813,1096 1815,1042 1606,1039 1544,1003 1504,1027 1467,995 1356,1034 1270,987 1101,1019"/>
                <Baseline points="1110,1046 1144,1047 1179,1049 1214,1050 1249,1051 1283,1052 1318,1053 1353,1053 1388,1055 1422,1056 1457,1056 1492,1058 1527,1059 1561,1061 1596,1062 1631,1065 1666,1067 1700,1069 1735,1072 1770,1075 1805,1080"/>
                <TextEquiv>
                    <Unicode>nit zewussen, doch sigs Im wider¬</Unicode>
                </TextEquiv>
            </TextLine>
            <TextLine id="r1l12" custom="readingOrder {index:11;}">
                <Coords points="1089,1153 1233,1116 1420,1166 1620,1146 1702,1181 1799,1161 1802,1090 1719,1075 1533,1105 1471,1070 1359,1099 1291,1067 1231,1092 1203,1064 1137,1076 1093,1051"/>
                <Baseline points="1100,1113 1134,1115 1169,1118 1203,1119 1238,1121 1272,1122 1307,1123 1341,1124 1376,1125 1410,1125 1445,1127 1480,1127 1514,1128 1549,1130 1583,1130 1618,1131 1652,1133 1687,1135 1721,1137 1756,1140 1791,1142"/>
                <TextEquiv>
                    <Unicode>feren, das sig im trürlich lyd.</Unicode>
                </TextEquiv>
            </TextLine>
            <TextLine id="r1l13" custom="readingOrder {index:12;}">
                <Coords points="1084,1226 1237,1233 1349,1208 1376,1233 1538,1200 1646,1258 1710,1212 1764,1217 1736,1178 1685,1181 1617,1146 1564,1177 1521,1144 1435,1180 1414,1162 1335,1177 1289,1134 1254,1159 1086,1150"/>
                <Baseline points="1094,1194 1127,1196 1160,1197 1193,1198 1226,1199 1259,1199 1292,1200 1325,1200 1358,1200 1391,1200 1424,1202 1457,1202 1490,1202 1523,1202 1556,1203 1589,1203 1622,1205 1655,1205 1688,1206 1721,1209 1755,1211"/>
                <TextEquiv>
                    <Unicode>und bitte gott vnd nin herren</Unicode>
                </TextEquiv>
            </TextLine>
            <TextLine id="line_1676532350575_540" custom="readingOrder {index:13;}">
                <Coords points="1105,1232 1257,1227 1286,1249 1328,1214 1378,1233 1431,1206 1492,1247 1548,1252 1578,1229 1646,1257 1712,1211 1735,1220 1734,1300 1610,1323 1595,1323 1490,1271 1444,1314 1363,1287 1285,1315 1104,1277"/>
                <Baseline points="1113,1263 1143,1265 1174,1268 1204,1269 1235,1269 1266,1271 1296,1271 1327,1271 1357,1271 1388,1271 1419,1272 1449,1272 1480,1272 1510,1272 1541,1272 1572,1272 1602,1274 1633,1275 1663,1275 1694,1277 1725,1280"/>
                <TextEquiv>
                    <Unicode>umb verzychung und gnad.</Unicode>
                </TextEquiv>
            </TextLine>
            <TextEquiv>
                <Unicode>4 Vber sie frouw sich im vorerren&#13;
zytte mit tod abgang₎n unnd&#13;
zu bosamnen Ein Enn der&#13;
buren werchtryb, vnnd noch ein&#13;
ochter daselbst vereelichett.&#13;
unnd erst disen früling hab ero&#13;
wägen, sines lybs kranckheitt&#13;
sich des Allmussen, dester furre&#13;
mussen beholffen. Wo er aber&#13;
gestsen gschworen hab, das seg im&#13;
nit zewussen, doch sigs Im wider¬&#13;
feren, das sig im trürlich lyd.&#13;
und bitte gott vnd nin herren&#13;
umb verzychung und gnad.</Unicode>
            </TextEquiv>
        </TextRegion>
        <TextRegion orientation="0.0" type="heading" id="TextRegion_1676532385198_555" custom="readingOrder {index:1;} structure {type:heading;}">
            <Coords points="965,1323 1821,1323 1821,1422 965,1422"/>
            <TextLine id="line_1676532385265_558" custom="readingOrder {index:0;} person {offset:0; length:14;}">
                <Coords points="1326,1333 1366,1338 1417,1366 1478,1346 1493,1361 1511,1346 1540,1359 1569,1336 1611,1341 1662,1323 1683,1323 1683,1417 1482,1404 1471,1393 1418,1422 1326,1422"/>
                <Baseline points="1335,1394 1361,1395 1387,1395 1413,1395 1439,1395 1465,1394 1491,1394 1517,1394 1543,1394 1569,1394 1595,1394 1621,1395 1647,1397 1674,1398"/>
                <TextEquiv>
                    <Unicode>Petter Wildtma</Unicode>
                </TextEquiv>
            </TextLine>
            <TextEquiv>
                <Unicode>Petter Wildtma</Unicode>
            </TextEquiv>
        </TextRegion>
        <TextRegion orientation="0.0" type="paragraph" id="TextRegion_1676532385197_554" custom="readingOrder {index:2;} structure {type:paragraph;}">
            <Coords points="965,1422 1821,1422 1826,2703 970,2701"/>
            <TextLine id="line_1676532385266_559" custom="readingOrder {index:0;}">
                <Coords points="1078,1422 1257,1422 1351,1463 1417,1423 1510,1467 1628,1436 1668,1465 1700,1443 1766,1460 1766,1501 1745,1509 1580,1513 1484,1542 1420,1501 1187,1530 1080,1496"/>
                <Baseline points="1088,1502 1121,1498 1154,1495 1188,1492 1221,1490 1255,1489 1288,1488 1322,1487 1355,1487 1389,1485 1422,1487 1455,1487 1489,1487 1522,1487 1556,1487 1589,1487 1623,1487 1656,1487 1690,1485 1723,1485 1757,1484"/>
                <TextEquiv>
                    <Unicode>Uff obbemelten tag. ist dem</Unicode>
                </TextEquiv>
            </TextLine>
            <TextLine id="r1l17" custom="readingOrder {index:1;} person {offset:0; length:13;} place {offset:18; length:11;}">
                <Coords points="1142,1562 1571,1559 1609,1589 1687,1595 1754,1571 1809,1582 1809,1522 1740,1506 1521,1535 1347,1501 1265,1533 1142,1530"/>
                <Baseline points="1152,1556 1184,1556 1216,1557 1249,1557 1281,1557 1314,1557 1346,1557 1378,1557 1411,1557 1443,1556 1476,1556 1508,1556 1540,1556 1573,1556 1605,1556 1638,1556 1670,1556 1702,1556 1735,1557 1767,1557 1800,1557"/>
                <TextEquiv>
                    <Unicode>etter Waldman von Stäffisburg</Unicode>
                </TextEquiv>
            </TextLine>
            <TextLine id="r1l18" custom="readingOrder {index:2;}">
                <Coords points="1137,1643 1253,1660 1316,1627 1401,1659 1644,1658 1684,1636 1758,1644 1758,1595 1585,1579 1529,1594 1479,1573 1307,1609 1136,1556"/>
                <Baseline points="1145,1628 1175,1628 1205,1628 1235,1628 1265,1628 1295,1628 1325,1629 1356,1629 1386,1629 1416,1629 1446,1631 1476,1631 1506,1630 1536,1629 1567,1629 1597,1628 1627,1627 1657,1625 1687,1623 1717,1620 1748,1617"/>
                <TextEquiv>
                    <Unicode>durr in der keffi fürgehallen</Unicode>
                </TextEquiv>
            </TextLine>
            <TextLine id="r1l19" custom="readingOrder {index:3;}">
                <Coords points="1139,1709 1179,1727 1273,1715 1295,1735 1554,1714 1614,1748 1681,1709 1712,1732 1769,1697 1808,1715 1829,1657 1725,1647 1686,1678 1622,1642 1452,1679 1211,1643 1139,1660"/>
                <Baseline points="1148,1694 1181,1695 1215,1697 1248,1698 1282,1700 1316,1700 1349,1701 1383,1701 1416,1701 1450,1701 1484,1700 1517,1700 1551,1698 1584,1697 1618,1697 1652,1695 1685,1694 1719,1694 1752,1691 1786,1691 1820,1689"/>
                <TextEquiv>
                    <Unicode>worden, siner Liederlich hußhaltung</Unicode>
                </TextEquiv>
            </TextLine>
            <TextLine id="r1l20" custom="readingOrder {index:4;}">
                <Coords points="1128,1792 1207,1765 1260,1793 1312,1764 1387,1767 1430,1803 1525,1806 1671,1764 1744,1789 1787,1769 1787,1721 1452,1747 1377,1713 1283,1733 1127,1711"/>
                <Baseline points="1136,1757 1168,1760 1200,1761 1232,1762 1264,1763 1296,1764 1328,1766 1360,1766 1392,1767 1424,1767 1457,1767 1489,1767 1521,1766 1553,1766 1585,1764 1617,1764 1649,1761 1681,1760 1713,1758 1745,1756 1778,1752"/>
                <TextEquiv>
                    <Unicode>Inn dem das er tag vnnd nacht</Unicode>
                </TextEquiv>
            </TextLine>
            <TextLine id="r1l21" custom="readingOrder {index:5;}">
                <Coords points="1126,1864 1206,1849 1268,1882 1340,1841 1394,1879 1464,1838 1546,1835 1606,1867 1680,1827 1827,1844 1826,1802 1696,1800 1643,1770 1511,1812 1415,1790 1328,1813 1125,1792"/>
                <Baseline points="1134,1827 1168,1832 1202,1835 1236,1837 1270,1838 1305,1838 1339,1838 1373,1836 1407,1835 1441,1833 1476,1831 1510,1829 1544,1827 1578,1826 1612,1826 1647,1824 1681,1825 1715,1826 1749,1829 1783,1832 1818,1836"/>
                <TextEquiv>
                    <Unicode>bin wyn stitze, vnnd solben diser</Unicode>
                </TextEquiv>
            </TextLine>
            <TextLine id="r1l22" custom="readingOrder {index:6;}">
                <Coords points="1124,1912 1242,1947 1273,1921 1330,1944 1474,1906 1614,1918 1642,1941 1713,1909 1824,1908 1822,1858 1774,1845 1715,1862 1672,1840 1612,1868 1538,1836 1483,1862 1450,1849 1402,1883 1325,1857 1272,1881 1229,1852 1122,1861"/>
                <Baseline points="1133,1892 1167,1896 1201,1901 1235,1904 1269,1907 1303,1908 1337,1908 1371,1907 1405,1906 1439,1905 1473,1902 1507,1899 1541,1897 1575,1894 1609,1890 1643,1888 1677,1885 1711,1883 1745,1881 1779,1880 1814,1878"/>
                <TextEquiv>
                    <Unicode>werhe. das zubesorfn Inn fleher</Unicode>
                </TextEquiv>
            </TextLine>
            <TextLine id="r1l23" custom="readingOrder {index:7;}">
                <Coords points="1158,2002 1207,1986 1315,2012 1361,1987 1454,2005 1553,1985 1586,2002 1638,1976 1694,1983 1722,1956 1793,1966 1791,1914 1713,1909 1676,1933 1644,1914 1587,1936 1541,1911 1515,1936 1454,1923 1419,1943 1389,1921 1314,1944 1275,1921 1241,1948 1155,1930"/>
                <Baseline points="1166,1962 1196,1965 1227,1967 1258,1970 1289,1971 1320,1971 1351,1973 1382,1973 1413,1971 1444,1971 1475,1970 1505,1968 1536,1965 1567,1964 1598,1961 1629,1958 1660,1954 1691,1952 1722,1949 1753,1944 1784,1941"/>
                <TextEquiv>
                    <Unicode>strenger thure, solichs sich gutlin</Unicode>
                </TextEquiv>
            </TextLine>
            <TextLine id="r1l24" custom="readingOrder {index:8;}">
                <Coords points="1148,2049 1220,2027 1373,2067 1418,2047 1465,2066 1507,2039 1588,2054 1657,2023 1801,2019 1800,1964 1587,2000 1147,1996"/>
                <Baseline points="1157,2018 1188,2022 1220,2025 1252,2028 1284,2030 1316,2031 1347,2033 1379,2033 1411,2033 1443,2031 1475,2031 1506,2030 1538,2028 1570,2027 1602,2025 1634,2022 1665,2019 1697,2018 1729,2015 1761,2013 1793,2010"/>
                <TextEquiv>
                    <Unicode>nit ertragen mög, ouch wann er da</Unicode>
                </TextEquiv>
            </TextLine>
            <TextLine id="r1l25" custom="readingOrder {index:9;}">
                <Coords points="1143,2095 1258,2087 1331,2119 1371,2100 1453,2126 1577,2098 1631,2133 1735,2097 1782,2120 1836,2085 1835,2025 1643,2028 1570,2062 1504,2041 1372,2067 1287,2038 1262,2058 1142,2048"/>
                <Baseline points="1151,2075 1184,2078 1218,2081 1252,2083 1286,2085 1319,2086 1353,2087 1387,2087 1421,2087 1454,2087 1488,2085 1522,2085 1556,2083 1589,2082 1623,2081 1657,2078 1691,2076 1724,2075 1758,2072 1792,2070 1826,2067"/>
                <TextEquiv>
                    <Unicode>Heim khom, er deraoffen vnbsche¬</Unicode>
                </TextEquiv>
            </TextLine>
            <TextLine id="r1l26" custom="readingOrder {index:10;}">
                <Coords points="1154,2159 1272,2155 1293,2176 1321,2153 1428,2190 1695,2146 1784,2160 1784,2101 1701,2124 1670,2103 1610,2130 1579,2099 1453,2129 1402,2104 1368,2124 1288,2097 1219,2124 1154,2099"/>
                <Baseline points="1163,2142 1193,2142 1224,2143 1254,2144 1285,2144 1316,2145 1346,2147 1377,2147 1407,2148 1438,2148 1469,2148 1499,2150 1530,2150 1560,2148 1591,2148 1622,2147 1652,2145 1683,2144 1713,2141 1744,2138 1775,2133"/>
                <TextEquiv>
                    <Unicode>denlich gagen einer freuwen sich</Unicode>
                </TextEquiv>
            </TextLine>
            <TextLine id="r1l27" custom="readingOrder {index:11;}">
                <Coords points="1161,2223 1253,2234 1287,2209 1380,2245 1450,2216 1597,2244 1709,2202 1782,2222 1782,2162 1751,2144 1704,2175 1675,2157 1592,2187 1548,2162 1450,2185 1320,2152 1295,2176 1273,2156 1161,2163"/>
                <Baseline points="1169,2198 1199,2199 1229,2200 1259,2201 1289,2202 1319,2204 1349,2204 1380,2205 1410,2207 1440,2207 1470,2208 1500,2208 1530,2208 1560,2208 1591,2207 1621,2206 1651,2205 1681,2203 1711,2201 1741,2198 1772,2193"/>
                <TextEquiv>
                    <Unicode>hallte, das als bald sya dardurch</Unicode>
                </TextEquiv>
            </TextLine>
            <TextLine id="r1l28" custom="readingOrder {index:12;}">
                <Coords points="1158,2273 1202,2261 1286,2295 1314,2275 1439,2296 1536,2283 1580,2312 1629,2282 1668,2306 1768,2273 1799,2286 1816,2233 1722,2209 1662,2250 1579,2233 1533,2258 1475,2253 1432,2217 1379,2245 1293,2215 1253,2235 1159,2226"/>
                <Baseline points="1167,2255 1200,2258 1234,2261 1267,2265 1301,2267 1335,2270 1368,2271 1402,2273 1436,2274 1469,2275 1503,2276 1536,2276 1570,2276 1604,2274 1637,2273 1671,2271 1705,2270 1738,2267 1772,2264 1806,2261"/>
                <TextEquiv>
                    <Unicode>vanlasen worden, auch von huß, der</Unicode>
                </TextEquiv>
            </TextLine>
            <TextLine id="r1l29" custom="readingOrder {index:13;}">
                <Coords points="1163,2325 1234,2359 1300,2334 1367,2340 1390,2365 1437,2348 1538,2361 1585,2334 1656,2368 1760,2348 1762,2305 1721,2289 1666,2308 1630,2282 1577,2309 1513,2282 1474,2305 1378,2292 1343,2312 1241,2270 1165,2271"/>
                <Baseline points="1173,2313 1201,2316 1230,2320 1259,2324 1288,2327 1317,2329 1346,2331 1375,2333 1404,2334 1433,2336 1462,2337 1490,2338 1519,2339 1548,2339 1577,2339 1606,2339 1635,2339 1664,2339 1693,2339 1722,2337 1751,2337"/>
                <TextEquiv>
                    <Unicode>töuffey nach gegan Hierüber</Unicode>
                </TextEquiv>
            </TextLine>
            <TextLine id="r1l30" custom="readingOrder {index:14;}">
                <Coords points="1166,2415 1368,2403 1463,2450 1585,2407 1808,2427 1810,2349 1633,2368 1601,2344 1550,2373 1523,2352 1418,2362 1301,2336 1259,2360 1168,2348"/>
                <Baseline points="1176,2372 1207,2376 1238,2382 1269,2387 1300,2391 1332,2394 1363,2397 1394,2399 1425,2400 1456,2402 1488,2402 1519,2403 1550,2403 1581,2403 1612,2402 1644,2400 1675,2399 1706,2397 1737,2396 1768,2394 1800,2391"/>
                <TextEquiv>
                    <Unicode>gibt er disen bscheyd. Er habe nich</Unicode>
                </TextEquiv>
            </TextLine>
            <TextLine id="r1l31" custom="readingOrder {index:15;}">
                <Coords points="1151,2433 1222,2467 1317,2458 1385,2497 1472,2477 1586,2508 1642,2484 1824,2481 1827,2434 1777,2415 1705,2408 1614,2443 1464,2453 1326,2402 1232,2415 1155,2382"/>
                <Baseline points="1161,2432 1193,2438 1226,2443 1259,2448 1291,2452 1324,2457 1357,2460 1389,2464 1422,2466 1455,2471 1488,2472 1520,2474 1553,2475 1586,2477 1618,2478 1651,2478 1684,2478 1716,2477 1749,2476 1782,2475 1815,2474"/>
                <TextEquiv>
                    <Unicode>von gotts s erwen by i  lbe</Unicode>
                </TextEquiv>
            </TextLine>
            <TextLine id="r1l32" custom="readingOrder {index:16;}">
                <Coords points="1169,2516 1293,2533 1319,2557 1442,2543 1577,2579 1649,2565 1803,2591 1810,2486 1638,2488 1539,2520 1460,2482 1283,2493 1240,2461 1173,2455"/>
                <Baseline points="1179,2499 1209,2506 1240,2511 1271,2516 1302,2520 1333,2525 1364,2528 1395,2531 1426,2534 1457,2536 1488,2539 1518,2540 1549,2541 1580,2543 1611,2543 1642,2543 1673,2543 1704,2543 1735,2543 1766,2543 1797,2541"/>
                <TextEquiv>
                    <Unicode>wäret gutts unnd noch nücht schulich</Unicode>
                </TextEquiv>
            </TextLine>
            <TextLine id="r1l33" custom="readingOrder {index:17;}">
                <Coords points="1172,2593 1258,2567 1425,2635 1460,2625 1495,2645 1558,2611 1609,2644 1687,2631 1716,2653 1777,2620 1783,2566 1688,2590 1601,2565 1570,2585 1536,2558 1356,2540 1314,2555 1293,2531 1257,2542 1180,2512"/>
                <Baseline points="1185,2555 1214,2559 1243,2564 1272,2569 1302,2573 1331,2577 1360,2581 1389,2585 1419,2590 1448,2594 1477,2597 1506,2600 1536,2602 1565,2604 1594,2607 1623,2609 1653,2609 1682,2610 1711,2610 1740,2609 1770,2609"/>
                <TextEquiv>
                    <Unicode>inn das hauptgutt eerthan ge¬</Unicode>
                </TextEquiv>
            </TextLine>
            <TextLine id="r1l34" custom="readingOrder {index:18;}">
                <Coords points="1685,2711 1710,2703 1736,2714 1748,2710 1783,2727 1805,2725 1804,2638 1784,2641 1770,2656 1755,2643 1739,2640 1717,2651 1712,2647 1685,2651"/>
                <Baseline points="1694,2688 1719,2688 1745,2688 1770,2687 1796,2688"/>
                <TextEquiv>
                    <Unicode>truwe</Unicode>
                </TextEquiv>
            </TextLine>
            <TextEquiv>
                <Unicode>Uff obbemelten tag. ist dem&#13;
etter Waldman von Stäffisburg&#13;
durr in der keffi fürgehallen&#13;
worden, siner Liederlich hußhaltung&#13;
Inn dem das er tag vnnd nacht&#13;
bin wyn stitze, vnnd solben diser&#13;
werhe. das zubesorfn Inn fleher&#13;
strenger thure, solichs sich gutlin&#13;
nit ertragen mög, ouch wann er da&#13;
Heim khom, er deraoffen vnbsche¬&#13;
denlich gagen einer freuwen sich&#13;
hallte, das als bald sya dardurch&#13;
vanlasen worden, auch von huß, der&#13;
töuffey nach gegan Hierüber&#13;
gibt er disen bscheyd. Er habe nich&#13;
von gotts s erwen by i  lbe&#13;
wäret gutts unnd noch nücht schulich&#13;
inn das hauptgutt eerthan ge¬&#13;
truwe</Unicode>
            </TextEquiv>
        </TextRegion>
        <TextRegion orientation="0.0" type="paragraph" id="TextRegion_1676532462343_575" custom="readingOrder {index:3;}">
            <Coords points="1851,157 2670,154 2665,1678 1855,1678"/>
            <TextLine id="r2l1" custom="readingOrder {index:0;}">
                <Coords points="1882,366 2182,284 2264,313 2319,269 2493,269 2553,242 2546,194 2491,221 2425,210 2355,231 2269,200 2233,234 2198,223 2135,263 2060,256 1873,316"/>
                <Baseline points="1889,350 1921,340 1954,331 1987,323 2019,315 2052,307 2085,300 2117,294 2150,288 2183,282 2216,277 2248,272 2281,268 2314,264 2346,261 2379,257 2412,252 2444,249 2477,245 2510,243 2543,239"/>
                <TextEquiv>
                    <Unicode>lh end zhu voob</Unicode>
                </TextEquiv>
            </TextLine>
            <TextLine id="r2l2" custom="readingOrder {index:1;}">
                <Coords points="1892,418 1982,382 2013,402 2083,395 2109,362 2136,380 2192,338 2296,365 2344,328 2563,308 2549,242 2454,290 2333,269 2277,311 2095,303 1885,366"/>
                <Baseline points="1899,402 1931,392 1964,384 1996,376 2029,368 2062,362 2094,356 2127,351 2160,345 2192,341 2225,336 2258,332 2290,328 2323,325 2356,320 2388,317 2421,314 2454,309 2486,304 2519,300 2552,296"/>
                <TextEquiv>
                    <Unicode>Iicleghafft sin, noch inen viln</Unicode>
                </TextEquiv>
            </TextLine>
            <TextLine id="r2l3" custom="readingOrder {index:2;}">
                <Coords points="1902,498 1956,455 2015,459 2053,418 2287,404 2344,377 2437,398 2468,365 2545,364 2538,321 2490,314 2400,339 2347,329 2301,364 2187,346 2143,381 2113,365 2086,397 2012,403 1978,382 1890,420"/>
                <Baseline points="1905,459 1936,448 1967,440 1999,431 2030,424 2062,417 2093,411 2125,406 2156,401 2188,396 2219,392 2250,389 2282,385 2313,381 2345,378 2376,373 2408,370 2439,366 2471,360 2502,356 2534,351"/>
                <TextEquiv>
                    <Unicode>schuldig Dannenthin einer</Unicode>
                </TextEquiv>
            </TextLine>
            <TextLine id="r2l4" custom="readingOrder {index:3;}">
                <Coords points="1908,536 2040,497 2064,515 2168,499 2253,451 2335,488 2384,444 2441,466 2472,434 2597,425 2591,371 2468,365 2391,409 2345,378 2282,422 2228,400 2070,421 2025,466 1957,455 1903,497"/>
                <Baseline points="1914,516 1947,506 1981,495 2015,487 2048,480 2082,472 2116,467 2149,461 2183,458 2217,453 2251,450 2284,447 2318,443 2352,440 2385,438 2419,434 2453,430 2486,426 2520,422 2554,415 2588,410"/>
                <TextEquiv>
                    <Unicode>reuwen halt. habe er klhein sunderen</Unicode>
                </TextEquiv>
            </TextLine>
            <TextLine id="r2l5" custom="readingOrder {index:4;}">
                <Coords points="1899,583 2167,519 2275,525 2351,489 2421,508 2487,484 2535,504 2587,490 2581,443 2467,469 2384,448 2351,477 2274,457 2152,503 2041,497 1968,536 1940,519 1895,554"/>
                <Baseline points="1907,575 1940,565 1973,556 2007,547 2040,540 2074,533 2107,528 2141,523 2174,518 2208,514 2241,511 2274,507 2308,504 2341,500 2375,497 2408,494 2442,492 2475,489 2509,485 2542,481 2576,477"/>
                <TextEquiv>
                    <Unicode>widerwillen pafen ira denn umb</Unicode>
                </TextEquiv>
            </TextLine>
            <TextLine id="r2l6" custom="readingOrder {index:5;}">
                <Coords points="1909,629 2047,601 2166,611 2220,576 2293,604 2339,552 2425,580 2489,538 2571,549 2564,502 2488,484 2401,516 2344,489 2275,527 2167,518 2143,541 2119,526 1902,583"/>
                <Baseline points="1916,617 1948,611 1980,605 2012,599 2044,594 2076,589 2108,583 2140,577 2172,572 2204,568 2237,562 2269,558 2301,554 2333,549 2365,545 2397,542 2429,539 2461,536 2493,533 2525,531 2558,528"/>
                <TextEquiv>
                    <Unicode>tuhn, das sy inn sich der wider,</Unicode>
                </TextEquiv>
            </TextLine>
            <TextLine id="r2l7" custom="readingOrder {index:6;}">
                <Coords points="1897,706 1999,680 2036,694 2070,659 2122,667 2158,633 2346,632 2420,595 2456,613 2541,602 2531,527 2425,580 2365,556 2296,600 2248,584 2045,624 1999,607 1890,650"/>
                <Baseline points="1901,674 1932,667 1964,660 1995,654 2027,647 2058,641 2090,637 2121,632 2153,628 2184,625 2216,621 2247,617 2279,614 2310,611 2342,607 2373,605 2405,603 2436,600 2468,597 2499,593 2531,591"/>
                <TextEquiv>
                    <Unicode>shöuffern angenammen hat unnd</Unicode>
                </TextEquiv>
            </TextLine>
            <TextLine id="r2l8" custom="readingOrder {index:7;}">
                <Coords points="1912,739 2445,667 2531,684 2541,628 2507,617 2460,640 2379,616 2256,659 2225,635 2172,636 2148,666 2070,658 2041,687 1908,707"/>
                <Baseline points="1920,726 1950,721 1981,716 2012,710 2042,705 2073,703 2104,697 2134,694 2165,690 2196,687 2227,684 2257,681 2288,677 2319,675 2349,672 2380,669 2411,666 2441,664 2472,660 2503,658 2534,656"/>
                <TextEquiv>
                    <Unicode>einer g Herren eordnung</Unicode>
                </TextEquiv>
            </TextLine>
            <TextLine id="r2l9" custom="readingOrder {index:8;}">
                <Coords points="1914,788 2078,754 2217,785 2302,733 2346,759 2463,728 2536,755 2603,728 2600,684 2567,667 2446,700 2345,680 1911,748"/>
                <Baseline points="1922,776 1955,771 1989,768 2022,764 2056,760 2090,756 2123,753 2157,749 2190,746 2224,743 2258,741 2291,738 2325,735 2358,734 2392,732 2426,730 2459,728 2493,728 2526,726 2560,725 2594,725"/>
                <TextEquiv>
                    <Unicode>nit wöllen volchen, doch srh es besfer</Unicode>
                </TextEquiv>
            </TextLine>
            <TextLine id="r2l10" custom="readingOrder {index:9;}">
                <Coords points="1887,854 2148,832 2202,802 2444,820 2510,787 2560,797 2556,749 2456,732 2414,750 2392,732 2346,759 2303,732 2211,780 2137,762 2110,788 1882,804"/>
                <Baseline points="1895,839 1927,835 1960,830 1993,826 2026,822 2058,818 2091,814 2124,810 2157,807 2189,804 2222,801 2255,797 2288,795 2320,793 2353,791 2386,789 2419,788 2451,786 2484,786 2517,786 2550,786"/>
                <TextEquiv>
                    <Unicode>ummbsy worden vnd siid sa</Unicode>
                </TextEquiv>
            </TextLine>
            <TextLine id="r2l11" custom="readingOrder {index:10;}">
                <Coords points="1908,897 2073,871 2107,887 2156,863 2196,882 2221,855 2292,882 2329,863 2386,882 2408,859 2447,885 2498,841 2590,856 2584,782 2505,788 2442,824 2307,797 2237,832 2172,811 2072,852 1967,834 1905,862"/>
                <Baseline points="1917,888 1950,885 1983,882 2016,878 2049,874 2082,870 2115,868 2148,865 2181,862 2214,859 2248,857 2281,854 2314,852 2347,850 2380,848 2413,845 2446,844 2479,842 2512,842 2545,840 2579,839"/>
                <TextEquiv>
                    <Unicode>nachdem sy hie uß der gfengknus</Unicode>
                </TextEquiv>
            </TextLine>
            <TextLine id="r2l12" custom="readingOrder {index:11;}">
                <Coords points="1903,968 1996,939 2138,954 2249,900 2293,932 2381,942 2501,895 2577,923 2573,849 2212,888 2156,864 2109,887 2077,870 2039,895 1899,900"/>
                <Baseline points="1911,938 1943,933 1976,929 2009,925 2042,921 2075,918 2107,915 2140,912 2173,911 2206,909 2239,906 2271,906 2304,905 2337,903 2370,902 2402,900 2435,899 2468,897 2501,896 2534,894 2567,893"/>
                <TextEquiv>
                    <Unicode>ledig glaffen, sic sy zu kilchn</Unicode>
                </TextEquiv>
            </TextLine>
            <TextLine id="r2l13" custom="readingOrder {index:12;}">
                <Coords points="1921,1011 1988,1007 2035,976 2107,1021 2164,975 2237,1018 2350,965 2418,1000 2538,953 2534,891 2385,943 2249,922 1918,971"/>
                <Baseline points="1929,993 1959,990 1989,987 2019,984 2049,982 2079,978 2109,977 2139,974 2169,972 2199,971 2229,969 2259,967 2289,965 2319,963 2349,962 2379,960 2409,959 2439,957 2469,956 2499,954 2529,951"/>
                <TextEquiv>
                    <Unicode>geng gutter hoffnung es</Unicode>
                </TextEquiv>
            </TextLine>
            <TextLine id="r2l14" custom="readingOrder {index:13;}">
                <Coords points="1924,1079 2077,1073 2100,1090 2290,1040 2328,1059 2484,1053 2557,1035 2551,959 2382,1009 2333,975 2225,1021 2146,981 2099,1030 1987,1016 1922,1045"/>
                <Baseline points="1932,1067 1962,1064 1993,1061 2024,1058 2055,1054 2085,1052 2116,1048 2147,1046 2178,1043 2208,1041 2239,1039 2270,1036 2301,1033 2331,1032 2362,1030 2393,1028 2424,1027 2454,1026 2485,1025 2516,1024 2547,1023"/>
                <TextEquiv>
                    <Unicode>wrde mit Inen beyden besser</Unicode>
                </TextEquiv>
            </TextLine>
            <TextLine id="r2l15" custom="readingOrder {index:14;}">
                <Coords points="2243,1105 2257,1102 2265,1092 2276,1095 2287,1088 2294,1090 2297,1086 2310,1085 2306,1038 2297,1038 2294,1041 2290,1039 2285,1045 2263,1041 2252,1048 2247,1043 2238,1043"/>
                <Baseline points="2250,1086 2275,1085 2300,1082"/>
                <TextEquiv>
                    <Unicode>n</Unicode>
                </TextEquiv>
            </TextLine>
            <TextLine id="r2l16" custom="readingOrder {index:15;}">
                <Coords points="1927,1164 1958,1172 1979,1149 2023,1171 2098,1137 2278,1148 2354,1116 2517,1140 2586,1107 2584,1063 2539,1058 2428,1090 2380,1073 2352,1093 2225,1094 2164,1066 2105,1090 2074,1073 2015,1101 1924,1097"/>
                <Baseline points="1935,1131 1967,1128 1999,1125 2031,1122 2063,1120 2095,1119 2127,1116 2159,1115 2191,1114 2223,1113 2255,1112 2287,1112 2319,1110 2351,1110 2383,1109 2415,1108 2447,1107 2479,1106 2511,1104 2543,1101 2576,1100"/>
                <TextEquiv>
                    <Unicode>sig ouch des furnammens sin</Unicode>
                </TextEquiv>
            </TextLine>
            <TextLine id="r2l17" custom="readingOrder {index:16;}">
                <Coords points="1917,1231 1979,1213 2031,1234 2082,1199 2194,1228 2310,1199 2475,1224 2532,1179 2576,1175 2575,1148 2350,1117 2267,1156 2211,1133 2115,1171 1987,1150 1914,1169"/>
                <Baseline points="1925,1203 1957,1202 1989,1200 2021,1198 2053,1196 2085,1194 2117,1192 2149,1191 2181,1190 2213,1188 2246,1187 2278,1187 2310,1185 2342,1184 2374,1182 2406,1181 2438,1178 2470,1177 2502,1174 2534,1172 2567,1169"/>
                <TextEquiv>
                    <Unicode>hußhalltung dergstallt fürchin</Unicode>
                </TextEquiv>
            </TextLine>
            <TextLine id="r2l18" custom="readingOrder {index:17;}">
                <Coords points="1926,1298 2028,1308 2150,1283 2176,1302 2276,1266 2392,1293 2434,1266 2597,1246 2594,1201 2558,1194 2512,1194 2474,1224 2337,1209 2290,1239 2161,1212 2093,1249 1922,1237"/>
                <Baseline points="1934,1278 1966,1277 1999,1275 2032,1274 2064,1272 2097,1269 2130,1268 2162,1266 2195,1263 2228,1261 2261,1259 2293,1257 2326,1254 2359,1253 2391,1250 2424,1247 2457,1245 2489,1242 2522,1241 2555,1238 2588,1236"/>
                <TextEquiv>
                    <Unicode>zefuren, Das nunheren von</Unicode>
                </TextEquiv>
            </TextLine>
            <TextLine id="r2l19" custom="readingOrder {index:18;}">
                <Coords points="1935,1365 2031,1378 2096,1359 2186,1382 2237,1344 2338,1333 2382,1355 2506,1322 2541,1347 2550,1261 2474,1284 2423,1269 2391,1301 2276,1266 2196,1304 2089,1316 1933,1299"/>
                <Baseline points="1943,1337 1973,1337 2003,1335 2033,1335 2063,1335 2093,1334 2123,1332 2153,1332 2183,1332 2213,1331 2243,1329 2273,1328 2303,1328 2333,1326 2363,1325 2393,1324 2423,1323 2453,1321 2483,1320 2513,1319 2543,1317"/>
                <TextEquiv>
                    <Unicode>sinet wagen nit mer sollund</Unicode>
                </TextEquiv>
            </TextLine>
            <TextLine id="line_1676532516794_589" custom="readingOrder {index:19;}">
                <Coords points="1939,1385 2072,1358 2323,1338 2482,1331 2494,1331 2514,1333 2589,1358 2618,1368 2620,1401 2331,1425 1942,1449"/>
                <Baseline points="1950,1410 1983,1409 2016,1409 2049,1407 2082,1406 2115,1406 2148,1404 2181,1402 2214,1400 2247,1398 2280,1397 2313,1395 2346,1394 2379,1392 2412,1391 2445,1391 2478,1389 2511,1389 2544,1388 2577,1388 2610,1389 2490,1349 2505,1349"/>
                <TextEquiv>
                    <Unicode>genrrüwiget werden, will an</Unicode>
                </TextEquiv>
            </TextLine>
            <TextLine id="r2l22" custom="readingOrder {index:20;}">
                <Coords points="1949,1519 2119,1514 2245,1472 2338,1502 2430,1467 2543,1497 2606,1473 2602,1399 2526,1434 2414,1405 2364,1429 2263,1408 1945,1452"/>
                <Baseline points="1956,1491 1989,1488 2023,1485 2056,1482 2090,1480 2124,1478 2157,1476 2191,1475 2225,1473 2258,1472 2292,1472 2325,1469 2359,1467 2393,1466 2426,1464 2460,1461 2494,1459 2527,1455 2561,1451 2595,1446"/>
                <TextEquiv>
                    <Unicode>disers gägenwurtigen mure e</Unicode>
                </TextEquiv>
            </TextLine>
            <TextLine id="r2l23" custom="readingOrder {index:21;}">
                <Coords points="2180,1530 2211,1517 2245,1525 2266,1516 2326,1540 2340,1539 2336,1490 2326,1491 2312,1479 2307,1483 2288,1474 2261,1480 2251,1472 2235,1477 2230,1473 2211,1489 2203,1485 2193,1495 2177,1492"/>
                <Baseline points="2187,1518 2215,1512 2243,1508 2271,1506 2299,1505 2328,1506"/>
                <TextEquiv>
                    <Unicode>zu danck</Unicode>
                </TextEquiv>
            </TextLine>
            <TextLine id="r2l24" custom="readingOrder {index:22;}">
                <Coords points="2410,1540 2441,1540 2468,1562 2515,1548 2541,1566 2560,1561 2600,1572 2631,1563 2631,1470 2577,1486 2563,1481 2541,1497 2517,1481 2497,1490 2481,1477 2468,1481 2443,1468 2410,1473"/>
                <Baseline points="2420,1548 2445,1546 2470,1544 2495,1544 2521,1544 2546,1545 2571,1545 2596,1547 2622,1547"/>
                <TextEquiv>
                    <Unicode>und zu</Unicode>
                </TextEquiv>
            </TextLine>
            <TextLine id="r2l25" custom="readingOrder {index:23;}">
                <Coords points="1947,1593 1986,1577 2025,1589 2050,1572 2096,1603 2110,1588 2266,1583 2303,1561 2408,1560 2406,1511 2389,1517 2351,1491 2306,1532 2211,1517 2123,1540 2038,1505 2002,1504 1976,1525 1944,1515"/>
                <Baseline points="1955,1563 1981,1563 2007,1563 2033,1563 2059,1563 2085,1563 2111,1562 2137,1562 2163,1562 2190,1560 2216,1560 2242,1559 2268,1557 2294,1556 2320,1554 2346,1552 2372,1549 2399,1547"/>
                <TextEquiv>
                    <Unicode>herrn straff uffnemmen</Unicode>
                </TextEquiv>
            </TextLine>
            <TextLine id="r2l26" custom="readingOrder {index:24;}">
                <Coords points="1909,1657 1959,1644 1995,1672 2095,1683 2145,1662 2184,1679 2257,1640 2327,1670 2485,1633 2483,1580 2413,1559 2299,1600 2272,1579 2230,1607 2164,1578 2120,1613 2054,1613 2019,1590 1907,1599"/>
                <Baseline points="1917,1632 1944,1634 1972,1634 2000,1634 2028,1634 2056,1632 2084,1632 2111,1632 2139,1631 2167,1630 2195,1629 2223,1628 2251,1626 2279,1625 2306,1623 2334,1621 2362,1620 2390,1618 2418,1616 2446,1614 2474,1613"/>
                <TextEquiv>
                    <Unicode>vebesserung ingedenck sin</Unicode>
                </TextEquiv>
            </TextLine>
            <TextEquiv>
                <Unicode>lh end zhu voob&#13;
Iicleghafft sin, noch inen viln&#13;
schuldig Dannenthin einer&#13;
reuwen halt. habe er klhein sunderen&#13;
widerwillen pafen ira denn umb&#13;
tuhn, das sy inn sich der wider,&#13;
shöuffern angenammen hat unnd&#13;
einer g Herren eordnung&#13;
nit wöllen volchen, doch srh es besfer&#13;
ummbsy worden vnd siid sa&#13;
nachdem sy hie uß der gfengknus&#13;
ledig glaffen, sic sy zu kilchn&#13;
geng gutter hoffnung es&#13;
wrde mit Inen beyden besser&#13;
n&#13;
sig ouch des furnammens sin&#13;
hußhalltung dergstallt fürchin&#13;
zefuren, Das nunheren von&#13;
sinet wagen nit mer sollund&#13;
genrrüwiget werden, will an&#13;
disers gägenwurtigen mure e&#13;
zu danck&#13;
und zu&#13;
herrn straff uffnemmen&#13;
vebesserung ingedenck sin</Unicode>
            </TextEquiv>
        </TextRegion>
        <TextRegion type="page-number" id="region_1683016889612_287" custom="readingOrder {index:4;} structure {type:page-number;}">
            <Coords points="2521,200 2580,200 2580,141 2521,141"/>
        </TextRegion>
        <TextRegion orientation="0.0" type="paragraph" id="TextRegion_1676532462343_574" custom="readingOrder {index:5;}">
            <Coords points="1855,1678 2665,1678 2662,2603 1859,2606"/>
            <TextLine id="line_1676532462412_577" custom="readingOrder {index:0;}">
                <Coords points="1927,1725 2012,1693 2120,1748 2272,1693 2403,1703 2435,1731 2569,1678 2615,1678 2620,1772 2530,1751 2394,1791 2292,1779 2254,1816 2208,1801 2169,1820 2105,1803 1997,1819 1930,1793"/>
                <Baseline points="1938,1776 1971,1776 2005,1776 2038,1776 2072,1775 2105,1775 2139,1773 2172,1771 2206,1770 2239,1769 2273,1766 2307,1764 2340,1763 2374,1761 2407,1759 2441,1757 2474,1754 2508,1752 2541,1750 2575,1748 2609,1746"/>
                <TextEquiv>
                    <Unicode>Dannenthin ist er fürnemlich</Unicode>
                </TextEquiv>
            </TextLine>
            <TextLine id="r2l28" custom="readingOrder {index:1;}">
                <Coords points="1964,1876 2213,1849 2299,1882 2476,1819 2503,1843 2586,1830 2619,1858 2675,1841 2672,1778 2570,1748 2383,1799 2333,1783 2281,1818 1961,1812"/>
                <Baseline points="1971,1836 2005,1839 2040,1841 2074,1841 2109,1842 2144,1842 2178,1841 2213,1839 2248,1839 2282,1837 2317,1835 2352,1833 2386,1831 2421,1828 2456,1827 2490,1824 2525,1823 2560,1820 2594,1818 2629,1817 2664,1815"/>
                <TextEquiv>
                    <Unicode>gefragt worden, was In verursachet</Unicode>
                </TextEquiv>
            </TextLine>
            <TextLine id="r2l29" custom="readingOrder {index:2;}">
                <Coords points="1956,1939 2197,1964 2409,1923 2628,1917 2651,1912 2648,1859 2587,1832 2508,1857 2456,1834 2278,1894 1952,1876"/>
                <Baseline points="1964,1919 1997,1922 2031,1922 2065,1922 2099,1922 2133,1922 2166,1920 2200,1919 2234,1916 2268,1914 2302,1911 2335,1909 2369,1906 2403,1903 2437,1901 2470,1898 2504,1895 2538,1892 2572,1890 2606,1889 2640,1887"/>
                <TextEquiv>
                    <Unicode>oder darmit gmeint das er kurtz¬</Unicode>
                </TextEquiv>
            </TextLine>
            <TextLine id="r2l30" custom="readingOrder {index:3;}">
                <Coords points="1959,2022 2009,2040 2240,1995 2313,2027 2345,1993 2621,1964 2617,1901 2392,1961 2228,1951 2166,1975 1953,1942"/>
                <Baseline points="1965,1992 1997,1995 2029,1995 2062,1997 2094,1997 2126,1997 2159,1995 2191,1994 2223,1992 2256,1989 2288,1987 2320,1985 2353,1982 2385,1979 2417,1976 2450,1971 2482,1968 2514,1965 2547,1961 2579,1958 2612,1953"/>
                <TextEquiv>
                    <Unicode>lich vor ertwas tagen, alls er von</Unicode>
                </TextEquiv>
            </TextLine>
            <TextLine id="r2l31" custom="readingOrder {index:4;} place {offset:15; length:4;}">
                <Coords points="1964,2080 2028,2065 2139,2094 2206,2066 2240,2090 2329,2057 2403,2085 2493,2041 2552,2060 2653,2041 2652,2006 2516,2002 2409,2030 2307,2028 2266,2003 2203,2043 2069,2024 2029,2045 1960,2022"/>
                <Baseline points="1971,2061 2004,2063 2038,2064 2072,2066 2105,2066 2139,2065 2173,2064 2206,2063 2240,2061 2274,2058 2308,2056 2341,2053 2375,2051 2409,2048 2442,2043 2476,2041 2510,2038 2543,2034 2577,2031 2611,2030 2645,2027"/>
                <TextEquiv>
                    <Unicode>dem amptman zu thun, mit eine</Unicode>
                </TextEquiv>
            </TextLine>
            <TextLine id="r2l32" custom="readingOrder {index:5;}">
                <Coords points="1966,2136 2063,2178 2213,2133 2270,2153 2312,2131 2376,2164 2440,2111 2505,2130 2563,2110 2592,2136 2634,2112 2630,2039 2448,2095 2351,2073 2321,2093 2275,2077 2235,2106 2108,2082 1964,2096"/>
                <Baseline points="1974,2127 2006,2130 2039,2132 2071,2134 2104,2135 2136,2135 2169,2135 2201,2133 2234,2132 2266,2130 2299,2128 2331,2125 2364,2122 2396,2120 2429,2116 2461,2113 2494,2110 2526,2108 2559,2104 2591,2102 2624,2099"/>
                <TextEquiv>
                    <Unicode>Srieff selbs personlich vor minen e</Unicode>
                </TextEquiv>
            </TextLine>
            <TextLine id="r2l33" custom="readingOrder {index:6;}">
                <Coords points="1969,2223 2138,2221 2212,2247 2311,2202 2372,2231 2396,2209 2473,2217 2537,2171 2627,2218 2645,2207 2639,2113 2490,2151 2408,2141 2381,2165 2330,2139 2257,2162 2215,2131 2075,2187 1965,2167"/>
                <Baseline points="1976,2195 2008,2200 2041,2204 2074,2206 2107,2207 2140,2207 2173,2207 2205,2205 2238,2203 2271,2201 2304,2197 2337,2194 2370,2190 2403,2187 2435,2182 2468,2179 2501,2175 2534,2172 2567,2170 2600,2168 2633,2166"/>
                <TextEquiv>
                    <Unicode>Herrn, zeerschinen, abgefetiget worden</Unicode>
                </TextEquiv>
            </TextLine>
            <TextLine id="r2l34" custom="readingOrder {index:7;}">
                <Coords points="1947,2299 2041,2287 2088,2312 2184,2273 2296,2302 2422,2261 2467,2281 2535,2254 2611,2268 2608,2192 2457,2229 2416,2207 2366,2230 2335,2208 2213,2246 2107,2219 2035,2240 1943,2209"/>
                <Baseline points="1955,2261 1987,2265 2019,2268 2051,2270 2084,2271 2116,2271 2148,2271 2181,2271 2213,2270 2245,2268 2278,2265 2310,2262 2342,2260 2374,2257 2407,2254 2439,2250 2471,2249 2504,2245 2536,2243 2568,2241 2601,2240"/>
                <TextEquiv>
                    <Unicode>ist sich nit selbgs für ir .</Unicode>
                </TextEquiv>
            </TextLine>
            <TextLine id="r2l35" custom="readingOrder {index:8;}">
                <Coords points="1973,2358 2045,2369 2108,2341 2212,2370 2243,2346 2374,2353 2417,2327 2541,2326 2596,2290 2637,2299 2633,2258 2565,2271 2535,2253 2453,2291 2290,2302 2263,2286 2186,2316 2109,2290 2089,2312 2041,2289 1968,2304"/>
                <Baseline points="1980,2336 2012,2337 2044,2339 2077,2339 2109,2339 2141,2337 2174,2336 2206,2333 2238,2331 2271,2329 2303,2325 2335,2322 2368,2318 2400,2314 2432,2311 2465,2306 2497,2302 2529,2299 2562,2294 2594,2291 2627,2286"/>
                <TextEquiv>
                    <Unicode>gstellt noch iren g antwirt</Unicode>
                </TextEquiv>
            </TextLine>
            <TextLine id="r2l36" custom="readingOrder {index:9;}">
                <Coords points="1985,2432 2050,2401 2218,2392 2294,2412 2365,2382 2419,2403 2492,2364 2606,2357 2597,2308 2557,2334 2525,2314 2456,2344 2422,2328 2308,2360 2240,2347 2204,2372 1980,2365"/>
                <Baseline points="1991,2397 2021,2397 2051,2397 2081,2397 2112,2397 2142,2395 2172,2393 2203,2392 2233,2388 2263,2387 2294,2384 2324,2381 2354,2378 2384,2374 2415,2371 2445,2368 2475,2364 2506,2361 2536,2358 2566,2355 2597,2351"/>
                <TextEquiv>
                    <Unicode>hierüber erwartett, sonnders</Unicode>
                </TextEquiv>
            </TextLine>
            <TextLine id="r2l37" custom="readingOrder {index:10;}">
                <Coords points="1981,2475 2035,2465 2115,2508 2204,2464 2367,2456 2405,2429 2470,2451 2556,2416 2590,2433 2649,2419 2645,2365 2614,2386 2574,2367 2542,2396 2473,2379 2414,2414 2216,2397 2186,2424 2123,2407 2082,2441 1978,2437"/>
                <Baseline points="1989,2460 2021,2460 2054,2459 2086,2458 2119,2457 2151,2456 2184,2453 2216,2451 2249,2449 2281,2447 2314,2443 2346,2441 2379,2437 2411,2433 2444,2430 2476,2427 2509,2423 2541,2420 2574,2416 2606,2412 2639,2409"/>
                <TextEquiv>
                    <Unicode>enangsachn des alles widerumb</Unicode>
                </TextEquiv>
            </TextLine>
            <TextLine id="r2l38" custom="readingOrder {index:11;}">
                <Coords points="1996,2556 2056,2567 2104,2540 2170,2562 2234,2525 2359,2536 2392,2555 2390,2480 2309,2481 2266,2464 2238,2489 2205,2464 2152,2502 2106,2504 2039,2480 1994,2493"/>
                <Baseline points="2004,2531 2029,2531 2054,2529 2079,2529 2104,2528 2130,2526 2155,2524 2180,2523 2205,2521 2230,2520 2256,2519 2281,2519 2306,2519 2331,2520 2356,2523 2382,2525"/>
                <TextEquiv>
                    <Unicode>uffhin heym zoch.</Unicode>
                </TextEquiv>
            </TextLine>
            <TextEquiv>
                <Unicode>Dannenthin ist er fürnemlich&#13;
gefragt worden, was In verursachet&#13;
oder darmit gmeint das er kurtz¬&#13;
lich vor ertwas tagen, alls er von&#13;
dem amptman zu thun, mit eine&#13;
Srieff selbs personlich vor minen e&#13;
Herrn, zeerschinen, abgefetiget worden&#13;
ist sich nit selbgs für ir .&#13;
gstellt noch iren g antwirt&#13;
hierüber erwartett, sonnders&#13;
enangsachn des alles widerumb&#13;
uffhin heym zoch.</Unicode>
            </TextEquiv>
        </TextRegion>
    </Page>
</PcGts>
