4032 3024
1063 337 1749 541 Estuinde vnnd gehendt zuegen
1088 450 1697 585 ouch erment habendt, deß so er
1087 488 1736 654 sich schuldig wüsse pichtig unnd aned
1088 576 1735 713 zusin. Bitt nin g herren stul
1069 649 1735 785 Ir g. erdulden mag, ime gnedig
1092 707 1745 848 Zusin. welle in allem vnderhäng
1101 791 1753 916 sin, was man mir in heyssen könne.
1082 848 1723 978 Er acht aber min h. Herren nun
1086 910 1672 1027 Ime mit zu enrecht zureden
1093 965 1758 1097 vnnd wüsse mit anderst die wir¬
1095 1020 1719 1154 Zeytt zusagen, dann das er sya
1105 1086 1519 1199 mit gschlagen habe.
1087 1149 1724 1260 Dargegen aber sig wagr, das
1140 1229 1715 1345 Clauc Brächbul der clegeri
1143 1288 1724 1388 man an einem Zinstag inne
1162 1356 1742 1465 etteren vnuersachenlich vnnd
1150 1425 1753 1527 ow ursach ane vorgende wortt
1167 1488 1741 1580 und einich anlaß mitt
1155 1548 1746 1651 einem alpstecken gschlagen
1154 1606 1758 1710 unnd herdfellig genracht
1163 1678 1764 1785 das er Zur selbige Zytt nie¬
1162 1747 1804 1839 nar von mit wüßen unnd erst
1158 1807 1744 1918 überacht tag darnach, als er
1177 1868 1724 1992 sic zu langnoue anwütt
1174 1917 1778 2050 von des empfangnen streichs
1186 2019 1781 2118 wägen gelegt hatte vernomen
1185 2065 1751 2161 men, wie das am nechste
1153 2124 1809 2235 donstag daruor Claus jran
1177 2196 1741 2304 buls frouw übel gschlag
1190 2270 1780 2377 ware, sig ouch Ghundrbar,
1173 2333 1769 2440 das sy die clegerin nach der
1189 2393 1806 2506 wirsetten uff ein krieß
1194 2461 1752 2563 boum gestig₎n ✳ unnd noch
1194 2526 1786 2635 Sechs wuchen das khundt
1782 267 2460 488 g
1779 394 2410 557 zubedenckn gabe, vnnd vietert
1806 453 2443 613 zu erkhundig an den Landt¬
1808 500 2466 667 ein ober yemandts ye der gstalln
1813 598 2427 761 geleydigen habe unnd sich vor¬
1818 649 2464 807 nacher gehallten, so geruwe man
1811 713 2498 872 werde khein clegt ob Ime vernem¬
1820 842 1898 931 men
1818 869 2469 1017 Ist des ersten far, zum anderen
1833 932 2488 1063 mitt den 70. cb unnd unn
1848 993 2445 1100 drittenmal mitt 115 lb
1864 1052 2480 1176 uffzogen worden vnnd zum
1843 1114 2372 1245 feisten noch einest anzog
1866 1195 2398 1318 doch mit vom boden uss
1864 1258 2535 1354 will keinerley aninderer gstall
1884 1332 2279 1443 bekhantlich werden
