4032 3024
1088 245 1726 417 sich solichs verluffen vnnd
1079 336 1742 498 inn was meynnng sy eh
1097 420 1711 552 gechan habe, f dis ir
1070 493 1733 611 fürhalten hat sy seantwer
1047 569 1707 672 wie nit minder dann dzs
1072 623 1739 754 sya sich ein zuchten zreden i
1057 713 1766 825 hag mit dem Pfister krecht
1077 778 1767 900 gnembpt Forentz zu frouwe.
1064 847 1763 971 brunsen inn der Pfistern mir
1076 922 1771 1042 Huri urgaungen, sy hab aber
1068 983 1756 1118 dar nach eheins wegsgwüst
1073 1062 1738 1180 das sy eis kndlins durch
1082 1125 1795 1241 den Pfister Krecht geschwenget
1067 1205 1774 1307 Doch des abents als sy in der
1095 1264 1753 1362 nacht des Eunlins genästenn
1097 1328 1740 1435 hab sy unnd sonnst ettliche
1096 1383 1782 1492 mat) daruor gar übel gfrouen
1076 1451 1768 1565 dasselbig sy der vögtin glagt
1105 1516 1757 1627 mit anzeig sy achte sy wurd
1110 1573 1799 1693 Bald sterben, aber mit gwüße
1100 1642 1815 1755 noch emmpfunden das sja eins kndlins
1105 1693 1824 1819 fragend (so doch wie sy diselbst
1114 1783 1742 1886 günsen. Thab sy vermeint
1088 1838 1773 1936 Es ware mir ein flusz wie
1132 1894 1773 1998 si es vor meer gheot unnd
1082 1947 1808 2064 erhalb wie sy die jungkfromel
1113 2025 1777 2126 es dann im bruch ghest ✳ mit
1131 2077 1767 2175 zucht zreden den bebel zu
1099 2137 1832 2245 Dem samer Fenster us in kannl
1117 2192 1791 2299 gschutet unnd jra Heis wegs
1118 2251 1784 2342 zzu sein komen, das ein semlichs
1127 2305 1811 2415 vorhaunden gsin mit anzeibff
1114 2368 1779 2473 das sy stil des verwundert
1147 2427 1719 2536 schifft als ira die frouw
1159 2482 1745 2582 vogten steinlichs gezeigt unnd
1144 2544 1712 2662 groffgen, doch hab sy groß
2450 203 2519 276 54
1816 247 2464 431 alege ghepen, deßwegen sy nit
1817 313 2495 477 wüssen mocg ob sy sich ettlich
1829 380 2537 543 mas gewirseted ira leyder
1855 436 2493 607 semlichs begegner unnd
1834 525 2479 677 twiil derhalb ein kantlich
1864 591 2464 721 nach anrel sin, das sy mnit
1861 660 2477 783 gesen noch erunkein, Das
1871 724 2492 837 zu vorderbung eins
1853 804 2529 915 Bindlino gedienet habe, mit
1927 858 2484 995 nzeig es fra kast leyd
1876 915 2528 1059 sie das sy des kendlmns zuͦ
1891 995 2497 1107 vil zu früe gnäßen, dann
1905 1060 2491 1178 hate Wellen 1902 loben
1878 1123 2475 1237 d er Ire die g. verlichenn
1890 1183 2520 1316 hat, das sy hat solichs Eindli
1894 1259 2525 1372 b o istner zs ußzwagenn
1905 1312 2534 1427 unnd ein fröliche gebürt an
1890 1397 2524 1499 die welt bring₎ mogen ✳
1909 1618 2560 1743 off denr frytag dem x.
1956 1683 2575 1812 tng Octobris in 156t
1925 1745 2590 1865 Jar in bywisen der fraums
1924 1816 2602 1933 ersammen wysen Her Anchoni
1933 1878 2533 2001 Husers des Ahars franß
1949 1937 2546 2044 Buders der Burgeren
1961 1997 2616 2121 Balllis Galdig großweybels
1943 2070 2598 2178 unnd der weyblen miner e
1959 2161 2135 2250 Heren
2062 2178 2584 2326 Istbech Schiiderin
1985 2274 2600 2436 fbech Echmid rin in der
1955 2353 2624 2480 frauwen sff. So ettwas
2003 2427 2588 2555 yets zu Frangenbru
