4032 3024
2062 364 2536 481 Todem uf vorbemettem
2240 447 2389 535 Tags
2037 487 2516 584 Mein durch sheiren
2039 550 2489 639 Großweybell inn.
2108 601 2399 685 der keffren
1903 700 2566 839 Ist petter fry der giger von
1910 765 2509 886 hosamen befrage sins umb.
1939 809 2588 936 schwayffens halb mit gygen vber
1926 871 2531 993 das min y herren dasselbig
1952 920 2552 1043 verpotten, er unnd sin gsell
1947 972 2557 1091 umbd zuthin die wirt und
1952 1016 2559 1137 Buderben annsterkent unnd
1935 1077 2542 1186 nansechen das nin g herren
1940 1126 2534 1241 In von jugent uf inn
1950 1176 2548 1291 dr s schul zu bosonen iun
1938 1224 2521 1351 Irem kosten erhalten ir g.
1936 1265 2569 1397 vormeine er ein also darvon
1971 1332 2571 1441 gelassen haben sölte, damit er
1960 1361 2571 1487 ouch mit der zu minen uß herrn
1956 1421 2561 1539 hate dienen könnden zeigt
1968 1454 2586 1582 an das im sin vensten oder sold
1960 1502 2551 1646 Ettlicher Vrsachen halb surch
1969 1573 2562 1687 nin gherrten abgstrickt des
1980 1627 2608 1737 wegen, er sich mit einem geselen
1955 1676 2592 1786 der dharoff gschlagen zegegen
1973 1726 2604 1845 ergeben ✳ jedoch nit lanng umbh
1987 1778 2557 1894 gezogen unnd nach miner g
1973 1834 2585 1942 herren vergot dasselbig mit
1978 1880 2615 1996 zuer gebrucht ✳ sin gsell ouch
1995 1924 2606 2035 Ann langist von imb an sein
1982 1958 2633 2106 wüssen hinweg in franck¬
2002 2034 2603 2148 nych gezegen, da er dann da¬
1984 2074 2603 2192 Hennen sie gezoge das gelt
2048 2120 2612 2252 sy ghest namlich ein gutdi
2004 2187 2590 2285 eint itwe enntragen ✳ der
2029 2224 2621 2341 wurten halb, zeügt er an das
2010 2291 2643 2392 er und sin gssel dem wert
2013 2321 2640 2445 zum wysen krüttz 4 s 3 s
2011 2391 2596 2503 zum falcken 29 batzen und
2027 2449 2671 2567 Petter Roslin roszlon ✳ von weg
