<?xml version="1.0" encoding="UTF-8" standalone="yes"?>
<PcGts xmlns="http://schema.primaresearch.org/PAGE/gts/pagecontent/2013-07-15" xmlns:xsi="http://www.w3.org/2001/XMLSchema-instance" xsi:schemaLocation="http://schema.primaresearch.org/PAGE/gts/pagecontent/2013-07-15 http://schema.primaresearch.org/PAGE/gts/pagecontent/2013-07-15/pagecontent.xsd">
    <Metadata>
        <Creator>prov=University of Rostock/Institute of Mathematics/CITlab|PLANET AI GmbH/Gundram Leifert/gundram.leifert@planet-ai.de:name=German_Kurrent_XVI-XVIII_M1(htr_id=19584)::::v=2.6.7
prov=University of Rostock/Institute of Mathematics/CITlab|PLANET AI GmbH/Tobias Gruening/tobias.gruening@planet-ai.de:name=de.uros.citlab.module.baseline2polygon.B2PSeamMultiOriented:v=2.6.7
prov=University of Rostock/Institute of Mathematics/CITlab|PLANET AI GmbH/Tobias Gruening/tobias.gruening@planet-ai.de:name=/net_tf/LA73_249_0mod360.pb:de.uros.citlab.segmentation.CITlab_LA_ML:v=2.6.7
Transkribus</Creator>
        <Created>2021-08-09T22:34:18.913+02:00</Created>
        <LastChange>2023-05-02T10:39:19.461+02:00</LastChange>
        <TranskribusMetadata docId="1349230" pageId="52966509" pageNr="8" tsid="120598296" status="IN_PROGRESS" userId="42748" imgUrl="https://files.transkribus.eu/Get?id=WUGPZGNGRHNPLTYOZQYSLYUP&amp;fileType=view" xmlUrl="https://files.transkribus.eu/Get?id=AQZZKHVDZRTBWUOHOFFBYYPT" imageId="22029606"/>
    </Metadata>
    <Page imageFilename="Foto 23.07.21, 9 40 15 AM.jpg" imageWidth="4032" imageHeight="3024">
        <ReadingOrder>
            <OrderedGroup id="ro_1687513511058" caption="Regions reading order">
                <RegionRefIndexed index="0" regionRef="TextRegion_1683016751428_221"/>
                <RegionRefIndexed index="1" regionRef="TextRegion_1683016756546_226"/>
            </OrderedGroup>
        </ReadingOrder>
        <TextRegion orientation="0.0" type="paragraph" id="TextRegion_1683016751428_221" custom="readingOrder {index:0;} structure {type:paragraph;}">
            <Coords points="935,210 1854,222 1854,1638 1854,2651 935,2639 935,1638"/>
            <TextLine id="r1l1" custom="readingOrder {index:0;}">
                <Coords points="1001,281 1163,281 1232,339 1317,308 1339,335 1582,366 1626,404 1740,387 1812,439 1822,387 1616,293 1538,307 1488,261 1220,245 1186,200 1123,238 1021,177"/>
                <Baseline points="1013,246 1052,260 1092,270 1132,279 1172,288 1212,295 1251,303 1291,308 1331,314 1371,320 1411,324 1450,331 1490,336 1530,343 1570,351 1610,359 1649,368 1689,379 1729,392 1769,407 1809,425"/>
                <TextEquiv>
                    <Unicode>desift elshen</Unicode>
                </TextEquiv>
            </TextLine>
            <TextLine id="line_1676463809656_309" custom="readingOrder {index:1;}">
                <Coords points="1036,318 1202,310 1523,352 1796,447 1805,452 1795,497 1059,389 1029,366"/>
                <Baseline points="1038,342 1074,352 1110,359 1146,366 1182,374 1218,378 1254,383 1290,387 1326,392 1362,396 1398,400 1434,404 1470,407 1506,413 1542,417 1578,422 1614,428 1650,435 1686,443 1722,452 1758,461 1779,474 1794,477"/>
                <TextEquiv>
                    <Unicode>pt dabst wie das si ui 4.</Unicode>
                </TextEquiv>
            </TextLine>
            <TextLine id="line_1676463803101_305" custom="readingOrder {index:2;}">
                <Coords points="1020,386 1144,384 1248,383 1669,432 1807,508 1818,528 1794,562 1552,532 1330,496 1016,419"/>
                <Baseline points="1023,407 1059,416 1096,424 1133,432 1170,438 1206,444 1243,447 1280,452 1317,456 1353,459 1390,461 1427,465 1464,468 1500,472 1537,475 1574,480 1611,485 1647,492 1684,499 1721,508 1758,518 1775,528 1799,546"/>
                <TextEquiv>
                    <Unicode>mall sin geneitschafft hing S.</Unicode>
                </TextEquiv>
            </TextLine>
            <TextLine id="r1l5" custom="readingOrder {index:3;} person {offset:8; length:6;}">
                <Coords points="1028,499 1110,546 1245,510 1317,560 1466,533 1500,563 1536,543 1592,585 1684,567 1803,616 1807,552 1765,564 1589,506 1541,527 1496,485 1410,517 1363,483 1294,499 1259,468 1087,467 1036,428"/>
                <Baseline points="1035,483 1073,491 1111,499 1149,505 1188,510 1226,515 1264,519 1302,523 1341,526 1379,529 1417,532 1455,534 1494,538 1532,542 1570,547 1608,552 1647,558 1685,565 1723,573 1761,582 1800,593"/>
                <TextEquiv>
                    <Unicode>achttsr Urbana in jrsin sant</Unicode>
                </TextEquiv>
            </TextLine>
            <TextLine id="r1l7" custom="readingOrder {index:4;}">
                <Coords points="1038,565 1232,608 1366,593 1638,664 1758,640 1809,667 1813,627 1748,586 1592,585 1464,548 1237,570 1161,521 1104,549 1043,519"/>
                <Baseline points="1044,557 1082,564 1120,570 1158,575 1196,579 1234,582 1272,585 1310,588 1348,590 1386,593 1424,596 1462,597 1500,600 1538,604 1576,607 1614,612 1652,618 1690,624 1728,632 1766,641 1805,651"/>
                <TextEquiv>
                    <Unicode>vnnde sindn, beldt eeheest gab</Unicode>
                </TextEquiv>
            </TextLine>
            <TextLine id="r1l8" custom="readingOrder {index:5;}">
                <Coords points="1020,660 1133,629 1196,663 1323,655 1471,697 1697,697 1804,739 1811,674 1760,640 1622,663 1552,627 1452,637 1366,593 1314,623 1280,593 1153,610 1029,579"/>
                <Baseline points="1029,626 1067,630 1106,635 1144,638 1183,642 1221,645 1260,648 1298,651 1337,654 1375,658 1414,661 1453,665 1491,668 1530,673 1568,678 1607,683 1645,689 1684,696 1722,705 1761,713 1800,723"/>
                <TextEquiv>
                    <Unicode>Ist bsckandtlich se habe alde</Unicode>
                </TextEquiv>
            </TextLine>
            <TextLine id="r1l9" custom="readingOrder {index:6;}">
                <Coords points="1037,706 1080,731 1223,705 1442,723 1561,785 1618,749 1690,750 1817,816 1825,743 1716,727 1693,698 1494,705 1322,655 1253,688 1152,643 1042,659"/>
                <Baseline points="1044,687 1082,690 1121,695 1159,698 1198,701 1236,703 1275,707 1313,708 1352,712 1390,715 1429,719 1468,723 1506,728 1545,733 1583,738 1622,744 1660,750 1699,757 1737,766 1776,775 1815,785"/>
                <TextEquiv>
                    <Unicode>das zum anderen maln sin fleiliche</Unicode>
                </TextEquiv>
            </TextLine>
            <TextLine id="r1l10" custom="readingOrder {index:7;}">
                <Coords points="1038,755 1101,791 1261,760 1561,814 1594,800 1632,841 1663,819 1765,837 1793,812 1675,755 1563,784 1462,737 1182,742 1043,705"/>
                <Baseline points="1044,749 1081,752 1118,756 1155,760 1192,762 1229,765 1266,768 1303,771 1340,775 1377,778 1414,782 1451,784 1488,787 1525,792 1562,796 1599,801 1636,805 1673,811 1710,817 1747,824 1785,831"/>
                <TextEquiv>
                    <Unicode>begirtt mit irenn erstader</Unicode>
                </TextEquiv>
            </TextLine>
            <TextLine id="r1l11" custom="readingOrder {index:8;}">
                <Coords points="1034,823 1227,815 1281,857 1365,833 1430,871 1528,852 1623,896 1674,877 1821,920 1827,861 1777,875 1664,819 1608,845 1536,816 1461,827 1408,780 1313,800 1245,765 1170,798 1041,759"/>
                <Baseline points="1041,807 1079,811 1118,815 1157,818 1196,822 1235,825 1273,828 1312,831 1351,835 1390,839 1429,841 1467,846 1506,850 1545,854 1584,860 1623,866 1661,872 1700,879 1739,886 1778,893 1817,903"/>
                <TextEquiv>
                    <Unicode>dene sagtt Hya ob r seinen willen</Unicode>
                </TextEquiv>
            </TextLine>
            <TextLine id="r1l12" custom="readingOrder {index:9;}">
                <Coords points="1029,887 1436,906 1576,955 1650,923 1702,961 1799,953 1803,906 1759,916 1673,878 1621,899 1552,869 1391,881 1330,837 1283,858 1226,815 1031,856"/>
                <Baseline points="1035,875 1074,878 1114,882 1154,884 1194,887 1234,891 1274,894 1314,896 1354,898 1394,902 1434,905 1474,907 1514,910 1554,914 1594,918 1634,922 1674,927 1714,933 1754,938 1794,945"/>
                <TextEquiv>
                    <Unicode>mit irenn bracht hab ✳ habe</Unicode>
                </TextEquiv>
            </TextLine>
            <TextLine id="r1l13" custom="readingOrder {index:10;}">
                <Coords points="1041,952 1380,971 1483,1028 1555,985 1620,1028 1682,1001 1830,1037 1834,991 1678,948 1515,955 1455,921 1408,949 1371,927 1312,944 1045,899"/>
                <Baseline points="1047,942 1086,945 1125,948 1164,949 1203,953 1242,954 1281,957 1320,959 1359,962 1398,965 1437,967 1476,971 1515,974 1554,978 1593,983 1632,986 1671,991 1710,997 1749,1003 1788,1009 1827,1016"/>
                <TextEquiv>
                    <Unicode>sr. Irnan ein schwartz bar tre</Unicode>
                </TextEquiv>
            </TextLine>
            <TextLine id="r1l14" custom="readingOrder {index:11;}">
                <Coords points="1039,1055 1273,1023 1357,1062 1399,1045 1450,1083 1619,1065 1670,1103 1709,1079 1821,1107 1826,1040 1781,1023 1658,1036 1541,996 1462,1027 1382,972 1299,1008 1144,979 1081,1003 1045,980"/>
                <Baseline points="1047,1022 1085,1023 1124,1024 1162,1025 1201,1026 1239,1028 1278,1030 1316,1032 1355,1034 1393,1037 1432,1040 1471,1041 1509,1045 1548,1049 1586,1053 1625,1056 1663,1060 1702,1064 1740,1068 1779,1073 1818,1079"/>
                <TextEquiv>
                    <Unicode>gabenn unnd iunzytt ettliche</Unicode>
                </TextEquiv>
            </TextLine>
            <TextLine id="r1l15" custom="readingOrder {index:12;}">
                <Coords points="1060,1096 1155,1113 1182,1098 1215,1101 1250,1120 1284,1101 1334,1110 1357,1130 1396,1122 1397,1072 1361,1058 1298,1065 1270,1054 1243,1065 1182,1034 1145,1055 1111,1036 1061,1041"/>
                <Baseline points="1065,1091 1090,1091 1115,1091 1140,1091 1165,1091 1190,1092 1215,1092 1240,1093 1265,1094 1290,1095 1315,1096 1340,1097 1365,1099 1391,1101"/>
                <TextEquiv>
                    <Unicode>stuck gelt</Unicode>
                </TextEquiv>
            </TextLine>
            <TextLine id="r1l16" custom="readingOrder {index:13;}">
                <Coords points="1041,1172 1165,1190 1207,1169 1250,1203 1544,1161 1760,1215 1834,1182 1835,1116 1808,1109 1684,1149 1601,1103 1408,1141 1289,1104 1217,1139 1043,1085"/>
                <Baseline points="1047,1154 1086,1155 1125,1156 1164,1157 1203,1158 1242,1158 1281,1158 1320,1158 1359,1158 1398,1158 1438,1158 1477,1159 1516,1160 1555,1160 1594,1161 1633,1162 1672,1164 1711,1166 1750,1169 1789,1171 1829,1175"/>
                <TextEquiv>
                    <Unicode>daruff grbtt  denn bscheide</Unicode>
                </TextEquiv>
            </TextLine>
            <TextLine id="r1l17" custom="readingOrder {index:14;}">
                <Coords points="1035,1221 1120,1250 1219,1219 1267,1256 1308,1221 1626,1213 1816,1254 1817,1215 1688,1210 1543,1162 1373,1201 1334,1180 1248,1197 1207,1170 1036,1194"/>
                <Baseline points="1040,1215 1078,1215 1117,1215 1155,1215 1194,1215 1232,1215 1271,1215 1309,1214 1348,1214 1386,1214 1425,1214 1464,1214 1502,1215 1541,1217 1579,1218 1618,1220 1656,1224 1695,1228 1733,1233 1772,1238 1811,1245"/>
                <TextEquiv>
                    <Unicode>er habe ersten ein das bar erenet</Unicode>
                </TextEquiv>
            </TextLine>
            <TextLine id="r1l18" custom="readingOrder {index:15;} place {offset:25; length:4;}">
                <Coords points="1048,1287 1130,1303 1178,1273 1273,1316 1321,1280 1354,1302 1571,1273 1826,1313 1827,1251 1727,1265 1684,1233 1559,1218 1496,1256 1379,1215 1267,1256 1206,1231 1147,1255 1049,1234"/>
                <Baseline points="1053,1277 1091,1277 1129,1277 1168,1275 1206,1275 1245,1275 1283,1274 1321,1274 1360,1274 1398,1274 1437,1274 1475,1274 1513,1275 1552,1275 1590,1277 1629,1278 1667,1280 1705,1281 1744,1284 1782,1286 1821,1289"/>
                <TextEquiv>
                    <Unicode>vs geh mß Irer mutter zu mors</Unicode>
                </TextEquiv>
            </TextLine>
            <TextLine id="r1l19" custom="readingOrder {index:16;}">
                <Coords points="1047,1356 1106,1351 1180,1388 1274,1344 1361,1341 1486,1390 1570,1340 1650,1388 1717,1347 1829,1356 1829,1323 1724,1320 1679,1291 1572,1313 1474,1271 1364,1308 1209,1297 1167,1328 1088,1279 1046,1287"/>
                <Baseline points="1052,1349 1090,1347 1129,1346 1167,1344 1206,1342 1245,1340 1283,1339 1322,1338 1360,1337 1399,1335 1438,1335 1476,1334 1515,1334 1553,1334 1592,1334 1631,1335 1669,1336 1708,1337 1746,1340 1785,1342 1824,1346"/>
                <TextEquiv>
                    <Unicode>khoufft, vnnd habe Irenn</Unicode>
                </TextEquiv>
            </TextLine>
            <TextLine id="r1l20" custom="readingOrder {index:17;}">
                <Coords points="1050,1453 1131,1418 1264,1413 1531,1414 1635,1443 1714,1409 1779,1448 1823,1424 1823,1371 1757,1351 1657,1387 1614,1362 1410,1396 1312,1360 1193,1396 1050,1359"/>
                <Baseline points="1055,1415 1093,1413 1131,1413 1169,1413 1207,1412 1245,1412 1283,1412 1322,1412 1360,1410 1398,1410 1436,1410 1474,1410 1512,1410 1550,1410 1589,1410 1627,1410 1665,1410 1703,1410 1741,1410 1779,1410 1818,1410"/>
                <TextEquiv>
                    <Unicode>offtermallenn ettwaß gelts gäbn</Unicode>
                </TextEquiv>
            </TextLine>
            <TextLine id="r1l21" custom="readingOrder {index:18;} person {offset:9; length:7;}">
                <Coords points="1050,1484 1829,1484 1828,1435 1789,1452 1749,1423 1643,1453 1549,1431 1447,1447 1375,1414 1311,1441 1195,1422 1050,1454"/>
                <Baseline points="1055,1472 1093,1475 1131,1476 1170,1478 1208,1478 1247,1478 1285,1478 1323,1478 1362,1476 1400,1475 1439,1475 1477,1473 1515,1472 1554,1472 1592,1470 1631,1470 1669,1470 1707,1471 1746,1472 1784,1473 1823,1476"/>
                <TextEquiv>
                    <Unicode>absr spa vrbanna habe im es ab¬</Unicode>
                </TextEquiv>
            </TextLine>
            <TextLine id="r1l22" custom="readingOrder {index:19;}">
                <Coords points="1033,1593 1444,1537 1644,1561 1724,1523 1791,1559 1849,1539 1848,1497 1659,1476 1540,1498 1490,1473 1404,1500 1311,1487 1250,1523 1127,1479 1030,1517"/>
                <Baseline points="1037,1556 1077,1554 1117,1551 1158,1550 1198,1548 1238,1545 1279,1544 1319,1541 1359,1539 1400,1536 1440,1535 1480,1533 1521,1532 1561,1532 1601,1530 1642,1530 1682,1530 1722,1531 1763,1532 1803,1533 1844,1535"/>
                <TextEquiv>
                    <Unicode>geforderett, vnnd von Ime beget</Unicode>
                </TextEquiv>
            </TextLine>
            <TextLine id="r1l23" custom="readingOrder {index:20;}">
                <Coords points="1038,1757 1123,1775 1222,1730 1293,1787 1385,1747 1562,1773 1641,1737 1786,1737 1786,1696 1498,1671 1398,1720 1247,1678 1189,1711 1106,1689 1038,1716"/>
                <Baseline points="1043,1739 1079,1738 1116,1737 1153,1737 1190,1738 1227,1739 1264,1739 1301,1740 1338,1742 1375,1742 1412,1743 1448,1743 1485,1745 1522,1745 1559,1743 1596,1743 1633,1742 1670,1740 1707,1737 1744,1735 1781,1730"/>
                <TextEquiv>
                    <Unicode>Dir sehß andiekell ist des</Unicode>
                </TextEquiv>
            </TextLine>
            <TextLine id="r1l24" custom="readingOrder {index:21;}">
                <Coords points="1651,1779 1659,1781 1677,1771 1698,1776 1728,1767 1736,1774 1776,1768 1782,1771 1790,1767 1789,1738 1773,1737 1766,1745 1753,1744 1745,1750 1734,1742 1725,1745 1712,1735 1695,1739 1682,1749 1668,1744 1661,1750 1649,1748"/>
                <Baseline points="1656,1770 1681,1768 1707,1766 1733,1764 1759,1763 1785,1764"/>
                <TextEquiv>
                    <Unicode>mes</Unicode>
                </TextEquiv>
            </TextLine>
            <TextLine id="r1l25" custom="readingOrder {index:22;} person {offset:15; length:13;}">
                <Coords points="1075,1803 1203,1825 1381,1809 1414,1836 1455,1798 1542,1828 1732,1796 1770,1829 1820,1803 1819,1753 1686,1784 1425,1760 1304,1790 1221,1736 1180,1769 1074,1780"/>
                <Baseline points="1080,1799 1116,1799 1153,1801 1190,1802 1226,1803 1263,1803 1300,1805 1336,1805 1373,1805 1410,1805 1447,1805 1483,1805 1520,1803 1557,1803 1593,1802 1630,1801 1667,1799 1703,1798 1740,1797 1777,1795 1814,1793"/>
                <TextEquiv>
                    <Unicode>ihalts, als sy urbenna ersan</Unicode>
                </TextEquiv>
            </TextLine>
            <TextLine id="r1l26" custom="readingOrder {index:23;}">
                <Coords points="1065,1874 1235,1854 1421,1900 1465,1876 1547,1897 1606,1862 1676,1877 1728,1850 1819,1867 1819,1827 1773,1831 1729,1796 1683,1830 1526,1819 1484,1843 1443,1814 1409,1837 1381,1810 1234,1808 1196,1831 1065,1812"/>
                <Baseline points="1070,1851 1107,1851 1144,1851 1181,1853 1218,1853 1256,1854 1293,1854 1330,1855 1367,1856 1404,1857 1442,1857 1479,1857 1516,1857 1553,1857 1590,1857 1628,1857 1665,1856 1702,1854 1739,1853 1776,1851 1814,1848"/>
                <TextEquiv>
                    <Unicode>and daß sya schwangst won</Unicode>
                </TextEquiv>
            </TextLine>
            <TextLine id="r1l27" custom="readingOrder {index:24;}">
                <Coords points="1080,1943 1188,1897 1280,1936 1390,1919 1543,1951 1688,1908 1851,1910 1851,1870 1796,1863 1431,1899 1280,1859 1183,1880 1081,1863"/>
                <Baseline points="1086,1899 1125,1901 1165,1902 1205,1903 1245,1905 1285,1907 1325,1908 1365,1910 1405,1911 1445,1913 1485,1913 1525,1913 1565,1914 1605,1913 1645,1913 1685,1911 1725,1910 1765,1907 1805,1903 1845,1899"/>
                <TextEquiv>
                    <Unicode>stagt sy zu Gesaptten Irrem waffese</Unicode>
                </TextEquiv>
            </TextLine>
            <TextLine id="r1l28" custom="readingOrder {index:25;}">
                <Coords points="1083,1976 1156,1993 1196,1967 1286,1985 1333,1966 1396,1996 1455,1967 1612,1963 1642,1989 1705,1987 1804,1960 1804,1911 1527,1955 1423,1924 1259,1944 1205,1900 1083,1930"/>
                <Baseline points="1088,1961 1123,1962 1159,1962 1194,1964 1230,1964 1265,1965 1301,1965 1336,1967 1372,1967 1407,1967 1443,1967 1479,1967 1514,1967 1550,1967 1585,1965 1621,1965 1656,1964 1692,1962 1727,1959 1763,1958 1799,1955"/>
                <TextEquiv>
                    <Unicode>er bötten an jesen sin grosses</Unicode>
                </TextEquiv>
            </TextLine>
            <TextLine id="r1l29" custom="readingOrder {index:26;}">
                <Coords points="1082,2020 1187,2052 1251,2008 1279,2035 1447,2044 1508,2013 1534,2032 1626,2008 1732,2039 1778,2013 1832,2022 1822,1966 1643,1993 1612,1963 1532,1995 1436,1976 1400,1999 1333,1966 1082,1987"/>
                <Baseline points="1088,2006 1124,2008 1161,2010 1198,2012 1235,2013 1272,2015 1309,2016 1346,2018 1383,2018 1420,2018 1457,2018 1493,2018 1530,2017 1567,2016 1604,2015 1641,2013 1678,2011 1715,2010 1752,2008 1789,2005 1826,2003"/>
                <TextEquiv>
                    <Unicode>caster verbracht und bezangen</Unicode>
                </TextEquiv>
            </TextLine>
            <TextLine id="r1l30" custom="readingOrder {index:27;}">
                <Coords points="1092,2071 1167,2070 1211,2103 1295,2071 1414,2076 1493,2109 1579,2072 1694,2102 1756,2066 1820,2065 1820,2032 1766,2022 1644,2026 1593,2058 1513,2021 1458,2053 1413,2025 1348,2058 1240,2015 1194,2052 1092,2030"/>
                <Baseline points="1097,2060 1132,2061 1168,2063 1204,2064 1240,2066 1276,2068 1312,2070 1347,2072 1383,2073 1419,2073 1455,2075 1491,2075 1527,2075 1563,2075 1598,2075 1634,2073 1670,2070 1706,2067 1742,2063 1778,2058 1814,2052"/>
                <TextEquiv>
                    <Unicode>unnd syn aller irs eehrsem</Unicode>
                </TextEquiv>
            </TextLine>
            <TextLine id="r1l31" custom="readingOrder {index:28;}">
                <Coords points="1091,2117 1291,2139 1481,2111 1591,2167 1652,2136 1755,2157 1838,2131 1839,2101 1770,2106 1740,2077 1566,2109 1506,2073 1214,2100 1092,2081"/>
                <Baseline points="1097,2111 1133,2111 1170,2111 1207,2112 1244,2112 1281,2115 1317,2116 1354,2118 1391,2121 1428,2121 1465,2124 1501,2125 1538,2126 1575,2127 1612,2127 1649,2127 1685,2127 1722,2126 1759,2124 1796,2122 1833,2118"/>
                <TextEquiv>
                    <Unicode>entrorbett, do pracht sr zum</Unicode>
                </TextEquiv>
            </TextLine>
            <TextLine id="r1l32" custom="readingOrder {index:29;}">
                <Coords points="1089,2173 1156,2156 1211,2196 1293,2164 1452,2197 1671,2182 1709,2213 1764,2196 1766,2153 1729,2137 1557,2162 1533,2139 1429,2144 1369,2118 1300,2152 1249,2127 1223,2147 1091,2116"/>
                <Baseline points="1095,2153 1128,2154 1161,2157 1194,2158 1228,2161 1261,2162 1294,2165 1327,2168 1361,2170 1394,2172 1427,2173 1460,2175 1494,2177 1527,2177 1560,2178 1593,2178 1627,2178 1660,2178 1693,2177 1726,2175 1760,2172"/>
                <TextEquiv>
                    <Unicode>frnunß sölt ofdrerse sin</Unicode>
                </TextEquiv>
            </TextLine>
            <TextLine id="r1l33" custom="readingOrder {index:30;}">
                <Coords points="1061,2209 1189,2204 1275,2246 1494,2227 1601,2270 1652,2235 1835,2232 1837,2176 1709,2211 1588,2184 1502,2214 1373,2180 1297,2210 1169,2160 1123,2183 1063,2167"/>
                <Baseline points="1067,2196 1105,2200 1143,2205 1181,2208 1219,2211 1257,2215 1295,2218 1334,2220 1372,2223 1410,2226 1448,2227 1486,2229 1524,2229 1562,2231 1601,2231 1639,2231 1677,2230 1715,2229 1753,2227 1791,2225 1830,2222"/>
                <TextEquiv>
                    <Unicode>uind spa das nit beschwerenn lat</Unicode>
                </TextEquiv>
            </TextLine>
            <TextLine id="r1l34" custom="readingOrder {index:31;}">
                <Coords points="1086,2265 1443,2284 1477,2309 1749,2286 1807,2310 1809,2253 1783,2248 1684,2268 1652,2236 1600,2271 1551,2245 1263,2245 1197,2208 1148,2241 1088,2225"/>
                <Baseline points="1091,2259 1126,2259 1162,2260 1197,2261 1233,2263 1269,2265 1304,2268 1340,2271 1375,2275 1411,2277 1447,2279 1482,2283 1518,2285 1553,2286 1589,2288 1625,2289 1660,2289 1696,2288 1731,2286 1767,2282 1803,2279"/>
                <TextEquiv>
                    <Unicode>n. dann er welte sya mit</Unicode>
                </TextEquiv>
            </TextLine>
            <TextLine id="r1l35" custom="readingOrder {index:32;} person {offset:0; length:13;}">
                <Coords points="1065,2348 1112,2360 1183,2329 1231,2358 1289,2336 1387,2365 1434,2342 1666,2391 1727,2350 1768,2379 1834,2363 1830,2301 1758,2322 1585,2284 1510,2317 1359,2323 1068,2267"/>
                <Baseline points="1071,2318 1110,2319 1150,2322 1190,2325 1230,2327 1270,2330 1310,2333 1350,2337 1390,2340 1430,2342 1470,2345 1510,2346 1550,2348 1590,2349 1630,2349 1670,2348 1710,2346 1750,2343 1790,2340 1830,2336"/>
                <TextEquiv>
                    <Unicode>Johann manung von nönsz pchlichn</Unicode>
                </TextEquiv>
            </TextLine>
            <TextLine id="r1l36" custom="readingOrder {index:33;}">
                <Coords points="1080,2385 1502,2428 1754,2408 1819,2452 1858,2441 1861,2378 1774,2382 1733,2354 1666,2390 1428,2343 1389,2368 1346,2347 1309,2368 1278,2345 1082,2355"/>
                <Baseline points="1086,2372 1124,2375 1162,2377 1201,2380 1239,2383 1278,2387 1316,2389 1354,2392 1393,2395 1431,2396 1470,2400 1508,2402 1546,2403 1585,2406 1623,2407 1662,2408 1700,2409 1738,2409 1777,2409 1815,2409 1854,2408"/>
                <TextEquiv>
                    <Unicode>aber ettliche, D tac darnach ewagt</Unicode>
                </TextEquiv>
            </TextLine>
            <TextLine id="r1l37" custom="readingOrder {index:34;}">
                <Coords points="1093,2429 1298,2453 1330,2480 1451,2455 1714,2479 1771,2475 1774,2413 1660,2427 1641,2410 1509,2443 1351,2401 1259,2396 1201,2420 1094,2394"/>
                <Baseline points="1098,2424 1131,2429 1164,2433 1198,2436 1231,2439 1265,2442 1298,2446 1331,2449 1365,2450 1398,2452 1432,2454 1465,2456 1498,2457 1532,2459 1565,2459 1599,2460 1632,2460 1665,2460 1699,2460 1732,2460 1766,2460"/>
                <TextEquiv>
                    <Unicode> mich ausz sann morst ✳ und</Unicode>
                </TextEquiv>
            </TextLine>
            <TextLine id="r1l38" custom="readingOrder {index:35;} person {offset:0; length:2; continued:true;}">
                <Coords points="1140,2462 1162,2464 1169,2471 1185,2460 1192,2463 1205,2457 1218,2469 1224,2466 1229,2471 1237,2472 1240,2446 1196,2443 1175,2433 1169,2437 1166,2433 1152,2437 1143,2435"/>
                <Baseline points="1146,2453 1175,2454 1204,2461 1233,2462"/>
                <TextEquiv>
                    <Unicode>ra</Unicode>
                </TextEquiv>
            </TextLine>
            <TextLine id="r1l39" custom="readingOrder {index:36;} person {offset:0; length:8; continued:true;}">
                <Coords points="1457,2493 1472,2496 1494,2483 1517,2494 1554,2478 1572,2488 1594,2488 1612,2505 1619,2498 1658,2504 1659,2462 1632,2470 1616,2459 1590,2471 1566,2457 1547,2466 1502,2458 1473,2466 1458,2458"/>
                <Baseline points="1463,2480 1490,2482 1517,2483 1544,2484 1571,2484 1598,2483 1625,2483 1653,2481"/>
                <TextEquiv>
                    <Unicode>letlinfe</Unicode>
                </TextEquiv>
            </TextLine>
            <TextLine id="r1l40" custom="readingOrder {index:37;}">
                <Coords points="1091,2490 1152,2490 1184,2521 1305,2500 1392,2548 1521,2523 1660,2541 1714,2516 1788,2534 1842,2524 1844,2484 1511,2494 1093,2436"/>
                <Baseline points="1097,2472 1134,2476 1171,2482 1208,2486 1245,2491 1282,2494 1319,2498 1356,2501 1393,2505 1430,2507 1467,2508 1504,2511 1541,2513 1578,2513 1615,2514 1652,2514 1689,2514 1726,2514 1763,2513 1800,2512 1838,2510"/>
                <TextEquiv>
                    <Unicode>brüchte in zweygen unnd in sine</Unicode>
                </TextEquiv>
            </TextLine>
            <TextLine id="r1l41" custom="readingOrder {index:38;}">
                <Coords points="1101,2543 1324,2585 1373,2570 1459,2617 1518,2589 1815,2603 1807,2524 1769,2549 1713,2517 1628,2561 1573,2527 1533,2551 1442,2530 1303,2546 1254,2501 1181,2526 1104,2504"/>
                <Baseline points="1107,2529 1142,2536 1177,2540 1212,2545 1248,2551 1283,2556 1318,2560 1353,2563 1389,2567 1424,2571 1459,2574 1494,2576 1530,2578 1565,2579 1600,2580 1635,2580 1671,2580 1706,2579 1741,2577 1776,2575 1812,2571"/>
                <TextEquiv>
                    <Unicode>drücklin, ettliche dranck vnd</Unicode>
                </TextEquiv>
            </TextLine>
            <TextLine id="r1l42" custom="readingOrder {index:39;}">
                <Coords points="1098,2602 1204,2600 1282,2641 1540,2639 1656,2681 1775,2677 1818,2656 1823,2601 1642,2594 1580,2615 1524,2588 1466,2614 1403,2580 1368,2595 1103,2543"/>
                <Baseline points="1104,2586 1139,2589 1175,2592 1210,2595 1246,2599 1281,2604 1317,2608 1352,2613 1388,2618 1423,2622 1459,2626 1495,2630 1530,2633 1566,2636 1601,2639 1637,2640 1672,2640 1708,2640 1743,2639 1779,2637 1815,2633"/>
                <TextEquiv>
                    <Unicode>Seldtline, als aber er söllich</Unicode>
                </TextEquiv>
            </TextLine>
            <TextEquiv>
                <Unicode>desift elshen
pt dabst wie das si ui 4.
mall sin geneitschafft hing S.
achttsr Urbana in jrsin sant
vnnde sindn, beldt eeheest gab
Ist bsckandtlich se habe alde
das zum anderen maln sin fleiliche
begirtt mit irenn erstader
dene sagtt Hya ob r seinen willen
mit irenn bracht hab ✳ habe
sr. Irnan ein schwartz bar tre
gabenn unnd iunzytt ettliche
stuck gelt
daruff grbtt  denn bscheide
er habe ersten ein das bar erenet
vs geh mß Irer mutter zu mors
khoufft, vnnd habe Irenn
offtermallenn ettwaß gelts gäbn
absr spa vrbanna habe im es ab¬
geforderett, vnnd von Ime beget
Dir sehß andiekell ist des
mes
ihalts, als sy urbenna ersan
and daß sya schwangst won
stagt sy zu Gesaptten Irrem waffese
er bötten an jesen sin grosses
caster verbracht und bezangen
unnd syn aller irs eehrsem
entrorbett, do pracht sr zum
frnunß sölt ofdrerse sin
uind spa das nit beschwerenn lat
n. dann er welte sya mit
Johann manung von nönsz pchlichn
aber ettliche, D tac darnach ewagt
 mich ausz sann morst ✳ und
ra
letlinfe
brüchte in zweygen unnd in sine
drücklin, ettliche dranck vnd
Seldtline, als aber er söllich</Unicode>
            </TextEquiv>
        </TextRegion>
        <TextRegion orientation="0.0" type="paragraph" id="TextRegion_1683016756546_226" custom="readingOrder {index:1;}">
            <Coords points="1851,111 2797,111 2802,2667 1856,2667 1854,2023"/>
            <TextLine id="r2l1" custom="readingOrder {index:0;}">
                <Coords points="1849,401 1998,372 2056,393 2159,348 2370,344 2611,283 2661,299 2685,286 2677,231 2588,267 2511,241 2469,291 2217,289 2113,326 2063,301 2008,345 1963,319 1845,373"/>
                <Baseline points="1854,396 1895,388 1936,380 1977,373 2019,365 2060,359 2101,353 2142,347 2184,342 2225,338 2266,332 2307,328 2349,323 2390,318 2431,314 2472,309 2514,305 2555,300 2596,294 2637,288 2679,282"/>
                <TextEquiv>
                    <Unicode>wederen Irenn vber antwindtett bad</Unicode>
                </TextEquiv>
            </TextLine>
            <TextLine id="r2l2" custom="readingOrder {index:1;}">
                <Coords points="1854,458 2060,405 2167,419 2234,392 2282,417 2390,370 2503,373 2548,405 2581,370 2637,396 2686,375 2679,307 2610,285 2552,333 2427,323 2390,356 2306,336 2055,393 1848,401"/>
                <Baseline points="1857,438 1898,432 1939,426 1980,421 2021,415 2062,411 2103,405 2144,402 2185,398 2226,394 2267,391 2308,387 2349,383 2390,380 2431,376 2472,372 2513,367 2554,362 2595,358 2636,352 2678,347"/>
                <TextEquiv>
                    <Unicode>vhett, bätte er sya sölte sollich</Unicode>
                </TextEquiv>
            </TextLine>
            <TextLine id="r2l3" custom="readingOrder {index:2;}">
                <Coords points="1867,499 2053,464 2157,499 2228,488 2278,445 2616,431 2612,395 2543,405 2502,373 2457,400 2390,371 2359,404 2327,390 2266,418 2234,393 2206,417 2068,422 2017,455 1919,429 1863,465"/>
                <Baseline points="1871,492 1907,487 1944,482 1981,477 2018,473 2055,469 2092,465 2129,461 2166,457 2203,454 2240,450 2276,448 2313,444 2350,442 2387,438 2424,434 2461,431 2498,428 2535,424 2572,420 2609,416"/>
                <TextEquiv>
                    <Unicode>nederm bruch so wurde, sa in</Unicode>
                </TextEquiv>
            </TextLine>
            <TextLine id="r2l4" custom="readingOrder {index:3;}">
                <Coords points="1853,561 2260,525 2335,493 2402,517 2425,493 2662,483 2687,467 2681,410 2526,428 2470,474 2300,460 2131,506 1992,488 1848,515"/>
                <Baseline points="1857,558 1898,552 1939,545 1980,539 2022,532 2063,526 2104,522 2145,517 2187,512 2228,508 2269,504 2310,500 2352,496 2393,492 2434,489 2475,486 2517,482 2558,479 2599,476 2640,473 2682,468"/>
                <TextEquiv>
                    <Unicode>dry oder vor tagenn psundt und</Unicode>
                </TextEquiv>
            </TextLine>
            <TextLine id="r2l5" custom="readingOrder {index:4;}">
                <Coords points="1849,621 1953,648 2042,584 2098,609 2257,561 2365,586 2447,547 2689,540 2683,486 2608,480 2566,510 2425,493 2356,529 2151,519 1844,574"/>
                <Baseline points="1854,615 1895,607 1936,601 1978,595 2019,589 2061,583 2102,578 2143,573 2185,569 2226,565 2268,561 2309,557 2350,554 2392,551 2433,546 2475,543 2516,540 2557,537 2599,534 2640,532 2682,528"/>
                <TextEquiv>
                    <Unicode>des sy sich jntz beckraptt₎ ledig wer¬</Unicode>
                </TextEquiv>
            </TextLine>
            <TextLine id="r2l6" custom="readingOrder {index:5;}">
                <Coords points="1860,688 2062,654 2146,686 2383,616 2455,634 2687,606 2682,549 2431,600 2256,561 2134,635 1947,656 1855,633"/>
                <Baseline points="1865,680 1905,674 1946,668 1987,663 2028,657 2069,653 2109,648 2150,644 2191,640 2232,636 2273,632 2313,629 2354,626 2395,622 2436,618 2477,614 2517,611 2558,607 2599,603 2640,599 2681,593"/>
                <TextEquiv>
                    <Unicode>Denn daruff sy ime entwerdet</Unicode>
                </TextEquiv>
            </TextLine>
            <TextLine id="r2l7" custom="readingOrder {index:6;}">
                <Coords points="1862,739 1908,727 1987,760 2059,714 2117,746 2162,696 2372,687 2410,707 2485,670 2587,679 2625,650 2564,617 2476,620 2394,660 2253,649 2143,685 2071,656 2011,695 1857,688"/>
                <Baseline points="1866,729 1903,725 1941,721 1979,717 2017,713 2054,710 2092,706 2130,702 2168,699 2205,696 2243,692 2281,688 2319,685 2356,682 2394,679 2432,675 2470,672 2507,668 2545,664 2583,661 2621,657"/>
                <TextEquiv>
                    <Unicode>die wyll sy sewanger were</Unicode>
                </TextEquiv>
            </TextLine>
            <TextLine id="r2l8" custom="readingOrder {index:7;}">
                <Coords points="1895,790 2129,802 2195,753 2396,757 2514,728 2630,753 2701,727 2694,633 2599,704 2468,678 2408,720 2277,693 2206,730 2158,707 2120,740 2064,724 1983,757 1890,735"/>
                <Baseline points="1899,785 1938,779 1978,776 2018,770 2058,767 2098,762 2138,759 2177,756 2217,752 2257,749 2297,746 2337,741 2377,740 2417,736 2456,734 2496,731 2536,728 2576,726 2616,723 2656,722 2696,719"/>
                <TextEquiv>
                    <Unicode>so welte 1ß Gein nederin missen</Unicode>
                </TextEquiv>
            </TextLine>
            <TextLine id="r2l9" custom="readingOrder {index:8;}">
                <Coords points="1873,852 2086,835 2154,861 2328,804 2656,808 2680,799 2677,752 2431,785 2377,760 2309,789 2244,757 2198,802 1995,793 1871,832"/>
                <Baseline points="1878,849 1917,845 1957,841 1997,836 2037,832 2077,829 2117,825 2156,821 2196,819 2236,816 2276,813 2316,810 2356,807 2396,805 2435,803 2475,801 2515,798 2555,797 2595,795 2635,793 2675,791"/>
                <TextEquiv>
                    <Unicode>noch bruch₎ dan es wart mit</Unicode>
                </TextEquiv>
            </TextLine>
            <TextLine id="r2l10" custom="readingOrder {index:9;}">
                <Coords points="1874,919 2007,925 2088,895 2150,921 2184,888 2468,887 2521,858 2593,889 2663,858 2660,813 2202,868 2119,867 2074,837 2033,862 1954,847 1871,883"/>
                <Baseline points="1878,909 1919,905 1960,901 2001,897 2042,893 2083,891 2124,887 2165,884 2206,881 2247,879 2288,877 2329,874 2370,872 2411,869 2452,867 2493,865 2534,862 2575,858 2616,857 2657,852"/>
                <TextEquiv>
                    <Unicode>eim fäller gnug welte nit sest</Unicode>
                </TextEquiv>
            </TextLine>
            <TextLine id="r2l11" custom="readingOrder {index:10;}">
                <Coords points="1880,1011 2049,948 2170,970 2290,943 2376,968 2576,941 2648,974 2672,955 2669,891 2530,919 2222,890 2140,932 2076,903 2030,945 1877,949"/>
                <Baseline points="1883,972 1922,968 1961,965 2000,962 2039,959 2078,955 2117,954 2157,951 2196,949 2235,947 2274,947 2313,945 2352,944 2391,942 2431,941 2470,940 2509,939 2548,938 2587,938 2626,936 2666,935"/>
                <TextEquiv>
                    <Unicode>worin den do bättewr meh auß</Unicode>
                </TextEquiv>
            </TextLine>
            <TextLine id="r2l12" custom="readingOrder {index:11;}">
                <Coords points="1893,1054 1976,1026 2052,1059 2123,1025 2663,1008 2669,945 2637,974 2586,951 2503,981 2435,954 2399,983 2243,969 2185,996 2129,973 2001,1002 1962,975 1891,1008"/>
                <Baseline points="1898,1032 1936,1029 1974,1026 2013,1022 2051,1020 2090,1019 2128,1017 2166,1014 2205,1013 2243,1011 2282,1010 2320,1008 2358,1007 2397,1005 2435,1004 2474,1002 2512,1000 2550,998 2589,996 2627,993 2666,990"/>
                <TextEquiv>
                    <Unicode>gnd achtte Urdanna widerumb ✳ unnd</Unicode>
                </TextEquiv>
            </TextLine>
            <TextLine id="r2l13" custom="readingOrder {index:12;}">
                <Coords points="2558,1049 2571,1047 2583,1036 2595,1040 2613,1037 2627,1044 2650,1037 2644,997 2637,998 2623,1016 2612,1015 2596,1006 2587,1012 2575,1009 2568,1014 2552,1009"/>
                <Baseline points="2562,1038 2589,1033 2616,1029 2643,1026"/>
                <TextEquiv>
                    <Unicode>n</Unicode>
                </TextEquiv>
            </TextLine>
            <TextLine id="r2l14" custom="readingOrder {index:13;}">
                <Coords points="1884,1109 2148,1137 2261,1077 2365,1126 2516,1077 2678,1083 2676,1039 2564,1049 2527,1019 2461,1052 2292,1022 2224,1059 2106,1033 1953,1085 1881,1052"/>
                <Baseline points="1889,1106 1928,1104 1967,1103 2006,1100 2045,1098 2084,1095 2123,1093 2163,1091 2202,1089 2241,1087 2280,1085 2319,1082 2358,1080 2397,1079 2437,1077 2476,1074 2515,1073 2554,1071 2593,1070 2632,1067 2672,1067"/>
                <TextEquiv>
                    <Unicode>sracht so sya solliche nederin,</Unicode>
                </TextEquiv>
            </TextLine>
            <TextLine id="r2l16" custom="readingOrder {index:14;}">
                <Coords points="1882,1206 1935,1223 2005,1182 2101,1195 2126,1174 2243,1185 2310,1162 2585,1167 2583,1122 2515,1098 2470,1131 2413,1102 2360,1138 2275,1115 2248,1145 2203,1121 2159,1157 2030,1141 1997,1113 1921,1170 1881,1168"/>
                <Baseline points="1887,1190 1921,1185 1956,1183 1990,1180 2025,1178 2060,1175 2094,1173 2129,1172 2163,1169 2198,1168 2233,1167 2267,1166 2302,1164 2336,1163 2371,1162 2406,1160 2440,1160 2475,1158 2509,1157 2544,1156 2579,1154"/>
                <TextEquiv>
                    <Unicode>messenn wurde, wurdt es in</Unicode>
                </TextEquiv>
            </TextLine>
            <TextLine id="r2l17" custom="readingOrder {index:15;}">
                <Coords points="1879,1273 2167,1282 2312,1236 2407,1269 2477,1239 2705,1276 2709,1144 2658,1188 2465,1167 2404,1212 2216,1218 2128,1179 1878,1235"/>
                <Baseline points="1884,1254 1925,1252 1966,1248 2007,1245 2048,1244 2089,1241 2130,1240 2171,1239 2212,1238 2253,1237 2295,1236 2336,1235 2377,1235 2418,1235 2459,1233 2500,1233 2541,1232 2582,1232 2623,1231 2664,1230 2706,1229"/>
                <TextEquiv>
                    <Unicode>mechtig bschwerenn uff dzs vhiesse</Unicode>
                </TextEquiv>
            </TextLine>
            <TextLine id="r2l18" custom="readingOrder {index:16;}">
                <Coords points="1897,1348 1947,1315 2063,1350 2161,1309 2648,1312 2645,1256 2598,1280 2468,1243 2395,1277 2339,1264 2309,1290 2267,1261 2153,1299 1894,1270"/>
                <Baseline points="1901,1323 1938,1323 1975,1322 2012,1320 2049,1319 2086,1317 2123,1315 2160,1314 2197,1312 2234,1310 2271,1308 2308,1307 2345,1305 2382,1302 2419,1302 2456,1301 2493,1299 2530,1299 2567,1299 2604,1299 2642,1301"/>
                <TextEquiv>
                    <Unicode>sy im sy. welt es. dun unnd</Unicode>
                </TextEquiv>
            </TextLine>
            <TextLine id="r2l19" custom="readingOrder {index:17;}">
                <Coords points="1888,1393 1937,1406 2004,1374 2074,1418 2179,1358 2593,1385 2668,1367 2668,1337 2597,1319 2527,1343 2478,1317 2327,1342 2286,1320 2237,1350 2143,1333 2042,1353 1979,1324 1887,1371"/>
                <Baseline points="1892,1382 1930,1380 1969,1379 2007,1377 2046,1376 2084,1373 2123,1371 2161,1370 2200,1368 2238,1367 2277,1365 2316,1364 2354,1363 2393,1362 2431,1361 2470,1361 2508,1361 2547,1361 2585,1362 2624,1362 2663,1364"/>
                <TextEquiv>
                    <Unicode>und acbtte nedenein bruch</Unicode>
                </TextEquiv>
            </TextLine>
            <TextLine id="r2l20" custom="readingOrder {index:18;}">
                <Coords points="1894,1458 1973,1468 2059,1441 2136,1476 2192,1433 2447,1450 2480,1428 2634,1426 2633,1405 2522,1371 2438,1410 2325,1414 2277,1390 2220,1415 2167,1378 2074,1417 1969,1388 1893,1417"/>
                <Baseline points="1899,1440 1935,1440 1971,1439 2008,1439 2044,1437 2081,1436 2117,1434 2154,1434 2190,1433 2227,1431 2263,1431 2299,1430 2336,1428 2372,1427 2409,1425 2445,1425 2482,1424 2518,1422 2555,1421 2591,1420 2628,1419"/>
                <TextEquiv>
                    <Unicode>daß habe sy absr nit erdann</Unicode>
                </TextEquiv>
            </TextLine>
            <TextLine id="r2l21" custom="readingOrder {index:19;}">
                <Coords points="1912,1507 2078,1497 2135,1532 2236,1478 2362,1521 2422,1487 2705,1485 2703,1446 2648,1418 2543,1465 2384,1431 2213,1479 2165,1450 2066,1480 2016,1439 1975,1468 1910,1453"/>
                <Baseline points="1917,1503 1956,1501 1995,1499 2034,1497 2073,1496 2112,1494 2151,1492 2190,1490 2229,1488 2268,1488 2308,1487 2347,1485 2386,1484 2425,1482 2464,1481 2503,1479 2542,1479 2581,1478 2620,1476 2659,1475 2699,1473"/>
                <TextEquiv>
                    <Unicode>sunders fir sölliche sin mi den</Unicode>
                </TextEquiv>
            </TextLine>
            <TextLine id="r2l22" custom="readingOrder {index:20;}">
                <Coords points="1920,1566 2003,1558 2055,1586 2089,1559 2184,1585 2233,1551 2429,1541 2470,1562 2539,1532 2641,1565 2671,1553 2670,1506 2506,1522 2413,1497 2352,1527 2289,1520 2243,1481 2135,1533 2078,1509 1919,1526"/>
                <Baseline points="1925,1551 1962,1551 1999,1551 2036,1550 2073,1550 2110,1549 2147,1548 2184,1548 2221,1547 2258,1545 2295,1545 2332,1544 2369,1544 2406,1542 2443,1542 2480,1542 2517,1542 2554,1541 2591,1541 2628,1542 2666,1542"/>
                <TextEquiv>
                    <Unicode>en usz erschudt und hinwäg</Unicode>
                </TextEquiv>
            </TextLine>
            <TextLine id="r2l23" custom="readingOrder {index:21;}">
                <Coords points="1903,1636 1978,1620 2039,1656 2210,1614 2307,1643 2360,1607 2447,1640 2499,1613 2583,1624 2604,1572 2401,1599 2337,1556 2277,1597 2160,1568 2123,1590 2094,1564 2054,1586 1903,1587"/>
                <Baseline points="1908,1611 1942,1611 1977,1611 2011,1610 2046,1610 2080,1611 2115,1611 2149,1611 2184,1611 2218,1612 2253,1613 2287,1613 2322,1613 2356,1613 2391,1613 2425,1613 2460,1613 2494,1613 2529,1613 2563,1611 2598,1611"/>
                <TextEquiv>
                    <Unicode>geworff daruff saxit sr</Unicode>
                </TextEquiv>
            </TextLine>
            <TextLine id="r2l24" custom="readingOrder {index:22;}">
                <Coords points="1908,1692 2008,1683 2054,1709 2157,1675 2234,1695 2259,1677 2432,1694 2530,1666 2631,1676 2631,1654 2575,1631 2392,1645 2345,1623 2279,1659 2210,1633 2144,1658 2092,1630 2048,1662 1998,1631 1908,1640"/>
                <Baseline points="1914,1670 1949,1671 1985,1671 2020,1673 2056,1673 2091,1673 2127,1674 2162,1674 2198,1674 2233,1674 2269,1674 2305,1674 2340,1674 2376,1674 2411,1674 2447,1674 2482,1673 2518,1673 2553,1673 2589,1672 2625,1671"/>
                <TextEquiv>
                    <Unicode>nih auß men vnnd Tadts bin</Unicode>
                </TextEquiv>
            </TextLine>
            <TextLine id="r2l25" custom="readingOrder {index:23;}">
                <Coords points="1904,1737 2010,1760 2055,1732 2151,1735 2283,1775 2363,1735 2424,1764 2555,1727 2711,1749 2712,1701 2625,1679 2482,1711 2297,1675 2055,1709 1905,1689"/>
                <Baseline points="1910,1730 1949,1728 1989,1728 2029,1728 2069,1727 2109,1727 2148,1727 2188,1727 2228,1728 2268,1728 2308,1728 2347,1730 2387,1730 2427,1731 2467,1731 2507,1733 2546,1733 2586,1734 2626,1734 2666,1736 2706,1736"/>
                <TextEquiv>
                    <Unicode>vor gemelter versperechnug bliben.</Unicode>
                </TextEquiv>
            </TextLine>
            <TextLine id="r2l26" custom="readingOrder {index:24;} person {offset:21; length:7;}">
                <Coords points="1900,1807 2175,1786 2264,1818 2315,1795 2356,1830 2462,1789 2669,1802 2682,1750 2512,1775 2386,1734 2284,1776 2137,1742 2095,1771 1901,1741"/>
                <Baseline points="1905,1791 1943,1790 1982,1788 2020,1788 2059,1788 2097,1788 2136,1788 2174,1790 2213,1791 2251,1791 2290,1793 2329,1794 2367,1794 2406,1796 2444,1797 2483,1797 2521,1797 2560,1797 2598,1797 2637,1796 2676,1794"/>
                <TextEquiv>
                    <Unicode>darwy der saptt spa. Vrbanna</Unicode>
                </TextEquiv>
            </TextLine>
            <TextLine id="r2l27" custom="readingOrder {index:25;}">
                <Coords points="1908,1890 1961,1851 2045,1847 2174,1880 2239,1849 2280,1878 2418,1854 2577,1877 2615,1856 2617,1803 2518,1835 2423,1805 2354,1831 2300,1802 2264,1827 2222,1810 2170,1828 2057,1788 1996,1824 1910,1802"/>
                <Baseline points="1914,1847 1948,1845 1983,1842 2018,1842 2053,1841 2088,1841 2122,1842 2157,1842 2192,1844 2227,1845 2262,1847 2296,1848 2331,1848 2366,1851 2401,1851 2436,1853 2470,1854 2505,1854 2540,1854 2575,1854 2610,1853"/>
                <TextEquiv>
                    <Unicode>zwid das grocsß lutte also</Unicode>
                </TextEquiv>
            </TextLine>
            <TextLine id="r2l28" custom="readingOrder {index:26;}">
                <Coords points="1932,1918 2129,1904 2331,1938 2469,1904 2719,1919 2719,1889 2617,1852 2535,1890 2444,1861 2238,1887 2098,1858 2041,1890 1963,1851 1933,1867"/>
                <Baseline points="1938,1899 1976,1901 2015,1902 2054,1903 2093,1904 2132,1905 2170,1905 2209,1905 2248,1907 2287,1907 2326,1907 2364,1907 2403,1908 2442,1908 2481,1908 2520,1908 2558,1908 2597,1910 2636,1910 2675,1910 2714,1911"/>
                <TextEquiv>
                    <Unicode>sige is tang₎ und will dar</Unicode>
                </TextEquiv>
            </TextLine>
            <TextLine id="r2l29" custom="readingOrder {index:27;}">
                <Coords points="1909,1969 2008,1976 2032,1995 2108,2007 2156,1984 2204,1992 2257,1962 2330,1978 2330,1945 2283,1928 2200,1919 2171,1940 2083,1912 2042,1942 2021,1929 2007,1940 1948,1899 1910,1894"/>
                <Baseline points="1914,1961 1939,1958 1965,1958 1991,1957 2016,1956 2042,1958 2068,1958 2093,1958 2119,1959 2145,1959 2170,1961 2196,1961 2222,1961 2247,1962 2273,1961 2299,1961 2325,1959"/>
                <TextEquiv>
                    <Unicode>Daruff sterbenn.</Unicode>
                </TextEquiv>
            </TextLine>
            <TextLine id="r2l30" custom="readingOrder {index:28;}">
                <Coords points="1914,2098 2296,2096 2380,2131 2427,2091 2713,2086 2700,2053 2582,2022 2507,2055 2402,2025 2263,2063 2140,2041 2059,2069 1914,2010"/>
                <Baseline points="1919,2085 1958,2085 1997,2085 2037,2087 2076,2087 2116,2087 2155,2088 2195,2088 2234,2088 2274,2090 2313,2090 2352,2090 2392,2090 2431,2090 2471,2089 2510,2088 2550,2087 2589,2087 2629,2084 2668,2083 2708,2081"/>
                <TextEquiv>
                    <Unicode>Denne hatt man Inen beidenn</Unicode>
                </TextEquiv>
            </TextLine>
            <TextLine id="r2l31" custom="readingOrder {index:29;}">
                <Coords points="1917,2162 1996,2153 2084,2186 2168,2151 2641,2153 2640,2098 2610,2092 2420,2099 2374,2132 2235,2106 2050,2134 1916,2103"/>
                <Baseline points="1922,2148 1957,2148 1993,2148 2029,2148 2064,2148 2100,2150 2136,2150 2171,2150 2207,2150 2243,2150 2279,2148 2314,2148 2350,2148 2386,2148 2421,2147 2457,2147 2493,2145 2528,2145 2564,2144 2600,2142 2636,2141"/>
                <TextEquiv>
                    <Unicode>denn gybeittenn erdicksll</Unicode>
                </TextEquiv>
            </TextLine>
            <TextLine id="r2l32" custom="readingOrder {index:30;}">
                <Coords points="1930,2236 2075,2217 2108,2241 2170,2205 2705,2214 2704,2164 2525,2185 2466,2144 2022,2196 1929,2161"/>
                <Baseline points="1935,2210 1973,2210 2011,2208 2049,2208 2088,2208 2126,2207 2164,2207 2202,2205 2241,2205 2279,2205 2317,2204 2355,2204 2394,2204 2432,2204 2470,2202 2508,2202 2547,2202 2585,2202 2623,2202 2661,2202 2700,2202"/>
                <TextEquiv>
                    <Unicode>fir eehaltenn als vo namlich</Unicode>
                </TextEquiv>
            </TextLine>
            <TextLine id="r2l33" custom="readingOrder {index:31;} person {offset:22; length:7;}">
                <Coords points="1920,2274 2022,2263 2098,2294 2262,2264 2370,2298 2512,2264 2704,2273 2704,2216 2483,2250 2366,2215 2265,2249 2065,2219 1920,2246"/>
                <Baseline points="1925,2264 1963,2265 2002,2265 2041,2265 2079,2265 2118,2265 2157,2265 2195,2265 2234,2265 2273,2265 2312,2265 2350,2265 2389,2265 2428,2266 2466,2267 2505,2267 2544,2265 2582,2265 2621,2265 2660,2265 2699,2265"/>
                <TextEquiv>
                    <Unicode>wie daß fr melauß sin urbanna</Unicode>
                </TextEquiv>
            </TextLine>
            <TextLine id="r2l34" custom="readingOrder {index:32;}">
                <Coords points="1926,2332 2038,2352 2068,2325 2205,2318 2300,2355 2370,2323 2478,2325 2570,2362 2624,2327 2696,2339 2710,2271 2641,2266 2575,2300 2420,2271 2381,2302 2335,2271 2231,2302 2156,2272 2107,2299 2059,2273 1926,2288"/>
                <Baseline points="1931,2321 1969,2319 2008,2319 2047,2319 2085,2318 2124,2318 2163,2318 2201,2318 2240,2318 2279,2318 2318,2318 2356,2318 2395,2318 2434,2319 2472,2319 2511,2319 2550,2319 2588,2319 2627,2319 2666,2319 2705,2319"/>
                <TextEquiv>
                    <Unicode>ein pfrinden uff underwyssenn</Unicode>
                </TextEquiv>
            </TextLine>
            <TextLine id="r2l35" custom="readingOrder {index:33;}">
                <Coords points="1921,2382 2214,2378 2268,2402 2400,2364 2514,2391 2578,2375 2665,2424 2737,2395 2738,2342 1921,2346"/>
                <Baseline points="1926,2375 1966,2375 2006,2376 2046,2376 2087,2375 2127,2375 2167,2375 2208,2373 2248,2373 2288,2373 2329,2372 2369,2372 2409,2372 2449,2373 2490,2373 2530,2375 2570,2376 2611,2378 2651,2381 2691,2385 2732,2390"/>
                <TextEquiv>
                    <Unicode>vnd geleett hab wan man spa</Unicode>
                </TextEquiv>
            </TextLine>
            <TextLine id="r2l36" custom="readingOrder {index:34;}">
                <Coords points="1917,2453 2129,2429 2254,2465 2304,2436 2421,2425 2516,2455 2624,2449 2623,2385 2435,2405 2164,2383 2118,2406 2080,2381 2025,2407 1916,2377"/>
                <Baseline points="1922,2433 1956,2433 1991,2433 2026,2432 2061,2432 2096,2430 2130,2430 2165,2429 2200,2429 2235,2429 2270,2427 2304,2427 2339,2427 2374,2427 2409,2427 2444,2427 2478,2427 2513,2427 2548,2427 2583,2428 2618,2429"/>
                <TextEquiv>
                    <Unicode>deß kindts habenn anziche</Unicode>
                </TextEquiv>
            </TextLine>
            <TextLine id="r2l37" custom="readingOrder {index:35;}">
                <Coords points="1926,2520 1961,2501 2035,2530 2107,2500 2135,2519 2228,2482 2712,2492 2711,2443 2662,2432 2588,2461 2375,2441 2139,2460 2084,2428 1925,2455"/>
                <Baseline points="1931,2492 1969,2490 2008,2488 2047,2486 2086,2484 2124,2484 2163,2483 2202,2483 2241,2483 2279,2481 2318,2481 2357,2481 2396,2481 2434,2481 2473,2480 2512,2480 2551,2478 2589,2478 2628,2477 2667,2475 2706,2472"/>
                <TextEquiv>
                    <Unicode>sölle sy sagenn es gehören einem</Unicode>
                </TextEquiv>
            </TextLine>
            <TextLine id="r2l38" custom="readingOrder {index:36;} place {offset:4; length:9;}">
                <Coords points="1938,2565 2138,2570 2243,2545 2288,2568 2424,2543 2459,2569 2533,2544 2615,2587 2709,2546 2708,2505 2662,2486 2621,2515 2511,2517 2457,2479 2401,2521 2237,2494 2135,2530 2091,2509 1937,2528"/>
                <Baseline points="1943,2552 1981,2550 2019,2549 2057,2547 2095,2546 2133,2545 2171,2544 2209,2543 2247,2543 2285,2541 2323,2541 2361,2541 2399,2541 2437,2540 2475,2540 2513,2540 2551,2540 2589,2540 2627,2541 2665,2541 2703,2541"/>
                <TextEquiv>
                    <Unicode>von nüwenburg unnd habe sya¬</Unicode>
                </TextEquiv>
            </TextLine>
            <TextLine id="r2l39" custom="readingOrder {index:37;}">
                <Coords points="1930,2656 2034,2620 2183,2654 2284,2615 2469,2621 2508,2597 2657,2641 2736,2608 2734,2553 2662,2550 2608,2585 2513,2558 2466,2584 1927,2579"/>
                <Baseline points="1934,2619 1973,2619 2013,2618 2053,2618 2093,2616 2133,2616 2172,2615 2212,2613 2252,2612 2292,2610 2332,2608 2371,2607 2411,2604 2451,2603 2491,2601 2531,2600 2570,2598 2610,2598 2650,2597 2690,2595 2730,2595"/>
                <TextEquiv>
                    <Unicode>zu der els gnommen unnd iren</Unicode>
                </TextEquiv>
            </TextLine>
            <TextEquiv>
                <Unicode>wederen Irenn vber antwindtett bad
vhett, bätte er sya sölte sollich
nederm bruch so wurde, sa in
dry oder vor tagenn psundt und
des sy sich jntz beckraptt₎ ledig wer¬
Denn daruff sy ime entwerdet
die wyll sy sewanger were
so welte 1ß Gein nederin missen
noch bruch₎ dan es wart mit
eim fäller gnug welte nit sest
worin den do bättewr meh auß
gnd achtte Urdanna widerumb ✳ unnd
n
sracht so sya solliche nederin,
messenn wurde, wurdt es in
mechtig bschwerenn uff dzs vhiesse
sy im sy. welt es. dun unnd
und acbtte nedenein bruch
daß habe sy absr nit erdann
sunders fir sölliche sin mi den
en usz erschudt und hinwäg
geworff daruff saxit sr
nih auß men vnnd Tadts bin
vor gemelter versperechnug bliben.
darwy der saptt spa. Vrbanna
zwid das grocsß lutte also
sige is tang₎ und will dar
Daruff sterbenn.
Denne hatt man Inen beidenn
denn gybeittenn erdicksll
fir eehaltenn als vo namlich
wie daß fr melauß sin urbanna
ein pfrinden uff underwyssenn
vnd geleett hab wan man spa
deß kindts habenn anziche
sölle sy sagenn es gehören einem
von nüwenburg unnd habe sya¬
zu der els gnommen unnd iren</Unicode>
            </TextEquiv>
        </TextRegion>
    </Page>
</PcGts>
