4032 3024
1115 288 1810 428 uff obbemelttem tag in bysi
1163 338 1789 446 herren Nicklaußz Schoren Si
1154 392 1819 520 hatts, Jörg Thonman diebir¬
1162 460 1440 525 geren e
1076 511 1792 627 Ist zu Marzilli abermals
1133 588 1815 695 Jörg Müller zu Mülishur
1142 645 1808 736 seisschafft mitt ernst ermant
1131 698 1827 794 vnd noch norurff Ime angehaln
1126 747 1830 829 ttem die wanheitt zubekenne
1121 788 1799 878 dennen i 4 h umb sin mit
1129 838 1839 931 handlung dermassen gschifftt
1131 884 1830 983 bericht zu khommen, vnd alß
1468 931 1504 979 6o
1158 942 1823 1032 in gemeinen Lümpdung von
1150 996 1824 1076 menglich, das min I. h. nitt
1152 1026 1846 1130 mbgind an sin versprichen ba
1141 1086 1839 1181 des halb er Ime vor schwäre
1154 1130 1818 1219 hin und marter sen solle,
1115 1158 1837 1291 Ist sin bescheydt, er wüsseten
1134 1226 1826 1342 mitt arderst zu thun dan sie
1138 1275 1844 1381 vorab gott dem herren Damn
1131 1322 1839 1437 hin noh an 9 hern zubefolen
1127 1368 1853 1481 dan er mitt der wanheytt ✳ nit
1148 1411 1829 1535 wythers noch anders konnen
1177 1467 1837 1596 verzachen ✳ dan wie er hie
1160 1515 1859 1629 vor beyde mal anzeygt hatt
1136 1559 1846 1696 Namlich das weder Er noch sin
1147 1617 1850 1731 volck mitt sinem wüssen duien
1153 1659 1850 1790 heuw entfrömbdet, sonder an
1152 1699 1812 1830 zweyen ortten darzu si gutt
1162 1732 1856 1861 recht vnd fung hand ghan damit
1152 1774 1845 1902 ffurtt, an dem einen erbufft von
1154 1801 1857 1956 pettern eyer ob den x ab d ✳ dess
1124 1841 1853 1982 eine der mehrertheil als wol als
1133 1874 1857 2020 dem wyntt vs munsingen ✳ entfùrt
1147 1903 1871 2043 wordenn don andern ortt hab fur
1141 1947 1862 2086 petter Bachman der jung zu Ober
1580 2014 1874 2103 von wegen de
1139 1984 1868 2114 blacken ein schlytteten vol heur
1134 2075 1572 2167 zu reichen befolen
1147 2047 1872 2200 er ime ein vosz vi tag uffentt
1139 2104 1879 2269 Deß ops hatt sig war das er erlich
1157 2167 1364 2245 n sher
1658 2159 1861 2244 Vber das
1487 2179 1873 2294 il in sahe
1165 2201 1667 2306 zu Marckt gfurtt
1185 2268 1471 2342 g ei zum
1164 2232 1879 2378 indem ex in vum hab gwacsen
1169 2293 1815 2403 um theil bedebleitt die I
1743 2343 1860 2412 mitt
1159 2287 1885 2458 lupfft der hienumb stellen mög
1665 2384 1713 2429 1
1183 2385 1629 2492 beschencte habindt
1151 2375 1868 2519 Wndenhäniger pitt Inne geedt
1175 2430 1820 2563 zu Brrrncken, vnd wo nun
1172 2419 1878 2610 gfellig wolle er denen so ihme
1202 2509 1849 2625 es under ougen sage, min
1195 2580 1631 2665 gutte recht bezegnen
1342 2563 1855 2685 mal lahr, des ander
1204 2609 1887 2749 und zum gritte mit an
1256 2670 1856 2805 gehrigte kleinenn stren
1432 2734 1666 2816 offzugl
1256 2698 1907 2868 ff ersten aprilis ons antgeltens
1134 2829 1475 2916 ußgla ssen
1924 287 2631 446 uff werdtworheer derdatrrn u
1909 329 2614 501 Mertzens im 1568 ist von
1905 362 2657 557 lerren großeribet, Ballespet¬
1892 438 2649 614 die in der keffi befragt worden
2078 514 2667 650 Martin fuchs, Christen
2029 562 2663 721 fuchsen solgen Sun allis
2174 665 2324 735 Furttih
1860 663 2666 840 vnd im fürghaltten sin ergerlicher
1912 731 2628 889 windel, damit das Er sie hus¬
1915 789 2660 939 fruw nun ein zytt han verlassen
1863 849 2653 1006 erhin vnd wider vmbharschweyffe,
1926 896 2628 1041 vber ein schwure clegt minen g
1929 935 2619 1098 Herren fürgkhon vnd der halb
2176 715 2327 749 Furttih
1922 1003 2631 1164 für Chorgicht alhar hirtiertt
1921 1060 2614 1202 wie des Lumprecht worden wie
1928 1124 2641 1257 das er zu Kilchperg zu einer
1939 1185 2591 1298 anderen sywonung groumen
1939 1232 2649 1355 deren er ouch Ehelich pflicht vor¬
1955 1278 2630 1414 prochen hab Auch die selbig Im
1923 1339 2633 1464 mitt einem kinde begebett das
1943 1388 2638 1498 er als Ehelich zu sin hab lassen
1940 1485 2068 1555 tuffen
1945 1479 2656 1601 uff somlichs gipt er den bescheydt
1921 1548 2655 1657 Es sig mitt an, dan das sin fruw
1949 1596 2644 1701 verena Schmuti onpeuarlich vor
1942 1648 2635 1751 ei jaren die schydigung der ehe
1939 1696 2622 1804 rechtlich wider Ins erlangt habe
1941 1746 2619 1848 deßhalb er sich darnach hin vnd
1930 1792 2666 1894 wider sich mitt uff der stor mitt
1939 1835 2653 1946 schuchmachen beholffen, die wyl er
1945 1875 2660 1976 nitt ein rechter meister deßhandt
2062 1924 2670 2026 sig noch vermoͤgen der mei¬
1953 1962 2067 2019 perths
1952 1957 2688 2054 trem stuben an sich zekuffen, sonder
2373 2005 2678 2092 In dem hab
1939 2018 2372 2097 zum Veblütten bliben
1935 2053 2664 2142 es sich begäben, das er in der vil¬
1939 2092 2684 2179 chory kilchpert zu einern Marguth
2285 2131 2650 2200 deren mann zu
1919 2158 2387 2225 Meyer genante langest
1960 2181 2641 2277 Vntolff gstorben, Kundtsame
1960 2213 2650 2313 gewunnen hab, vnd beide als
1927 2261 2590 2369 den vorigen Ehehalttung ledig
1960 2284 2678 2405 ein andren Ehlich trrw zu leisten
1954 2342 2694 2461 zugsagt, Als aber die verheissung
1972 2399 2658 2495 vor dem zyll nach inhaltt in 9 tz
1956 2449 2636 2542 sattung) vnd ons erlupnuß der
1967 2471 2697 2591 ehrichtern zugangen, do mocht
