4032 3024
979 408 1704 464 Jans und tags als obstadt I
1061 336 1381 455 Todem.
977 428 1703 557 Jans und tags als obstadt I
974 488 1671 602 In der Instell durch Eder
967 556 1624 686 Großweybsll gallub Gäldi
950 629 1685 743 Barbara Capiat u der land¬
1000 705 1702 826 vogti Legt burg befragn
981 765 1702 893 worden, uß waß ursachen sy nächte,
995 820 1704 944 mal am aben uder gewönten
997 893 1706 1010 gytt über muner e E mantar
1002 947 1685 1083 und so zung in frer huh mit
1009 1017 1715 1156 etlich ergerlich vnd Vnnrstha¬
1011 1082 1721 1225 mit getubollin in mah¬
1040 1148 1651 1247 en das sy von den wäcfteren
1030 1217 1683 1329 begriftenn und gefencklich
1043 1288 1719 1390 zngellet worden, dersalb se
1039 1348 1668 1461 sy nun anzeigen wir und
1053 1410 1735 1526 wellicher gstalt dieselbigen
1043 1474 1733 1590 bin iren gsessen sih inso
1184 1619 1693 1731 arbara Capiat
1109 1686 1743 1829 daruf gipte sy den beschein
1052 1780 1731 1876 under zeygt an wye sy nun de
1054 1835 1722 1925 den vier jaren alhie in der
1080 1891 1769 2002 tat gsessen, auche sych mit yrdern
1076 1956 1753 2070 mann als sy hf drayenn und
1071 2029 1774 2129 ehalen, das alle ire nachberenn
1030 2072 1289 2133 noch beshnag
1469 2085 1583 2140 sti
1048 2094 1761 2193 wol zu friden, sigent habe
1099 2151 1772 2257 soch ouch byß har min arbein
1107 2210 1756 2317 und wirepen, wo sy das funden
1100 2272 1774 2366 hab ermen und erhaltnen
1107 2327 1768 2433 in zechtigem wandell ouch
1138 2386 1795 2502 söllich verlümbdetn läbenn
1135 2461 1775 2575 nir nach gangen. sich also in
1729 256 2453 463 s hhen st�lligklich zatt.
1718 348 2356 522 Nch mergeedts anders ein vode zu
1737 399 2385 571 ach werd, syh doh nit minder
1724 467 2451 650 In das der repsteidt derwagner
1736 512 2418 699 von münchsengen am abent zu
1748 563 2451 744 Anna Lutstorf, so dan bin trah
1751 630 2443 815 zu Euch ist bumen. Darnach Ulli
1752 715 2411 852 frishwand, der schlifen der
1752 740 2478 927 dan vuß das vermelter reckschid
1755 839 2414 990 dawäre also mit angehognet
1771 894 2454 1047 Endtstorffenen einmas wyns
1764 957 2470 1110 drunckenn, in dem beiwe onh
1783 1014 2452 1177 Heinrich Häberli und jfreben
1803 1084 2507 1223 hoped er jung ✳ die dan duch
1819 1148 2446 1278 etter schopers sins bruder
1818 1207 2473 1343 hus gstigenn, vnd ouch alda
1833 1282 2460 1393 mi inen druncken absr
1845 1336 2450 1449 sölliches unwüssen iren
1840 1398 2436 1513 bestlaht dan verwelter
1842 1454 2503 1564 Häber unnd schoper vorman
1856 1508 2494 1621 lin mer min ewartmindes
1845 1582 2481 1689 hufgreben zu irenn vn¬
1854 1632 2539 1737 ißen in das hus brochen
1842 1691 2484 1814 das sy dann vererkachet s.
1874 1756 2557 1854 ein gwahr us demn zustoss ein
1840 1820 2557 1913 En das denseck ein despe Jehb
1855 1875 2548 1969 Deswägenn sty fürergrone
1868 1923 2452 2030 vnd verschrend wardn sige
1873 1984 2589 2111 haben sunst niemante insohren
1884 2053 2559 2172 noch sic sich beladeun dann
1886 2117 2578 2207 Wiegmul des berutter faber
1874 2178 2575 2280 li vnd sthoper sya also sy nacht
1896 2230 2571 2346 aberluffn ghaben sytter
1901 2292 2541 2398 sich nun e x umb gnad
1894 2360 2302 2466 und verzichtig ✳
