4032 3024
1018 247 1764 422 vff seinlichs gibt er dem bericht
1271 351 1369 408 vor
1063 351 1768 523 wie das er 14 tag des nechst
1069 405 1767 561 Eesthinens donstags mit einem
1061 497 1783 652 brieff vom Schultheyssen zu Eun
1080 572 1797 716 har Bhommen, den selbigen destege
1090 673 1787 791 nun es herren schultheyssen über
1076 724 1776 848 antwurt, vnnd mornderst an
1055 787 1801 938 frytag unnd dornach ein sambsteg
1100 885 1805 1015 zu Frheyer fharzytt ufl Pathuß
1104 971 1813 1086 miner g. Herrn will vnnd bscheyds
1094 1030 1812 1153 erwertett, doch vß vnerfarnheit
1109 1107 1803 1219 sich mit lassen anschryben, vermein¬
1083 1164 1745 1263 munde, der Brieff wurde den
1090 1243 1774 1342 gantzen inhallten unnd gnug¬
1119 1312 1818 1410 amlich dorthum, vnnd allsman Iue
1106 1376 1784 1493 die selbigen zwen tag nüt gsagt
1107 1452 1810 1554 hab er vement man dorffte sine
1112 1536 1784 1637 mit, sich also mit einer gstel
1109 1598 1816 1698 schafft heimgangen unnd das mit
1088 1667 1810 1764 kheinen pfeden gehan oder fräuen.
1106 1732 1791 1840 lich noch mutwilligklich gehan
1090 1820 1812 1918 Birtet derhalben nun g. herren
1140 1886 1759 1991 umb s und verzychung.
2547 179 2620 257 12
2048 236 2515 372 Hanng Hartman.
2100 347 2214 430 15. juni
1880 357 2631 527 uff mendag in bysein. hett groß.
1869 436 2603 619 ist in bittlingr thurn Hanns
1886 513 2503 678 hartman befragen worden.
1899 604 2512 737 unnd im fürghallten, wie er
1899 697 2635 886 Faus theylles das er gallts vorhin er
1923 662 2496 802 schwerlich verklagt, das
1898 809 2632 957 in gezogen, nit angentz zu Rächer
1909 884 2620 1017 zytt, denen es gehört überant,
1926 937 2555 1075 wurtert. Denne ouch das er
1926 1012 2616 1147 vorgehryffen an ort sb im vorhein
1931 1085 2603 1201 bewüßt, ettliche ziß engeheyssen
1917 1171 2632 1289 inzogn hab dessen ir biderblür
1917 1222 2642 1355 sy zu grosem ersten und schach khame
1931 1313 2595 1420 stindt unnd die leystung uff sy
2177 1391 2584 1493 Gibt hierüber die
1930 1378 2183 1505 vegangen
1934 1451 2655 1564 antwurt. Er habe ettwas zyts
1931 1534 2620 1632 har, mun herr keiner Sager
1932 1582 2670 1679 vil unnd meermaln große summa
1946 1672 2690 1773 gälles uß sin eenelch inzogen unnd
1956 1747 2654 1857 vff sin des herren Venners gut
1972 1816 2657 1919 vernungen vberantwueten, das nie
1961 1892 2662 1997 them nußrehuug ingerisen
1992 1962 2623 2045 ige, dann allein vmb die
1990 2010 2687 2124 sächs ufund zinß uff Hansen
1987 2082 2694 2192 Stouffenegkher zu Mllichall
1983 2139 2693 2260 Im 65. jor zu osteren fefollen
2001 2207 2696 2321 den se wol inzogen, aber nitt
1979 2264 2656 2381 rygentlich ingedenck, ob er den
1986 2317 2686 2451 selben dem herrrn reünse überant-
2003 2385 2649 2497 wurtet hab. Dannen her alle
1985 2445 2668 2573 irrung unnd unrichtige eistand
