4032 3024
1065 295 1307 388 dan ouch
1311 309 1746 461 n ehner seghien
1072 342 1736 477 liplicher brudek allie in der
1074 402 1767 523 byhanden sigend, die den
1103 460 1769 583 vnd mitt Img zwäsen, Als
1096 510 1748 628 die fruwen ist angefallen
1119 565 1762 695 erohalben er siner fründen she
1098 625 1184 691 solle
1203 634 1768 734 vnd recht der warheyr¬
1079 665 1771 781 Absin so werdinde in gh nah
1117 725 1770 834 zner mitltigkeytt drelle sach zu
1094 781 1690 875 guttem bringen mögen
1111 837 1788 941 uff seinlichs ist sin bescheiden
1093 899 1778 1002 Er begäre niemands In nodt
1120 951 1787 1037 noch in costen muh vnd arbi
1108 998 1792 1100 zu bringen und halts sie fu
1115 1045 1785 1128 vnd bruder darfür, wo sy
1110 1094 1776 1183 sollichs von Ime psähen hätten
1107 1134 1795 1219 wurde sy m g. G. anzeigen was
1127 1180 1789 1282 y wüssten, das woltte Er auc
1123 1225 1797 1327 bethan han, Er habe ebaber
1116 1277 1779 1389 mitt gethatt ✳ die fruwen wig
1194 1320 1785 1419 clagt weder gschlagen noch
1126 1347 1807 1471 beleidiget, noch Ime der gstalt
1119 1409 1811 1534 begegnett deßhalb sin fruw und
1120 1461 1802 1565 bruden nitt habend können
1282 1499 1807 1615 sin gsin by der beken
1134 1546 1288 1615 darby
1147 1547 1795 1645 nus und wanheytt woll er
1492 1603 1796 1686 vnd setze es
1338 1641 1372 1687 1e
1133 1634 1335 1710 sterben
1139 1648 1811 1774 gott heim das der Cleperi
1161 1697 1810 1801 mann Clans prächbul fur un
1126 1727 1791 1844 verdientt und unversechenlich
1122 1771 1802 1902 habe gschlagen, des streychs
1100 1807 1826 1953 wegen als er sih zu Langnur
1059 1870 1812 2013 shon vii tag in leystung glegen
1132 1909 1830 2042 hab indt fene augfangen khund
1141 1982 1802 2115 schafft wider in vffnemen
1123 2019 1778 2158 vnd Ine ein frombder sach
1157 2049 1834 2206 zychen, wie er solls Claus
1133 2109 1831 2250 brächbuls fruwen mn l�chsten
1126 2166 1818 2285 donstag vor dem zinstig
1178 2207 1771 2318 darvor wie darnac am
1148 2247 1812 2377 zinstag ir mann in mitt
1147 2265 1845 2419 einem alpstecken gherdfelig
1147 2367 1586 2486 genacht hate
1806 282 2533 470 v
1838 345 2525 525 ein fruwen e hexen gshaltten
1833 405 2530 587 ehrverletzlich zu gredt vnd gresse
1824 449 2502 649 i en he gaften
1821 523 2562 707 diewyls er aber mitt erbetgen uffriste
1824 569 2535 746 mag hab ins muß Eyder lassen
1836 631 2537 786 pliben doch so getruwts er woll
1848 692 2528 852 etwas uff zeuri zu erzeigen in
1832 767 2515 922 Mitt pitt an die verordnette
1855 809 2518 987 herren zu gegen Imo grredi¬
1865 829 2577 1023 zu sin, vnd Ine mit alß herhichen
1854 929 2562 1064 damitt er hernach fuh die namn
1847 959 2560 1142 für ins sein wyb vnd khendt mnt
1880 1100 2089 1169 ewynnen
1837 1132 2513 1285 Nach disem ist die Clegeri
1847 1201 2548 1346 img under ougen gfurtt ime
1860 1267 2567 1385 vndermunds Ir Clag eroffnet
1859 1325 2584 1462 wig das als sy an einem donstag
1865 1376 2547 1510 vor dem heuwett zur Müly
1875 1413 2594 1570 fure, begegnette zum ersten Ina
1888 1477 2561 1614 sin schärren fruw, da wursthie
1896 1517 2548 1646 e vetter schäre oben durch die
1894 1571 2522 1700 gassen gegen jna inher ✳ und
2487 1610 2565 1694 sin
1887 1637 2490 1766 schlug vff sya, do nemme
1889 1667 2581 1793 truw ine bem ermel vnd zoge
1901 1722 2584 1847 In das er soltts ablan, spriche
1903 1766 2603 1887 er petter Es wäre schadt das
1925 1801 2606 1923 y vmb den hundsbuch khäine
1909 1858 2571 1985 dergegen er sy beschuldiget
2294 1905 2564 1983 und sy thu
1911 1924 2293 2023 der unwarheitt
1902 1930 2632 2073 ime gwiltt und unrecht ✳ doruff
1914 2014 2312 2108 ist er beharrett
1904 2044 2605 2184 Denne ist er wyther befragt
1905 2103 2637 2216 was er und sin bruder uff ein
1918 2153 2617 2274 zytt by eim öpffel bum ge¬
1930 2201 2635 2339 than schabindt, dorunder man
1941 2240 2632 2372 y hab gsechen mitt einandren
1932 2279 2640 2410 trolen als ob sy hiren einandrr
2119 2348 2591 2455 vnd furke man
1929 2395 2116 2468 schlugen
1935 2374 2662 2517 heitter gehontt hab das sinen
1928 2440 2648 2573 brudern zuͦ inesprechen ✳ was
1907 2485 2664 2607 woltestu thun, du brechtest vns
