4032 3024
1017 343 1708 508 Vnnd als er zu Ira khommen
1043 413 1689 558 In dstuben khommen, hab er
1060 498 1721 657 wollen mit dra umb das gel
1061 573 1717 722 so er ira hieuor an bezalung
1078 647 1729 775 ertlicher kleydern, die er nachmen
1084 703 1734 861 fra ß geheyß eirs g her
1078 775 1720 910 Schultheyssen wider geben mus
1081 872 1724 988 rechnen wöllen etc. In dem
1101 947 1736 1070 Sig Ulli Herischwand auf zu
1096 1016 1719 1144 inen khaumer unnd glich
1096 1097 1763 1198 darnach aber zwen jung pfellen
1108 1161 1747 1271 khommen unnd wyn bezalt
1096 1227 1771 1351 Ie das er sich byder) verdon
1115 1296 1765 1420 unnd also da blyben unnd
1139 1372 1775 1497 auch ein maßen wyng bezalt,
1103 1446 1759 1567 unnd nach dem sy nun ein
1154 1526 1760 1641 gut wyl mitt einanderen
1140 1585 1719 1716 geieck₎n sigindt die
1165 1666 1770 1776 zwen gsellen, so mit her
1149 1739 1768 1840 widerumb hinwag gantzen
1157 1800 1782 1893 vnd er bald darnach Inen
1172 1871 1742 1972 v mit einem Rcht
1174 1941 1752 2052 nach folg wollen, da er
1166 2009 1803 2119 aber an die stäg khomen,
1158 2080 1782 2199 sygind die wächter da gsin
1162 2164 1758 2284 unnd inne also pfengkliche
1179 2236 1818 2352 ingleytt . Bkheint
1183 2306 1805 2440 1 gfält haben. pitter ich
1190 2374 1804 2500 nun g herrn, dnne uß
1189 2458 1775 2569 zelassen, So wöll er die
1210 2507 1842 2649 chuld, ger verschen, vnnd mi¬
1193 2602 1831 2712 mer, wo sy sige, wede stan
1195 2644 1408 2755 noch gan,
2362 286 2440 351 92
1778 317 2459 475 Anne ist glicher gstalt
1787 418 2438 559 uff gemelten tag, ibe bywästen
1802 448 2480 630 abstendt, Ulli Herischwandt
1801 556 2484 690 der schlyffer beffrenghen worden.
1799 694 2466 837 Derselb Zeygt an, wie das er
1849 750 2448 917 gedachten Reggschytt inn
1845 844 2439 978 abbemelter Curstorffina
1840 922 2460 1059 huß gwüßt, dann er in
1852 979 2438 1124 geheyssen dahin ein maß
1833 1052 2513 1181 dein zerinkn, khommen
1861 1108 2509 1248 der halb er inne Reggschytt
1869 1208 2502 1343 daselbst funden, sig int hie-
1881 1259 2548 1387 mitt der jung ürbeli Häber
1880 1335 2500 1458 bi unnd Jäg Pfisters hinder
1891 1399 2486 1525 dem khouff ius sun ✳ ouch
1886 1462 2484 1601 dahin khommen, vnnd alls
1905 1528 2518 1645 mit ein anderen ein schlaff
1900 1613 2473 1734 trunck geshan, darnan
1909 1678 2522 1817 signit die Zwen hinweg
1917 1744 2587 1883 gangen, unnd als er Regg¬
1923 1824 2588 1974 shyt auch hinweg gwöllen,
1940 1903 2591 2045 stig er von den wächteren vff¬
1938 1987 2589 2112 pfangen unnd mitt sampt
1940 2042 2597 2175 mitt Ime die Cuestorfffua
1941 2132 2590 2269 In kheffi gfurt. Bald der¬
1956 2193 2602 2310 nach alls er daselbst blybere
1961 2246 2621 2372 vnnd mitt der Cappierenen
1968 2328 2620 2447 gezellt, habind in die ger
1966 2376 2612 2519 far wächter ouch greycht unnd
1952 2432 2645 2583 iugleytt, unnd annders
1967 2515 2495 2668 habin sy mit gethan
