4032 3024
1878 390 2493 472 stannde unnd derselbig nit
1855 449 2518 538 Redlich ässen wölte, so welle er
1841 501 2465 597 den flacken bumen unnd
1889 540 2494 646 Hanns Walthart zuschub Här
1881 596 2471 685 ouch ettwas hases an im G
1898 645 2538 737 er im sine dueren schyen nam
1903 691 2538 779 die zerhuwe unnd in sin hag
1913 747 2546 834 stiesse ds pfarl ii indinaten.
1918 786 2536 891 hieergint mog aber wol aiht
1901 850 2512 933 von wege, das er haussi nür
1903 902 2489 992 ersmen senen gschlagen, dannen
1924 946 2534 1041 har müße er ein gess an zu
1921 997 2533 1086 haben aber er geb gfärlich mir
1951 1050 2468 1135 viln drumb aibt sscheid
1907 1102 2527 1188 wenn wynistorff gstorbenn
1937 1146 2496 1228 wäre, häte er einmal den
1907 1182 2533 1294 fläck bis uf recht hin müsse
1938 1243 2547 1335 tummen unnd wyr desselbig
1938 1305 2543 1386 das ers gredt bfandtlich wolt.
1955 1351 2510 1451 harts halb sye er anred, das er
1937 1394 2564 1509 gredt es nei inn wunder das
1942 1444 2519 1553 das er im sine sy schyen nemme,
1961 1503 2540 1603 er mußte, ettwas hasts gegen
1936 1582 2208 1661 im tragenn
2114 1669 2243 1732 dritten
1851 1688 2559 1823 Zum früfftein iste im jaust
1902 1753 2580 1880 fürgheft wie das er ouch usplassen
1956 1815 2528 1922 Es neuse in wunder was er¬
1938 1862 2573 1973 Dem vogt hatte zleid than, er der
1967 1899 2583 2017 vogt haite hochs bosz unnd kondte
1965 1959 2541 2070 er im sine boim unnd zwy
1969 2022 2604 2129 nit höch gnug uffschneyttenn
1979 2050 2618 2161 dann er darzu ein hochen hurf
1972 2114 2550 2230 vnnd hoch fäderen drin häte
1962 2166 2570 2284 unnd er wärde ouch ettwann
1978 2214 2579 2320 vus mals ab denen hochenn
1967 2276 2581 2396 Rossen, abher komen, zeigt an
1983 2325 2615 2439 er halb ogredt möge wolacht
1982 2381 2629 2491 das er mit allweg vogt zerberg.
2010 2427 2630 2536 sin werd oder ettwan sterben
1929 2480 2569 2589 sitlichs hand Lienhartt Gostelli und
1952 2510 2627 2630 Petter brönnysen beyd von Pollingen
1935 2602 2250 2680 un ime ghör
