2048 1536
513 61 887 124 Item alls wrenn auch fürgehaltn
927 84 1334 140 Missfhallenn trarindt, das Er Mitt Aut
518 94 896 153 wordenn, was oder vorvill hällt
937 120 1322 159 dem kharrer knächt, inn der oberen
528 127 906 180 sy irem gehartenn meister Bend
936 139 1333 191 pittsthall allhie so lanvontschlich unnd
521 150 913 206 walltharten dem Gärber ann der
930 165 1306 212 unbarmhärtzig vmbgangenn, Namblich
522 188 902 231 matenn, alls sy by ime dienet,
927 188 1318 242 Nach dem im sin beind oder schänfell
933 210 1332 263 andtzweybrochenn gsin unnd umbrnan
522 219 896 271 stöllichs abiren tlage genomen he
923 233 1348 286 unnd uffhörenn bättenn, er erst darin
928 259 1345 311 so unbarmpärtzig, mit sinenn fussenn uf
523 262 878 326 Zeigtt syann alls sy by vorg
925 285 1329 339 ingesprangenn, im sin sin angesicht
509 307 896 355 Geiber gedienet, habt ey oberne
924 309 1327 363 unnd denn gantzenn tyb gar wust zer
523 337 899 385 furstinen dochter gereipt vnnd
934 336 1343 384 müttst vnnd zerstossenn, Mitternst
925 365 1337 410 vermanenn, warumb er sölliches gethan
526 366 896 411 angewisen, selbigem Iwem Mey
925 388 1322 439 oder was in darzu angereittt, vnnd
534 390 902 443 tällt zenemen, daruff alls dem
936 415 1310 461 verursachett habe, die grundtliche
522 423 906 470 meister vber sin günterli do er
927 443 1166 495 warheitt zebekhennenn
529 459 890 505 in gallt grhert klomenn, hab
531 482 904 533 im irem bedanken nach in ge¬
919 494 1327 560 daruff hatt er anzeigtt, alls sin enn
523 514 904 562 kanenn unnd ongenarlich 3 bagen
515 531 1289 585 In muntz, vervntrüwet Irenn Imwuntter alls es nochfallt war
925 553 1298 599 ann stadt sines Betktnn bnächten,
519 570 896 622 sie aber nit eigentlich bewüßt
940 571 1328 614 in der oberenn brottshall, des brotte
925 604 1321 640 güttenn wellenn sigenn vill ander¬
522 600 914 650 wile sy genomen, dann der fürsten
927 628 1311 671 knächtenn, so nitt inn die brottshaltpho
516 634 905 681 dochter, Iren das augentz abgeschwer
938 649 1315 691 Inn derselbenn brotshall by dem glütt
523 661 881 711 behallten, vnnd wie dastadt an
932 673 1313 717 stein gsesbenn unnd sinenn knaben den
534 689 889 742 andtragenn allso das sy und
936 693 1312 739 gar übell gfrerenn nitt wellenn zu sin
931 724 1295 767 lassenn sich ze wermenn, sölliches ha
531 721 888 774 söllche ding alle seinenn khon
936 747 1298 793 der knab, Iue anzeigtt, daruff sig Er
537 754 880 797 diren ninit dauonn bliben
924 770 1306 813 frinff, deräbenn inn der stuben ob
530 781 882 836 sonst hab sey mit straffwidigs
931 798 1316 840 zabein gässenn einab gangen unnd alls
521 802 895 864 misshandtlet, Bie ub gnod
930 830 1319 865 m frömbden thisthmacher gstelt by den
935 847 1310 885 gluttstein gestesenn hab er denselben
634 852 894 906 gundenn usgelassen
931 869 1311 909 aber den stull ussgezogenn, daruff hab de
939 893 1307 935 ersertt zu imkhämpffen gesprochen e
519 893 890 937 unnd mit dem Ryd von Ste
929 916 1310 961 sollt gnach thun Er hab es nitt gethan
588 910 898 960 land verwesenn Ar
924 940 1316 980 vff daßselbig sig Er khempff hrauff In die
510 942 763 995 Fetruai 15t
937 967 1333 1010 tubenn gangenn, doch vollgendts wider
932 986 1320 1036 hinabkhomenn, da er dan voranzognen
948 1012 1325 1061 pistemachergsell vnnd den verstutten
610 1018 812 1080 Hanns Khämpff
931 1038 1317 1085 nochstädtswartem funden, unnd alle
933 1056 1328 1115 derselb ofischmacher gstell zu im gesprochen
930 1084 1319 1135 er hab inn geschlagenn unnd hab wäder
555 1081 883 1147 ff fröter dem 7. t tag Marti
930 1112 1307 1170 recht noch billigkheit zu im phan, doßig
536 1111 869 1170 Im 77 jari ist hanns kha
931 1138 1313 1194 erthepff abermallen erzurnt worden
539 1135 884 1194 der Pfister inn gegenwirtigkh
936 1167 1302 1225 und wir derselb fischmacher gstell
543 1159 875 1219 der fromenn fürnemenn er
559 1183 880 1256 ysenn herrenn, fartlomek
930 1189 1305 1250 Andersich ewichenn, hab der verstertt
533 1214 873 1272 des Rhats Häneann Schlei
939 1213 1304 1281 uimgesprochenn er stollt nit fliechen
927 1239 1307 1302 eerwelltt im hellffenn, das har
531 1236 872 1307 Groshweibells, vnnd der weib
929 1265 1296 1330 funkempff verursachen, das für zu
532 1270 883 1344 gmeinlich, befragt, vnnder
919 1291 1315 1362 zur gesflagenn, daruss dann söllich
930 1317 1017 1362 auffallstig
1062 1329 1329 1389 dserungenn, er möge aber
532 1330 872 1403 unnd erstlich alls mann ir
927 1348 1332 1410 genglich nitt wüssenn, ob ers oder ander
534 1369 840 1432 anzeigtt, vnnd fürgehaltte
927 1369 1330 1447 habendt gethann, das er inn abe
538 1397 826 1458 das min y herrenn, oe
