2048 1536
705 149 1008 219 ann einem Haustag ✳ und ab
695 186 996 248 monren des am suntag zu
701 216 1038 285 huß kommenn, habe der marnd
691 256 1022 315 die frouw zu iunen gesprochen
702 288 1020 357 sy söllennt innen aber un
701 323 1037 383 hälffenn fisthenn, daß er unnd
708 360 1032 416 hin gsoll wilig sin ghin unnd
708 398 1041 456 alls der sollp mann dey knaln
697 427 1047 502 Im huß ghett so mit inwegen
708 465 1042 531 gann visthenm, wie sy aberei
702 502 1033 560 gutenn theil visthenm genangen
703 529 1038 588 vnnd widerumb heim Bomen
703 569 1030 621 hab die frouw im hus iunen
705 603 1031 651 die visch abgnomenn und ein
706 639 1045 686 theil der vischen gebachen und
690 670 1046 728 darzu buchlet auch innenbeite
696 708 1033 757 darvon getheilt und sy sym th
712 738 1049 792 gfäßenn, sye im sellben der man
714 773 1049 825 Im huß uß den stuben kommen
715 804 1060 856 unnd sy geftragt, waß sy da dur
702 837 1049 886 Du haben sy ime geanntwurtten
702 867 1045 924 sy haben zinen kenaben hälffen
702 900 1039 957 visthenn, vnnd alls er in die
715 936 1061 986 tuben ganngenn und gschwindt
703 968 1048 1018 wider ushen komenn unnd mit
709 1004 1001 1051 inn aupfanngenn balgenn
691 1037 1045 1084 Vonn wägen, daß sy zwenn
709 1068 1046 1119 imo hieuor uß einem zpicht
724 1098 1057 1157 zwentzig uf undt genomen, Item
723 1134 1039 1189 ey zum huß ufgestoßenn und
711 1167 1049 1218 Die stägekenn genomen und
718 1202 1049 1249 allbeid for der dürschwellen
714 1233 1040 1285 zu Bodenn geschlagenn, daß
708 1270 1039 1323 habe sy beschwacht, wie der man
703 1299 1054 1349 wider inn sin huß komen, habe
702 1331 1036 1390 gennampter sin gfell zimon
1110 131 1422 206 zgesprochenn wie wöllen
1082 164 1411 236 im Burren ein poßens Ryßenn
1077 192 1415 270 habe er gsagt, waß füür ei baßen
1073 227 1414 307 s daßer Ulli Boltschmid solles
1088 268 1388 327 at er wölle ein solten name
1079 297 1381 365 und im einhuß verbrennen
1080 326 1388 393 druff er goltsch mit ein bollen
1103 355 1406 418 nen, die er hinder dashun
1075 388 1434 466 zun Thäller dragsnn unnd daruff
1083 427 1430 493 lichs streuw gelägenn, daß für
1082 458 1414 528 ff den Bellen ihnn daß strauw
1079 496 1406 570 geworffenn, depglichenn er vll
1082 521 1436 595 galtschiid iun densellbigem stundt
1087 562 1397 627 in Folen genommen vnnd in deß
1086 597 1436 655 manns huß auch für ingleit,
1088 625 1429 687 it khat sines gsellenn, dauon dan
1083 663 1433 725 di hüßer mit ein anndren angfangen
1088 695 1442 749 einenn, vnnd sölicher Schad darus
1079 726 1381 779 wider got erfarnngy ervolget
1088 757 1397 807 und alls sy darnach in enwsthin
1082 784 1393 847 geschlaffen biß daß die first
1092 814 1433 874 ebrnnen du sigenn sy uffgstanden.
1095 848 1436 905 dch geholffen lösthen, ittem dem
1086 882 1439 940 migen gefolffen daß ishen wäret
1095 919 1342 971 dem fürzüchenn
1089 950 1423 1008 Ist erstlich lär unnd zum andren
1094 983 1420 1044 woll mit dem kleinenstein uff
1098 1025 1180 1061 genn
1100 1102 1414 1159 ff Männtag den 12 tag
1098 1137 1415 1188 Dachmonnats im 1519 jani
1093 1174 1421 1227 Iungägenn wurttigekheitt der
1098 1200 1409 1260 sroinenn ersauwen wysenn herr
1108 1243 1424 1296 itter dys des shats ✳ Hanns
1100 1273 1433 1328 esthann den burgrenn unnd
1099 1297 1481 1366 nachgus ihnnächts Groschweibell
1107 1337 1423 1393 samptt etlicher der weiblom
1115 1367 1293 1428 iuer y herrenn
