2048 1536
135 1282 325 1369 6
492 48 862 122 Nachwertz alls im das bein zebe
510 93 845 141 m noch meer geschlagenn, di
496 119 845 164 Inn verursachet, das der ver
493 147 864 202 allwegenn gesprochenn, Er muß
504 171 865 226 das nit vergebens gethann haben.
510 202 879 253 ber Erkhempff habe nitt gwüßt
504 233 853 281 das im si bein zerbrochenn
519 257 869 305 se, sonst hatt er sich wytherenn
511 288 859 333 phlachens woll maßren und üb
510 314 866 361 hebenn wellenn, Er ist bekhan
517 344 863 386 das er domallenn möchte grefft
516 369 865 414 habenn, wellcher im zu hillffk
511 394 866 438 där mus im gradt alls lieb su
517 420 869 464 alls disenn, So vill aber pette
516 454 865 494 Wärnhartenn antrifft, zeigter
529 478 878 523 im, er denseldenn dheier ander
514 513 872 548 meinung da gesechenn, dan das
513 530 881 579 gescheiden, söllich alles wieks
510 559 886 604 ouch den semblicher unnfhall beschechen
516 586 881 630 das sey im vonn färtzen leidt vn
517 613 868 659 bätte uwer y gann demüttig
519 637 868 686 diewyll im sölliches zoringer
526 666 880 719 eschechenn nitt so vill daruff zese¬
523 696 872 743 mitt erbietung, ime was uwon
520 720 869 772 y. Allich dunck, darfür zegeben
522 836 880 895 unnd alls im wycher fürge
528 874 875 920 halltenn, wie Min g herrenn
513 899 877 950 verstendigett worden. Dast
523 932 887 978 uff ein zytt, mitt einem silbreg
524 953 890 1005 fächer nach sinem vatter sällig
520 986 883 1033 gworffenn habenn sölle, auch den
515 1012 881 1066 gemudt der warheitt zubekhennen
512 1071 878 1129 hatt er anzeigtt, alls uff einzy
510 1101 875 1160 vonn kun at einem hochzytt
518 1131 877 1180 somnenn unnd sin vatter gwar
524 1150 879 1211 vordennd er gegenn der Stube
521 1176 862 1236 geträttenn, hab er ein schwy
525 1195 873 1272 hägenn erwüftscht unnd alls
509 1233 865 1294 er zur thür inwellen, hab e
513 1252 869 1319 onne alle ursach zu Im gestochen
509 1289 882 1354 Er khempff alr hab im abermi
515 1317 862 1376 dem arm dennstich abgeschlagen
526 1349 841 1399 damit er dan inn den ar¬
532 1368 866 1422 verlegt wordenn unnd alle
536 1398 858 1454 in vbtteren einer, auch äber
888 73 1307 144 Der stubennpsin unnd sinen vathi
1240 101 1280 136 ig
945 101 1238 151 abzwendt oder gescheidenn,
921 127 1288 176 ampff über denselbenn erzürnt werd
905 144 1291 211 o er sölliches alles gestechenn unnd
937 160 1305 228 ann lasbenn, derhalbenn die thin
937 192 1320 258 than unnd husenn im huss über
911 218 1304 283 Ainen Vetteren vast Zornns gestandt
911 244 1316 305 imselbenn hab im einfrouw in ein
906 269 1313 342 Bächer zu trinkenn bracht, den hab er
917 298 1304 365 für sich nider vff den fardt geworfe
906 325 1294 385 unnd mitfussenn zerträtenn, d
914 348 1306 420 Er aber den bächer nach sinem vattte
919 381 1320 444 eworffen haben sölle, das stige nitt und
912 411 1308 474 wärdt sich ouch immer erfinden, dan
916 435 1293 498 ein vatter inn der stuben unnd
920 467 1283 535 er im huß ussenn gewäsen, sen
915 496 1325 562 frauw aber die wardt die lüth sodarbe
916 525 1298 582 gsin föndenn anzeigenn, die mög
911 552 1208 616 Mann darumb verpörenn
993 730 1244 803 Vetter Wernhartt,
1048 778 1154 845 st hupre
929 832 1300 878 Item alls mann im fürgehalln
951 859 1311 910 Alls janns Kampff unnd antzo
928 881 1325 938 N Inn der oberenn grotzhall allhie
936 910 1301 959 des vnemenn worden, warumb
951 940 1309 989 Er, annstadt das Er hätte scheidenn
949 969 1308 1010 söllenn, dem tämpffenn ghollffe
952 994 1295 1044 sich varthyett unnd auch zu den
953 1019 1313 1072 versertenn geschlagenn, die rechte
948 1058 1174 1107 Warheitt anzezeigenn
936 1098 1300 1153 hatt er anzeigtt er sige auffangs alle
930 1133 1319 1180 Nich der handell erheett nlt darby gei
938 1160 1319 1203 aber letstlich alls er Inn die Brotschal
937 1192 1307 1226 komenn unnd sehenn wellen, ob s
943 1209 1290 1258 knab vill verkhaufft habe, sigen Er
937 1237 1304 1271 beidt aneinanderen khomenn unnd
937 1265 1314 1311 garnache beidt Inn die glutt gefallen
939 1289 1308 1340 unnd alls er sölliches gesechenn hat
936 1318 1325 1366 Er sinmanttell vonn imgwörffe
936 1349 1345 1400 vnnd denn versertenn gutter meinung
936 1371 1294 1425 scheidenswyß erwüffscht unnd
