2048 1536
690 153 1035 249 Denne habe ir mit sampt den
714 195 1029 275 synnenn gesellenn zu seidergelt
714 241 1022 303 hinder einem huß zin
711 275 1035 331 Mannen heily ouffräuttet
720 309 1032 368 unnd deilt, doch gsollen din
722 341 1022 400 habe Maritz geheißenn, so de
727 376 1032 431 grost gsin dem syemit aber
717 417 1040 467 zwey wordenn vnnd im numen
709 447 779 492 eins
741 499 1036 561 Aber habe er mit sampt etlich
741 543 1025 598 gesollenn, unpfarlich for de
721 577 1030 633 Jarrin zu Hobcherrenn im
726 614 1049 665 der Lanntnopy iunderlappen
729 644 1032 697 einem lantmon ein eisten
739 674 1031 727 nemenn unnd inn ein wolle
733 708 1032 762 getragenn, daselles geöffnn
729 732 1047 791 uund ungfarlich drysig pfundt
743 775 1047 820 darinn funden, siner gespanne
732 807 1040 858 nammen syemt aber ime nith
711 839 806 888 wüßenn
730 896 1046 968 zeigt ann es zieche einer
740 942 1038 993 Bigbenn vnsher wöliche
750 978 1046 1028 sich Hanns Urich neme der
737 1005 1031 1062 jorio sig ihnn meing allde
738 1041 1036 1097 noch mer zuerbrennen
734 1079 1051 1150 denne ungeuarlich vor drye
738 1122 1054 1179 farrenn, sig er zu Fryen gsoll
737 1146 1076 1211 komen der hausf ✳ so vs frybung
730 1191 1057 1239 vitt, ouch der annder ein Blein
724 1212 1072 1277 Bub, welicher Christann he
716 1257 1065 1304 sye vonn walles unnd der in
718 1285 1039 1337 wichell so hinder Zeunff dah
729 1314 1040 1364 onnd alls sy mit ein anndre
733 1346 1041 1396 ann oder doffenn gannge
1096 138 1431 218 dalls sy ein Elein ob doffen
1085 185 1422 257 fallendach bomen haben sy
1065 215 1425 304 Posenst by nächtlicher wyll einen
1076 246 1434 327 räber, mit einer Leitren zo vnder
1103 280 1421 347 spicher glagenn ✳ zum dach
1104 304 1445 385 ingestigen, unnd den Bleinste
1071 350 1440 422 hubenn Christann hin in gestaßen
1073 386 1398 461 imo ein alein meser gäben, die
1079 423 1391 485 rög zeöffnnen, darin haben
1092 447 1418 515 kein zäschenn bronnen fundenn
1073 482 1419 553 daß habenn die gröstenn theilt unnd
1071 522 1361 585 allem bry diett worden.
1076 563 1396 646 Vötter hatt er bokhenndt allß e
1076 609 1407 685 engferlich jer fünff jaren allhi
1078 647 1379 704 pfanngenn glägenn mit einen
1093 671 1405 742 nem forgemellten gsellen, so Ulli
1079 720 1394 774 Bladi geheißenn nit wölichen
1097 747 1402 808 hat hälffen drymonff von
1095 782 1386 842 bringenn ✳ unnd alls sy allhe
1088 817 1406 880 forgnicht gstehlt unnd mynn g
1091 846 1378 907 Heeren Shät vnnd Burgen
1084 881 1410 947 berheundt, daß man syn gsollen
1094 915 1369 975 mit dem stad bichten sölle.
1100 932 1407 1004 ebe der nachtichter Zunckunt
1095 974 1415 1046 hutten gestrichenn, vnnd inne vor
1096 1014 1403 1074 siner fugent wagenn laßen
1087 1036 1414 1108 genn, vnnd Inn sin heimdt ver¬
1090 1093 1175 1141 wissenn.
1102 1142 1468 1218 Eestlich sye en Uely Goltschmidt
1111 1192 1444 1243 stoffenn zu einem kamen wöl
1113 1217 1433 1278 sei mann zu Pbäwpe numen
1107 1248 1460 1307 zumonn husell sage ✳ von sanen
1113 1291 1438 1339 uittig ✳ unnd alls sy dadanne
1113 1322 1424 1366 nit ein andrrn gangen biß gan
1114 1345 1441 1398 sebeng unnd sich laßen uber di
1116 1371 1423 1432 das gann disenn furrenn
