2048 1536
728 165 1037 230 zu ime gesprochenn er sey
726 202 1040 261 sien tuwig lasenn doch
712 232 1040 287 Mann inn wol sälbsiger
716 256 1047 319 frouwenn zognen, er wölle
722 283 1031 339 eß aber ann Nangustin Rur
742 316 1032 370 und peter Kinderlin laßen
702 345 1038 395 das er stats by innen belib
703 370 1034 429 unnd ein theil für die sti
721 407 1031 451 beim gangen nach bäsch an.
717 436 914 477 gefangenn habe
699 472 1029 532 uff dem zinstag frou alls
716 505 1024 551 sy vff die loubenn giengen
726 528 1021 583 unnd ein subenn ashann sye
697 562 1038 613 Naugustin Rüffli der würt
717 589 1037 635 vonn sannen und sin mit
723 623 1037 667 soll einer von Rötschmundt
682 652 1022 688 do baue ouch ein dochter mit
712 679 1046 716 innen mit wölicher enwaden
691 706 1008 744 wont noch warch diebenn
717 731 1033 783 unnd zallte innthon stein
699 762 896 805 Er allen urthin
696 795 1021 854 um worgin brott syge
735 829 1025 876 habir y erlichenn Euthem
726 861 1018 903 ssin ✳ unnd alls sy das ver
717 886 1027 929 zuget sige er vnnd Anthan
744 912 1018 953 einer unnd fin gsell
718 938 1030 980 widerum zun Alfflentsthenm
722 970 1039 1011 gangenn, da sye er by einer
717 993 1031 1038 Burren där zu stäts behe
711 1027 1006 1067 beiget ubernacht gsin
709 1050 1019 1103 itum alls er denn morge
723 1093 1028 1139 zu olfflentsthen danen gar
720 1121 1024 1170 sye uff der straß ein män
713 1152 1038 1197 zu im komen ✳ unnd mit im
715 1181 1025 1223 gagenn samnen zu gangene
709 1207 1031 1255 habe sich irenn funst nützig
718 1243 936 1284 belainnn wollenn,
1083 170 1402 225 o dunnd vonn wägenn das e
1072 202 1408 257 zi kilchenn zu Efftentsthenn in
1068 237 1411 285 zunffzächenn oder sächzächenn wurd,
1084 266 1427 316 versashenn, Zeigt er ann es habe
1077 298 1394 345 ss begabenn, daß er mit herrn
1072 330 1385 376 Caumell dem gredighanten
1071 361 1402 410 sannen, des vneinen wordenn
1070 388 1397 446 s där gstallt, das herr gaumpl
1079 424 1390 472 mie ein schelmen gescholten
1075 455 1394 496 und dörhalbenn habenn iu de
1072 477 1424 538 lth gfeit diewyll herr sanundl
1071 513 1421 566 ime so zu gret, so stande us im nit
1074 549 1354 599 zu die kilchenn zu uersach¬
1080 580 1409 629 ven desallbignnn wägen
1083 612 1429 658 be er nit mer zun Offlentsche
1077 639 1385 690 dorffenn thomeren bisn
1074 674 1385 722 darnach zwüschenn innen ein
1074 702 1384 756 reuch gemachet worden
1078 730 1392 777 unnd der lanntvogt iun
1073 765 1364 816 gheifenn zu predigenn sye e
1077 797 1410 845 vidirum In Offlentschen gang
1077 829 1427 874 zu dredigenn ✳ alls vormallenn
1077 856 1408 907 doch habe er dar zwüschen den
1079 885 1396 932 Mallenn annder Louwinnn
1074 914 1422 963 zweymallenn am gsteig und
1083 948 1428 1003 u Rotsthmundt unnd zuͦ zwei¬
1083 983 1391 1026 silen in ein jeden ort ein
1086 1006 1417 1061 wal gnediger us disrenn
1080 1032 1414 1087 s erzelltenn vrsachen vnnd
1079 1069 1393 1127 nit uß farbäszig eheit sig
1079 1097 1427 1156 sbeschein, daß er die kilch
1079 1136 1354 1190 ein zu Vfflenntsth
1073 1170 1402 1222 dar sallsig min zit nit ver
1090 1196 1409 1256 shenn und kiynenn eruale
1086 1234 1199 1283 stat thann
1086 1270 1421 1325 gärt därhalbann, das man sich by
1095 1304 1420 1356 slbigen personen, und ouch zu
1079 1326 1408 1378 offlenschen unbhundigen wöll
1092 1361 1120 1389 die
1081 1359 1403 1421 hagen) sich ghalten und thragen
