2048 1536
701 121 1017 204 zuuer bemellts jans unnd 4
736 172 1017 235 ist auch daßallbs Ban
714 206 1014 270 Schurrer vonn Carvellnn
713 234 1031 296 Der hansthafft Arbeng befragt
720 271 1028 320 unnd ime fürgehalltenn worden
702 298 1032 355 wie das mynn 8 herrenn dunch
702 327 1025 393 glouswürdige versannen berichts
702 362 1010 423 vnnd Eigenlich verstendiget
691 401 1035 452 wie daß er by nächtlicher wyg
690 434 1027 492 Dem pnedie kanttenn vonn Tagg
717 462 1018 517 unwydt vonn celrbenrg ✳ auh
720 496 1029 547 Fryenstraß, vff sinem Heini
718 531 1025 579 gewarttet vnnd Innen zu bede
717 562 1026 615 geschlagenn, Ittem auch desellbe
721 595 1025 646 valls dem  amann zu
715 633 1031 682 darvollenn uff sinem heim wög
711 665 1027 712 vff Buyer straß gewarrttet, vnd
735 697 1021 747 hnnen auch zu bodenn geschlagen
717 733 1021 776 Donno wie daß er verschines
711 757 1025 807 mit die bößenn gsellsthafft gant
714 792 1036 836 zurzach uff denn martt gange
714 823 1036 866 vnnd mit iInnen inn allen bösem
720 850 1027 895 sachenn shundtsthafft vnnd theil
720 882 937 930 vnnd gmein gehoptt.
717 975 1037 1036 Daruff er onstlich annzeigt
720 1024 1023 1065 alls gemeiltter predige danntte
726 1048 1025 1096 sy ime für bibenn fronnen
714 1082 1027 1124 wynn genomenn vnnd verzeutt vn
709 1109 1026 1156 allsen im nit man gäbenn wöln
715 1139 1028 1183 sys ir im die altte zum b
709 1168 1030 1213 syge daruff der vredickan
713 1194 1028 1243 gann Urbeng ganngen und der
724 1224 1033 1269 ida bim vogtt verklagtt, wie
700 1255 1021 1303 das fin mach oder bintten zu e
706 1281 1021 1329 unnd nit völig syge, jo daß die
697 1316 1013 1359 vogtt darnach gschicft unnd d
702 1343 1012 1386 eintenn probiert, sig sy völlig
693 1366 1000 1418 unnd gebigung gewäßenn, da
1043 103 1403 169 t ds
1145 147 1409 189 den bredickanten dar¬
1061 173 1398 248 aus für genommenn, denne alls er
1072 201 1373 275 Eibenn bramen so en iner umd
1079 242 1405 305 schuldig gebrüberl gemanngke
1061 268 1387 345 d dehin zu großem eostenn bammen
1067 310 1393 372 ser in stäts am bächten uffzoge
1068 343 1379 400 di können bezalt wür den
1067 364 1394 435 oeer im zwo Zurhanttenn donn
1056 400 1401 465 t verruffenn vnnd verganndtten
1071 435 1379 495 enn, vnnd erwaß wytten gelafft
1061 472 1376 529 der sin sum bringen mögen, unnd
1060 500 1373 571 aß er vermeint, daß fürgelößt
1059 536 1373 597 in hin costenn ze habenn syge der
1068 566 1379 620 viekantstäts mit anläßigen warte
1068 590 1415 652 im gsin, das er im das fürgelägt
1069 629 1391 676 en wölle vnnd allß sy angfärtt
1064 660 1400 713 den straß zu samen komen hab
1065 696 1389 742 s in mit einem füebell geschlagen
1066 728 1408 774 her nit vff Inne gewarttet noch haut
1059 758 1406 809 felig gemacht, dann so er es nit bet
1057 784 1406 839 sy sie noch glauben wölle, das uß allso
1062 824 1369 861 ungen, so wölle ern mit petter
1061 846 1367 895 Gyger zu Tappellen erzeigen, de
1069 878 1421 931 darby gewäßen, alls er in geschlag
1074 993 1372 1052 denne des Meyers halbenn alh
1078 1039 1400 1083 dann etlichenn finnen nachbuern
1074 1074 1384 1113 versteundigett vnnd berichtigett
1078 1101 1382 1148 ordenn, wie daß de meyer zu
1075 1130 1370 1181 eppellenn sinner husfrouwe
1074 1161 1384 1214 aich vnverlich sachenn zugemutte
1072 1191 1373 1239 habe unnd irvonn daruff zwo
1075 1217 1360 1270 drennenn zeigt unnd alls er
1075 1247 1358 1297 darumb mit tocht fürgenomen
1068 1279 1362 1329 und getrybenn, syge er Bantlic
1069 1302 1127 1336 worden
1137 1308 1379 1352 das er ir y bronnen zei
1078 1329 1372 1374 b zum fürgäben in einem
1081 1350 1432 1408 Schimpfft beschächen und farzwarch ge
