2048 1536
691 170 1032 247 Ittem alle er inn sins heine
704 214 1031 273 zogenn unnd allda sy sinem
711 246 1037 304 vatter ein zulaung verharret
704 275 1031 331 Sie er darnach im Schnidi
702 309 1016 356 wider ußhar unnd gägen
700 339 1032 391 Bißell zu Zogenn zunwin
721 367 1023 415 zu schnidenn unnd sich mit
724 396 1019 446 eier hannd Erbeitt zeer
714 423 1053 484 wweren, unnd alls er zu Bahe
703 455 1046 513 vornomen die Lamttskhnat
700 487 1025 530 wöllenn inn Frieg zuchenn
697 518 1046 572 syg er hinas inn das Ilsaß
702 544 1061 596 zogenn ✳ unnd allda zuͦ Hangtman
696 579 1030 625 fürstein vonn holt kilchenn
700 607 1036 652 dinget ✳ wöllicher zuw allen
697 636 1009 680 nat vi bronnenn boholden
714 664 1045 711 gäbenn, er habe ime aber alle
711 694 1047 741 iy monat diennet ittems
715 726 1046 765 dabo er mit einem sinem Ber¬
702 755 1045 803 gsollenn gemetzget, da habe er
705 784 1048 832 mitt der besoldung unnd meyg
720 814 1048 859 ebronnenn gewunen unnd übe
713 843 1057 889 khommenn mit wölichem gällt
714 875 1048 929 er allhie by Meyst Jopalii Sto
701 909 1045 953 olls sim ouch zu zweyenn
697 940 1027 979 Barhoßenn unnd zu einem
719 963 1055 1016 vamischt bhaufft und hieby
722 998 1028 1043 einem Schinder die Bleiden
718 1027 896 1075 laßenn machenn,
697 1073 1054 1124 denne habe ime sin vatter pr
735 1104 1048 1155 Berttow ✳ alls juw sin scher
726 1143 1058 1186 ächer Philix Oswoalt verman
733 1171 1058 1221 Heimhegaum zächenn fronen
729 1202 1037 1245 habenn an Waltscher müntz
714 1231 1039 1273 er zu frunff umb dallen v
721 1254 1044 1308 wächsloft, williches gällt sin
710 1292 1018 1334 frouw noch hinder ir habe
720 1317 1037 1362 namlich vij daller unnd
724 1348 866 1400 tliche munth
1081 125 1415 231 g slihen zeuzen semmen
1079 180 1407 268 habt er einem fantmann nit,
1071 216 1402 306 kammen wöllenn, dann er im 8
1113 238 1403 331 eten in kommen zinß
1068 284 1339 379 zuen guen witen
1091 373 1446 464 ein deß fhürs unnd der brunst
1085 416 1417 496 alller eo uff dem pfinngst
1085 455 1427 524 vnndt ann monntag vor pfin
1078 488 1423 560 gtenn allhie uff dem platz bin
1085 524 1431 595 jslle jungleit wordenn, darin
1080 554 1419 630 sie ime nüt zu wüßenn, dam
1084 589 1418 660 ruff dem hällbigenn montag
1085 619 1394 695 er pfingstenn ✳ zuͦ Aceerswyl
1089 653 1427 718 4dem Bredickanten ein aben
1087 679 1436 749 und thann by wölichem Bredix
1094 723 1414 787 anten sin frauw ein jar oder
1093 749 1452 815 tliche gewäsenn, dan den Brodickang
1094 782 1428 855 ier frauwen verwant syr unnd
1086 819 1433 887 uff dem sellbigenn manntag sig
1085 852 1445 918 ebiß gann Burtorff gangen und
1084 883 1412 947 da inn einem würthuß über
1094 922 1446 984 nacht glagenn, vnnd Morrenden
1091 954 1424 1025 im pfinnigst zistag umb mittag
1094 986 1377 1056 allhar in die stat khommen,
1104 1055 1429 1115 Denne alls uff donnstag uf
1108 1090 1445 1148 dem platz bim gäßli abermallen
1096 1116 1426 1182 zur vffganngenn, daß er den
1105 1142 1455 1213 wrgem fru ihmr dem bormen
1113 1187 1412 1242 s gshäßenn oder ann einem
1103 1210 1434 1269 vastenn gelännett, vnnd geupt
1112 1237 1431 1304 tenn daß fhür uff gann wölle
1114 1271 1433 1327 so nit ann unnd ward sich nitt
1100 1314 1209 1361 vfin denn
