2048 1536
691 180 1029 262 instlich hatt en inn einslamē
695 228 1025 281 huß nit wytt von der stat im
697 257 1019 303 syge aber nitt in wisenn wie das
690 284 1019 337 dorff heise ein halb bett genan
702 314 999 367 unnd des sallbig gasenn
767 382 1027 460 ine habe er unwytt hoff,
696 435 1015 490 ringenn by einem eyntzigen
711 475 1013 524 hoff, sin antragende Fleider
696 506 1009 546 namlichen hosenn unnd wann
695 533 1027 581 unnd das sompt, ab einer stan
705 559 1022 614 vor dem huß ab der dröchen
729 592 874 644 momenn.
726 687 1049 750 Ader habe er mit sampt zwey
736 739 1040 782 innenn gesellenn, so der bin
724 765 1031 816 Vetter vnnd der annder Han
726 791 1036 851 heyse, er zu nammenn syen zu
729 824 1042 879 nt iun wüsenn sygennt von
729 853 1049 916 Ferttenn annethallb murtten
727 888 1040 943 inn einem thörffli so mann
728 917 1048 971 gusthellt nemme, dasellbs habe
719 948 1051 1005 sy dey inn einem hust alls da
720 972 1053 1032 vorch nit anheimsth gsin tagind
719 1014 1057 1059 einem siel ein droy uffbrachen
731 1042 1063 1095 unnd zwenntzig floreynn darn
731 1070 1046 1116 unnemenn ✳ unnd under sich glicht
724 1109 836 1156 uff theilt
738 1179 1046 1249 Femw habe er mit obgend
735 1225 1056 1271 pttenn sinenn zweyenn geselen
739 1252 1067 1302 ann Basell pirt zuͦ Wynnger
742 1276 1062 1336 alle daß huß volef den sehl
756 1310 1050 1354 soll am Brycher vergäsen
741 1336 1049 1393 nächtlicher wyll inn spyche
1099 152 1378 218 enn vnnd allda mit einem
1113 181 1374 243 in droyh geoffe mitt und
1067 210 1376 292 bronnenn ann gällt
1072 238 1378 316 uch zudenntzig homli unnm
1075 269 1385 345 Wölff heynlachenn genommen
1061 307 1383 391 die Heirli unnd lylachen ur
1089 339 1365 408 aufft vnnd ein eynlachen
1084 366 1386 443 mo 1 batzenn gäbenn unnd
1071 402 1387 490 Daß daruß erläßt gällt mit
1083 439 1413 512 innenn zwëyenn gesellen glichlich
1081 483 1293 541 unnd ersieh uff theilt
1073 557 1397 626 sttem so habe er mit zweyenn
1082 594 1398 653 anndrenn sinenn gespannen oder
1094 621 1409 683 esellenn so der ein mychell
1082 660 1367 712 vnnd der annter Wilholln
1086 679 1404 743 heise in heimett unnd zu nammen
1084 715 1399 766 sye, aber ime unbewüst im
1084 741 1406 801 einem eintzigenn hoff unwy
1095 767 1400 831 vonn Buchsoe, alls sy nächtliche
1098 798 1400 863 pyll zum Lpycher dach in
1095 834 1415 892 jestigenn, dasellbs im spychen
1095 861 1433 921 mit einem biol ein drog gröffne
1215 895 1428 938 im Eron ann Müntz
1103 908 1188 947 uund zu
1094 919 1433 978 vnnd diebempffenigen, uß zweye
1105 956 1409 1008 Beyckernn genomen ✳ unnd mit
1106 978 1444 1045 sinenn gsollen ouch glichlich ufftheilt
1089 1055 1441 1135 Denne mit synnem Jetz gemalten
1115 1097 1426 1165 zweyenn gfollenn, wicholl unnd
1115 1133 1423 1191 Wilhalmenn by Iffertenn ei
1115 1153 1433 1218 württ alls nemannts im huß
1111 1194 1433 1248 Isin inn daß huß ganngen
1124 1218 1445 1278 und inn derstubenn ein darg
1120 1237 1404 1304 ffenochenn unnd danus
1116 1288 1401 1339 sächenn floryen genommen
1119 1308 1433 1362 vnnd mit ein andren glichlich
1125 1346 1275 1393 theilt.
