3024 4032
123 150 272 280 46
412 178 1441 429 Barbara Hoffer von Beglen
337 418 1473 650 Eine berüchtige dirnen, so mit schlimmen wande
348 568 1410 737 fohrtgesetzt und bereids zwey battarden an
349 693 1416 852 tag gebracht, darby auch Samuel Müller
376 815 1387 963 von Gallickoffen und Wilhelm Baum
361 895 1401 1061 gartner der schwängerung beklagt, der
372 1004 1415 1167 Erstere aber sich durch einen solennischen eyd
356 1107 1394 1253 inocentiert hatte, deßwegen sy mit dem
354 1195 1453 1405 holtzernen kragen die statt hin undergeführt
990 1332 1163 1397 l
369 1338 1479 1495 und des lands verwisen worden, mit betreüwen
382 1445 1368 1573 das wann sy sich weiters im land werde
374 1530 1387 1687 sehen laßen, sy für altes vnd neüwes
378 1655 1379 1790 mit gemeßener straff belegt werden.
314 1740 1103 1872 Den 20. tag augusti 1705.
605 1835 1265 1973 goth ist sel ge
194 1999 1301 2214 Peter Baur von Beglen, vndt
280 2154 1309 2322 Barbli Hadprach sein webe
278 2272 1304 2427 Item Hanß Reist von erwangen
389 2412 1141 2546 lsgeret in in versohnet we
139 2489 1314 2673 Nachdemme meine gnädige Herren auß
414 2646 486 2701 e
362 2627 391 2698 d
315 2648 345 2703 d
284 2626 1348 2776 dem horgrichtlichen vortrag vernommen,
285 2718 1357 2883 was für ein schandlicher vergleich zwüschen
268 2828 1400 2993 obigen eheleüthen und dem Hanß Rust, so disere
254 2945 1372 3094 Caderach geschwengeret vorgangen, da namblich
278 3047 1432 3200 sy jederach solch by ihme reist erzeigeten bestand
216 3155 1363 3325 für Ihres mans vnd also für ein ehelich kind
232 3253 1413 3374 angeben und kauffen lassen, der erst hingegen
233 3362 1321 3496 auß antrib des Baurs sich schrifftlich als
238 3451 1389 3605 vatter disers kinds und zu entrichtung einer
216 3552 1321 3708 jährlichen summ erklährt, auch würckliche
2726 270 2849 388 47.
1666 308 2837 477 in neuri Cronen erlegt, habend ihr gnaden
1665 430 2854 557 diß liechte gesindlin in großem fehler befunden
1679 493 2823 622 und erkendt, daß sy alle dra als ehebrecheren
1668 573 2896 731 zur abbüeßung gehalten, die Läderach dann nach
1683 661 2836 809 werchs für zwo stund lang Hans halß eysen
1674 752 2888 882 gestelt, der baur und reist aber für ein halb
1668 826 2838 988 jahr lang des lands zu hannisieren actam.
1677 943 2265 1082 14. tag augusti 1705.
1704 1195 2395 1391 Vincent Bourgeris.
1688 1438 2791 1570 Weilen diser entrissene wider ist behändiget,
1700 1544 2835 1664 worden, als ist er dato in daß Schellenwerch
1689 1615 2844 1759 zur einschmidung übergeben worden. Actum.
1678 1724 2246 1855 31. tag augusti 1705.
1846 2066 2886 2251 mandel Schaffroht von Kilchberg
1667 2262 2776 2433 Welcher sich in so weit vergeßen, daß er den
1699 2376 2887 2523 Müllerknecht Jacob Jordi angewisen sich nacht
1714 2471 2815 2632 licher weiß in seiner frauwen zu begeben undt
1715 2567 2876 2705 selbige zu beschlaffen, welches er Jordi auch angenommen,
1716 2657 2849 2813 und die frau mit gelt zum byschlaff zu tentieren
1724 2756 2822 2894 gesucht, selbiger aber dennoch nit vollbracht habe
1718 2854 2802 2983 deßwegen er sauff gnad hin mit dem eyd von
1714 2957 2822 3082 statt und land verwisen worden. Den 22. tag septembris
1701 3055 1844 3147 1705
1782 3179 2689 3362 Anna Züricher von Selp
1702 3314 2842 3462 Ist wegen begangenen ebruch und zurey fehleren
1714 3413 2781 3555 eydlich von ihr g statt und landen bannisiert
1717 3508 2440 3666 worden. Den 12. tag jenner 1706.
