3024 4032
398 314 1425 495 abgehauwen, habe es nit gespürt, daß er
390 448 874 551 iebendig gsin seye.
348 527 1428 693 Glas fallen dan in der genißt, habe dem
373 610 1385 744 kind, wan es ich lebendig gsin ware, mit
379 692 1428 850 schaden können, weilen es gegrupet, vnd also
403 782 1419 904 nit hoch vom boden und noch darzu strohle
413 855 952 978 Vnder Ihm gsin seye.
355 954 1435 1088 Allein dises kind habe nit stark sein können
394 1045 1397 1176 ja kamm das leben bhan mögen, weilen
383 1132 1413 1275 es mehr, dan in zehen wuchen krank gelagen,
353 1222 1398 1352 Vnd noch darzu seine reinigungs Zeiten, anoch
380 1335 1418 1442 Vergangene Wienachten gehabt, so daß es
366 1406 1382 1548 auch lang nit vermeint, daß es schlanger
345 1500 1421 1631 seye, welches dan auch die ursach gsin, daß
352 1594 1411 1714 es immerhin geschlagen: dem Gsellen dan
328 1680 1429 1810 so ins geschlangeret, habe es mit dörffen sagen,
319 1787 1424 1907 Weilen deßen Vatter, Vnd seine deß Mentschen
341 1860 1408 1993 brueder schon zuvor gar vneins gsin seyen
322 1952 1408 2083 Vnd es also geförchtet, daß es noch herter
305 2041 634 2150 gahn möchte.
286 2142 1410 2279 Damahlen dan, da die leüht in stall kommen,
316 2233 978 2346 seye es schon genamsen gsin.
325 2329 1367 2466 Zu dem allem so seye es mit der gleißt
327 2426 1413 2567 Zimblich hart zugangen, vnd Ihme auch daruf
286 2515 739 2651 wehr worden.
287 2601 1359 2761 Volglichen vnd entlichen hat es beharret,
328 2732 1367 2849 daß dises nun die Lutere Wahrheit seye
357 2820 1328 2943 Vnd gar mit weiters sagen, noch anderst
323 2896 1415 3035 antworten könne, es möge nun Ihme darüber
327 2980 1355 3120 hin gehen, was es wolle, es befahle alles
312 3073 1404 3236 dem lieben gott und einer gnädigen oberkeit
303 3183 763 3285 Acte obstaht.
305 3279 1421 3421 Den 17. martii 1711. Ist disers examen meister
277 3358 1378 3481 den Rahten vorgetragen, Vnd darvberhin erkent
263 3432 1379 3578 worden, daß dises mentsch auf oberken gnad
292 3516 1435 3648 Vnd gnugsamb erscheinende verlohin ins schallen wort
304 3613 1385 3717 übergeben, vnd daselbsten Jehdoch ohne ring, zur
283 3671 1420 3766 arbeit angehalten werden solle, welche erkanten
263 3742 991 3844 Den 18. de exequiert worden.
