3024 4032
527 463 1210 674 Lanth Kästlis
542 604 1267 803 xamen Vnd Vergicht
324 841 1473 1012 Nachdeme der von denen zweyen im april
411 945 1452 1107 17 ob alhier mit dem strangen hingerichteten
423 1031 1409 1185 dieben, Heinrich Mihrt und Heinrich Cuntz
316 1072 435 1208 9
406 1113 1393 1269 als Complice angegebene Bartli Kästli
375 1218 1431 1344 Den 7. diß lauffenden monats frunden hin
375 1296 1421 1446 der dem Ambt Mangen in gefängklichen Ver¬
345 1394 1368 1515 hafft gezogen, volglichen auß Oberkeit er
371 1482 1442 1602 Veranstaltung von dort alhar in allhiesige
376 1564 1418 1686 gefangenschafft gebracht und gesetzet, vnd da¬
388 1652 1373 1786 rüberhin auß Oberkeitlin befelch durch
355 1746 1421 1890 meinen hochgeehrten herren rahtsherren Fri-
357 1850 1429 1990 schung mit zu thun herren Großweibel der
350 1935 1393 2047 sets, vnd deß Grichtschreibers in gegen¬
331 2022 1434 2155 wahrt Molohlen Frantz Ludwig von Wehrte
356 2115 1360 2248 Den 12. julii 1708 über begangene
333 2199 1435 2351 diebstahl examiniert worden. Hat diser
323 2306 1436 2442 gefangene Kästli auf vorgangenes in dergleich
363 2392 1411 2541 chen fählen erforderliches krefftige zusprechen,
370 2489 1168 2623 nachfolgende bekantnuß gethan
359 2581 1402 2730 Namblichen er habe zwar zu Wangen vor
365 2675 1374 2774 geben, daß er sich Jacob Engiser nambse
364 2722 1423 2890 Er heiße aber Bartli Kästli werde nach kunfft
371 2807 1428 2949 tigem ambdet Frey und zwantzig jahr alt
358 2909 1385 3032 und seye zu Urnäschen im apenzeller land
332 2998 554 3110 daheimb.
291 3066 1406 3222 Auff befragen, wohar er komme, und was
335 3141 1040 3287 er alhier im landschaffe.
301 3239 1385 3378 Hat er geantwortet, er seye über zlosy
342 3337 1379 3453 jahr fort und in kriegsdienst gsin, komme
324 3417 1393 3531 Dißmahls auß landren, habe daselbsten
339 3490 1442 3595 Vnder herren haubtman halber im Pfeifferischen
2729 147 2851 280 125
1659 311 2855 490 Regiment gedienet, seye aber außgerißen, vnd
1679 399 2849 561 dißmahls mehr nit als zwoo nächt im Bernbiet
1701 469 2902 629 übernachtet, seye willens gsin sich in Piemont
1685 578 2424 713 wider in dienst zu begeben.
1656 619 2892 853 Wohl habe Er sich vor disem in alhiesigen
1687 741 2826 898 Landen aufgehalten, vnd mit furterfeßlin
1712 795 2839 971 schleiststeinen und dergleichen sachen gewarbet.
1689 901 2910 1105 Jezmahls habe er keine Campnaden Vormahle
1718 999 2829 1176 aber habe er zu Cameraden gehabt, Heinrich
1709 1108 2881 1272 Kuntz vnd Heinrich Muhrt, vnd seinen Bruder
1696 1204 2858 1384 Jacobli, so in 22 jahr alt seye und diß
1724 1284 2905 1471 mahls in Catalonien in dienst sich befinde, disere
1698 1393 2842 1557 Gsellen habe Er im Bernbiet angetroffen, vnd
1685 1482 2852 1624 bekantschafft mit ihnen gemacht, sie seyen etwan
1685 1586 2695 1728 einen halben winter bey einanderen gsin.
1633 1680 2904 1822 Aus Verners befragen, was Sie beyeinande,
1692 1792 2350 1910 ven gemacht vnd furgenommen
1687 1877 2838 2014 Hat er bekent, daß sie mit einanderen abgeredt,
1603 1980 2876 2119 daß sie etwas nemmen bedrauben wollind, er zwar
1666 2066 2880 2184 habe eyßter noch weiters wollen handlen, der Lenge
1682 2151 2810 2272 aber nemblich der Cuntz, habe gesagt, daß sie ins
1662 2238 2810 2387 Ergeulo gehen, und daselbsten etwas nemmen wollind
1650 2350 2785 2521 dd Wie nun diser Kästli hieraußhin krefftig
1662 2456 2860 2566 ermahnt worden, daß er die gründliche wahrheit
1665 2532 2835 2666 bekennen vnd also anzeigen solle, Was fur dieb¬
1668 2614 2809 2723 stahl Sie krafft dises schloßes begangen, vnd
1642 2710 2875 2829 Wo Sie daraußhin darmit den anfang gemacht.
1651 2801 2838 2963 hat Er darüberhin bekent, daß Sie etwan in
1614 2889 2800 3015 Frey stund weit von hier in einem schlößli, da
1659 2978 2840 3097 ohnheit darvon ein kleiner See sich befinde, den
1666 3067 2875 3187 anfäg gemacht habind, volglichen von dort weiters
1662 3178 2835 3274 gangen vnd noch an anderen Orten eingebrochen
1665 3249 2838 3356 seyind, vnd die entloendten sachen theils zu Son
1681 3309 2727 3425 lothurn, theils zu Burgdorff und theils zu
1645 3395 2820 3521 Zutweil vnd auch hinder Wangen Verkaufft
1631 3488 1919 3607 habend.
2094 3494 2785 3617 Weilen Er lieder der
