3024 4032
206 237 253 307 3
357 275 1467 432 gehen, allein weilen solches nit seinen wag, auch
326 370 1464 510 sem wyb ihme an einem anderen ort gelartet
318 456 1517 608 habe er nit weiters nahen wollen. Im übrigen betreffen
340 569 1477 697 den vatter, seye selbiger wohl etlias trunken gsin.
334 659 1503 797 Jehdoch aber habe er gar wohl stäg und lang brauchen
316 768 556 878 können.
291 891 1457 1086 Maria Schiken zugeben, daß den 6. tag novem
351 1044 1460 1140 beis sie den Gärtner im Holtz angetroffen, und
333 1102 1476 1229 gesehen, daß er sein weib und kinder mit küeblen
340 1193 1471 1312 und steinen geworffen, auch mit ihnen gezangket
330 1262 1483 1402 Vnd Sie Katzer Vnd Schelmen gsind geheißen, Wor¬
325 1352 1452 1488 aber die Schiffmannin ihne abgemahnt, der Gurt,
329 1437 1463 1579 der hingegen ihro getreulet, wan sie nit schweige,
310 1527 1322 1655 wolle er gleichfahls sie mit steinen werffen.
301 1616 1452 1754 Solchemnach habe dise seine Tochter zu Ihre Schiff
322 1696 1451 1815 mannen gesagt, sie wolle nit mit ihrem vatter
270 1775 1448 1911 heimbgehen, darauff sie schiffmannin gesprochen,
298 1878 1382 1987 Sie mueße wohl einen schlimmen Vatter haben
272 1943 1456 2081 daß seine kinder nit mit ihme heimb wollen, d
262 2020 1417 2147 Der vatter solches hörend sagte, gso, wan ich
291 2112 1369 2234 ihme schon die scham gegriffen, ich will sie
275 2179 1439 2294 dir Schiffmannin auch grüßen, deme sie im zorn
297 2261 1432 2401 geantwortet, eher müeße ihn jemandts anders
300 2360 515 2486 nemmen
222 2461 1387 2642 Rodolff Eggli meldete, daß eine andere von
285 2611 1414 2728 sein Gurters tochteren Ihme Weinend gesagt,
270 2680 1411 2804 Sie wolte, daß sie von Ihrem Vatter nichts loußte
277 2740 1396 2892 derselbe seye mit dem Catrin seiht dem herbst so
292 2845 1411 2954 narrisch, daß alles recht sein mueße, was es immer
291 2912 1414 3045 thue, Er habe auch ohnlengstens demselben das fur¬
267 2998 730 3136 tuch weggezogen
239 3111 1432 3272 Bendicht Schistman von 16 jahren allers zeügete
258 3244 1408 3376 daß Er auf gedenken 6ten Novembris von einer
258 3319 1414 3452 mer fraulben gesendt worden, zu erfahren, was
280 3403 1412 3524 fur ein geschrey es seye, so gehört werde, da Er
243 3474 1389 3597 dan den Gärtner bey seiner Tochter neben einer
2684 297 2803 377 33
1711 264 2820 486 buchen, allwo er sie nit beit von seinem ehehreib
1672 384 2817 543 der muter, so zugegen ware, indergezogen, an
1704 457 2818 624 getroffen habe, und als er schiffman hinzu
1685 549 2813 720 kommen, die muter zu ihme gesagt, der Hans ihr
1703 666 2826 798 Eheman, wolle sie vmbringen, solchem nach sagte
1696 749 2844 897 Die muter zu ihrem mettli, kamb wir wollen
1665 839 2812 984 heimb, da nun das meitli aufgestanden, habe ihm
1677 899 2869 1072 der vatter etlaas ins ohr kirchelet und ihns also ihn
1677 1013 2781 1159 bald wider nidergezogen, er schißman nun solches
1683 1109 2813 1230 sehend, habe geschrauwen, ohler, ohler, was soll
1659 1215 2824 1331 das sein, darauß er Ihler alsobald fortgeloffen
1646 1298 2816 1471 Entlichen Zeugete Anna Scheurer, daß die dan
1692 1429 2776 1546 mahls die Tochter eine gantze stund lang schreyen
1671 1515 2786 1659 gehört, ach daß doch jemand käme, wie nun Sie
1667 1606 2769 1730 Schurerin etwas naher hinzu kommen, habe die
1678 1691 2769 1839 gehört, daß der vatter geschworen habe, beym
1651 1783 2797 1893 sacrament du must mir volgen, hierauff habe
1649 1879 2758 2024 Sie deß Gurtners fr. angetroffen, vnd selbige
1657 1988 2838 2097 gefragt, was Sie da machen, daß Sie so schreyen
1678 2079 2823 2212 die Leicht meinen Sie bringen einanderen vmb, der
1664 2159 2765 2303 Vatter vnd das meitli seyen neben einanderen
1678 2251 2811 2388 am bodengeholet, aber der Vatter seye alsobald
1616 2355 2170 2486 daruff fortgeloffen.
1619 2522 2368 2665 Acten 23. januarii 1708.
1795 2790 2539 2998 zweytes cranen
1655 2943 2671 3112 Mit Hans Gartner Verführt
1566 3050 2830 3267 Nachdene die hievorigen Vergichten gegenden
1630 3185 2773 3340 kundschafft, außagen erschauwet und wahrge
1642 3301 2759 3439 nommen worden, daß über einiche Vmbstend nicht
1633 3395 2786 3533 gnugsame erleuterung in den vorigen Vergichten
1622 3486 2810 3647 Verhanden. Ist darauffhin von Mechtten Exa¬
2822 1322 2869 1404 .
