3024 4032
457 296 767 427 Ano
288 372 1442 564 Habe Er vnd der Kuntz mit hulff einer
418 497 1455 682 Baßlers auß dem wihrtshauß zu Aschi
417 579 1471 742 einen großlechten ehrigen haffen, eine Ziehen
391 644 1122 779 Vnd ein Leinlachen entlendt.
703 799 857 906 12
352 964 1423 1105 habe er und der Cuntz einem Bauleren zu
343 1041 1399 1175 Haßli bey burg dorff einen stok anken
392 1141 1446 1298 Vnd ein leib brott auß dem Käller gestohlen,
366 1242 1435 1452 Vndt als hieraußhin Ihne weiters gantz
396 1390 1377 1526 ernstlortlichen zugesprochen worden.
333 1480 1412 1625 daß Er sein hertz Völlig raumen, Vnd las¬
375 1568 1381 1719 für diebstähl mehr er begangen habe
361 1639 1432 1812 freywillig bekennen solle. Ist er zwar
345 1736 1448 1897 bekantlich worden, daß er annoch im ergret
349 1843 1403 1988 nit weit von Lentzburg, ein bahr schuh, einen
308 1918 1413 2069 Sagen, vnd ein beht entloendt, vnd das beht in
340 2004 1383 2137 ersten hauß außerthalb offingen gegen
328 2084 1385 2227 St. Urban umb drey gulden und den tagen
315 2175 1094 2298 auf der straß verkaufft habe.
287 2275 1384 2401 Denne, daß er mit hulff seines bruders und
292 2356 1386 2511 denen beyden hingerichteten dieben nachts in
324 2452 1384 2594 ein Summerhauß gebrochen, darinnen die Floch
297 2537 1316 2687 Silberne Vnd Vergulte Saltz bechßlin, Sechs
281 2613 1365 2759 Apostel Lösel, zwolff Maßer mit helffen,
291 2715 1355 2855 beynernen hafften, zwolff stachlene gablen,
302 2818 1399 2971 Ein überzug von Madrazen, ein grüene erstagnen
300 2912 1368 3073 eine rotte veste mit möschernen knopfen, ein
282 3000 1381 3167 Behtziehen, drey weiberrob vnd einen Alten
296 3099 1383 3226 nachtrok entloendt, vnd daß Sie alle disere
276 3195 1365 3342 sachen naher Hutwyll getragen und dorten
273 3270 1371 3418 Verkaufft, Er könne sich aber nit versinnen, wie
252 3371 1350 3508 Das Ort heiße, da sie disen diebstahl be¬
261 3469 544 3557 gangen.
1039 3480 1288 3590 Von
2703 236 2840 351 158.
1579 412 2842 598 Werneren Vnd anderen diebstahlen aber hat Er
1628 540 2865 680 gar nichts wüßen wollen und bestendig verharret
1615 650 2850 784 daß er weder vormahls da Er sich in hiesigen
1637 733 2821 870 Land aufgehalten, noch auch dißmahls da es noch
1646 836 2857 967 nit drey lauchen, daß er zu Schaffhausen angelangt
1590 928 2834 1079 und von dar durch Zürich Trembgarten mun
1658 1026 2824 1189 ter und St. Urban in hiesiges land kommen
1626 1134 2789 1277 Weiter nichts entwendt, wohl aber jahr
1641 1225 2834 1356 offtmahlen und zwar zweymahl im zwebiet
1614 1330 2677 1465 Dienst genommen und wider außgerißen.
1601 1447 2819 1622 Was dan die diebs Complices belanget, so hat
1661 1551 2761 1693 Er auf ernstliches zusprechen, von gar keinen
1652 1657 2740 1780 als von denen hievorgemelten wüßen wollen,
1653 1742 2821 1889 Er habe zwar vor disem noch einen schaffhauser
1665 1821 2806 1974 so Johannes Huße, gekennet, wüße aber nit
1648 1941 2671 2040 daß Er Ichmahls etwas endtlendt habe
1666 2005 2830 2137 So habe er auch vormahls eine weibspersohn mit
1665 2104 2830 2227 zweyen knablin angetroffen, mit welcheren er von
1690 2197 2819 2320 Giel naher St. Urban gangen, allwo er vernommen,
1666 2275 2813 2414 daß es die Spitzmoren seye, habe aber mit Ihre
1672 2377 2787 2503 keine weitere Bekantschafft gehabt, sondern sie
1659 2464 2345 2606 alsobald wider verlaßen.
1642 2548 2826 2730 Batte Gott vnd eine Gnädige Oberkeit umb gnad
1670 2671 2065 2811 Vnd Verzeichung.
1602 2777 2793 2960 Als diesere Verricht Megklen den Rachten
1623 2896 2812 3035 Vorgetragen vnd abgeläsen worden, habend selbige
1608 2982 2820 3102 Darüberhin erkent, daß diser Kästli von solch begangen
1657 3051 2788 3165 ein verbrachen wägen, sein leben verlourtt haben, vnd zu
1635 3136 2810 3244 dem end mit dem strangen an galgen gehenkt, vnd also auf
1633 3231 2804 3302 disere Weiß zum exempel vnd schräben anderer der
1633 3288 2748 3415 gleichen übelthäteren vom leben zum todt hingerichtet
1600 3359 2775 3480 Sie execution aber auß guten betrachtungen, drunden zu
1602 3434 2780 3551 Mangen, als an dem ort, da er anfengklichen in ver¬
1609 3499 2732 3631 hafft gezogen worden, vorgenommen und zu dem end
1601 3590 2816 3715 wohl verwahrt hinabgeführt werden solle. Acten 26. Julii.
2635 3669 2738 3760 1708.
