3024 4032
299 343 1466 522 E. Was Er mit seiner Tochter bey der Buchen
352 460 1469 609 so lang gemacht, weilen sie eine gantze stund Lang
341 558 724 677 sort gsin seyen.
334 667 1438 829 R. Es könne nit so lang gsin sein, weilen es
335 781 1489 915 Schon 3 uhren gsin, da sie noch zu Buch se waren,
308 900 1474 1085 E. Was Leydts er Ihro gethan, daß Sieß
354 1019 743 1135 geschrauben.
310 1087 1420 1253 . Anders mit als sie Vnburch betastet.
287 1238 1471 1367 R. ob die Maria Schiffman nit darzu kommen.
279 1344 1002 1473 und ihn bestrafft habe.
301 1445 1462 1577 . Die Maria Schiffman seye an einem rein
345 1535 1438 1673 Ahnen gsin, und habe gesagt, wan ers so mache
325 1615 865 1749 wolle sie es klagen.
273 1727 1458 1882 D. Ob die Maria Schiffman nit auch zu ihme
315 1826 1453 1958 geredt, daß der Göß ihne eher nemmen werde.
294 1944 896 2087 F. Er lauße es nit.
248 2066 1435 2232 ec. Was er seiner tochter damahls ins ohr
292 2176 584 2288 Küschelt.
276 2266 1198 2425 . Er seye Ihme gantz ohnbekant.
274 2408 1389 2554 . Hierauffhin sind alle vmbstend Ihme
297 2536 1382 2630 abermahlen vorgehalten, vnd wie es gleichsamb
300 2595 1365 2698 anderst nit sein könne, dan daß die leydige
289 2676 1401 2804 that der fleischlichen Vermischung auch lourtlichen
282 2752 1389 2891 Volbracht worden sein mueße, Ihme verden¬
285 2860 1437 2976 zet, vnd darüberhin Ihme krefftig zugesprochen
276 2944 1426 3075 Vnd ermahnt worden, Gott die Ehre zugeben
264 3016 1402 3158 Vnd die Mahrheit gutwillig zu bekennen
251 3132 1342 3253 damit man nit andere und sterbere mittel
252 3218 984 3365 Vor die Hand nemmen müeße.
216 3314 1427 3489 2. Worüber Er geantwortet, Er habe zwar
273 3421 1438 3550 gröblich gnug gesündiget, seye ihme leyd, batte
264 3512 1334 3646 umb verzeichung und wolle meldigkeit sich
1717 384 2805 518 daran besinnen, dennoch aber habe er das
1705 481 2771 598 Was man ihme hierzumuhte gar nit gethan,
1702 554 2771 682 könne das bey seinem guten gelaufen sagen,
1704 643 2647 790 und das seye einmahl in eligkeit nit.
1848 826 2515 1025 zweihtes Cramen
1644 976 2866 1102 so mit der tochter Catry Gurtner verführt
1714 1071 2669 1208 worden und das zwar gleichen tags
1661 1169 2787 1328 den ob er noch allzeit sagen dörffe, daß beym
1706 1258 2843 1406 Th�rli ob stukishauß sein vatter nit entblößt,
1688 1361 1940 1473 gseyn seye.
1681 1447 2824 1612 f. Ja es sage noch, daß es ihr niemahls entblößt
1699 1551 1933 1679 gesehen.
1655 1683 2803 1814 a. Ob es aber nit etwan gespürt habe, daß er
1694 1781 2176 1892 entblößt gsin seye.
1629 1863 2454 2030 . kein es habe nichts gespührt.
1662 2035 2876 2180 2. Ob es nit noch allzeit gestehe, daß sein vatter
1684 2132 2834 2272 ihns niderzogen und lonest mit ihme umbgangen
1692 2246 1835 2334 herge.
1667 2326 2865 2462 R. Ja, sein Vatter habe ihns ummen und ahnen tröhlt
1702 2422 2429 2543 und zogen, es seye ein armuht
1615 2534 2572 2672 e. Warumb es aber nit geschrauwen.
1629 2663 2544 2800 f. Er habe gang gnug geschrauben.
1633 2799 2773 2944 2. Er habe aber erst geschrauwen, als es den
1661 2906 2046 3022 Nobs gesehen.
1664 2978 2818 3157 . Es habe auch geschrauben, eher und zuvor
1660 3107 2208 3239 der Nobs da gsin.
1620 3237 2840 3371 e. Warumb es aber weiters mit dem vatter
1679 3321 2864 3464 gangen, weil es gesehen, wie er mit ihme umbgangen.
1640 3442 2831 3562 A. Wo der Nobs Ihme gesagt habe, daß es sich
1666 3512 2801 3670 fortmachen solle, seye es geluffen, was es heig
2780 335 2850 432 3
