3024 4032
345 291 1498 478 als wan er ihns beschlaffen wolle, sich gestelt
357 390 1465 527 müeße ja nohtwendig gemuhtmaßet werden.
335 473 1435 649 daß er ihns auch würklichen beschlaßen habe.
298 614 1492 802 R. Der Vatter habe Ihre an eint vnd anderen
328 736 1432 851 ort nidergezogen, und gesagt, sie wollend da
315 792 1504 962 Leulben, habe aber niemahlen anders gethan, als wer
343 888 830 1015 es schon gesagt habe.
258 1018 1451 1199 E., Ob aber sein Vatter Ihme nit auch zugemuchtet
307 1148 1479 1281 seinen bosen willen Vollkomblichen an Ihme Vollbringen
315 1214 569 1326 zelaßen.
284 1334 1069 1494 F. Nein, sein Lebenlang nit.
280 1507 1461 1627 e. Worumb es dan an den einten orten, sonderlichen
319 1592 1463 1715 aber bey der buchen so lang geschrauben, mueße
322 1664 1433 1798 Ja etlins weiters vorgangen sein, als es bißhero
306 1745 584 1865 angezeigt.
278 1848 1441 1987 B. Es habe geschrauben, weil Ihns der Vatter 10
327 1941 1460 2070 Vast zogen, geschleipfft vnd geplagt, vnd habe Ver¬
315 2011 1375 2150 nint, daß ers desto eher werde gehen laßen.
251 2113 1394 2267 F. könne nit sein, daß es die pare warheit
248 2236 1409 2342 Vorgebe, dan auß allen vmbstenden seye noht¬
261 2304 1368 2421 wendig zu schließen, daß etwas mehr zwüschen
277 2382 1412 2489 ihnen vorgangen sein, oder aufs wenigste, daß
290 2478 1434 2602 es an Vernebung diser schandlichen dingen, eben so
263 2554 1451 2683 wohl als der vatter ein gefallen gehabt und gern
258 2623 1094 2767 darzu eingewallet haben mueße
236 2747 1448 2899 . Es seye einmahl mit anders vorgangen, vnd habe
281 2850 1016 2980 es solches auch nit gern gethan.
217 2976 1374 3110 e. Worumb es sich dan nit gelehrt, als sein
271 3042 1425 3191 Vatter Ihns entbloßen, betasten vnd beschaulden,
250 3152 1422 3258 wollen, hette sich wohl beßer gfehren, vnd solches
274 3207 1421 3350 Verhinderen können, sonderlich weil der Vatter
247 3289 629 3419 trunken gsin.
212 3386 1352 3537 habe sich lang und gnug, und so weil es
276 3490 1410 3630 möglich gsin gewehrt und auch geschrauwen, habe
2787 162 2900 273 13
1696 248 2922 447 aber nit mögen anbringen, weil es zu schlach
1697 378 2690 547 ghin und eine fläschen in henden gehabt.
1673 502 2915 719 2. Habe aber erst geschrauwen, wan es leucht
1704 632 2805 833 gesehen, hatte auch zuvor schreyen sollen?
1680 769 2885 962 . Er habe dem Vatter gnug gseit, es solle
1671 908 2150 1073 ihns laßen gahn.
1680 1003 2943 1193 Worumb es nit mit henden und fueßen den Vatte
1602 1139 1690 1236 4.
1719 1159 2161 1274 von sich gestoßen.
1645 1212 2923 1432 R: Habe solches gegen seinem vatter nit thun, dorffen.
2091 1398 2183 1455 als
1629 1395 2828 1535 e. Worumb aber das erste mahl es von seinem
1707 1493 2910 1616 vatter Laus gsin, es nit fortgangen, sondern alzeit
1630 1509 1709 1602 1
1682 1582 2870 1699 gelartet, ja biß aufs drittemahl sich gelaagt,
1698 1664 2888 1805 muße ja folgen, daß es solches gern gethan habe.
1644 1773 2869 1944 R. Es habe geng wollen fortgehen, der Vatter aber
1661 1879 2839 2003 habe Ihns nit wöllen gehen laßen, habe auch beym
1658 1981 2902 2108 Herren schwanden holtzlen den Nops umb gottes willen
1667 2074 2883 2210 Batten, daß er mit ihm heimbgehen solle, er habe
1678 2169 2026 2298 aber nit wollen.
1754 2264 2877 2411 Worumb es dan still gefaßen, vnd dem Vatter ge¬
1612 2302 1760 2438 E
1673 2369 1885 2508 lautet,
1632 2484 2901 2611 f. Es habe es wohl thun mueßen, dennoch aber habe
1673 2553 2909 2692 der Vatter, allweil es Ihme gelauset, Ihm mit gethan
1669 2642 2742 2771 sondern zuvor habe er Ihns so vmenzogen.
1633 2763 2861 2906 2. Wan es dergleichen sachen nit gern gethan hette,
1675 2876 2834 3000 so wurde es auch jemandem geklagt haben, was
1657 2949 2609 3078 Ihme auf der Bernstraß begegnet.
1657 3051 2839 3198 R. Es habe solches seiner muter klagt, die muter
1680 3158 2848 3273 habe darüber den Vatter gebalget, der Vatter
1640 3243 2608 3361 dan habe versprochen, sich zu beßeren.
1638 3328 2871 3490 2. Ob es auch geloußt, was fur eine große vnnd
1650 3444 2021 3550 solches seye.
1642 3500 2818 3647 R. Nein, es habe solches zuvor nit geloußt, sondern
1676 3619 2869 3696 erst auf dem Garhauß habe es solches verstanden,
