3024 4032
257 375 1361 605 6. Zu Sodbach im Beyburg, biet habe er
341 543 1411 698 schon vor etlich jahren in voriger theürung
371 620 1131 768 in sechs mas mahl entlandt.
244 744 1396 935 7. Daß er zu Oberichin hinder schwartzen
364 891 1414 1033 Burg Arbs entloenden wollen, Worüber aber
370 984 1393 1131 Er erdappet und gewaltig abgeprüglet
346 1097 606 1228 Worden.
392 1197 1360 1370 Dises alles aber habe er auß mangel
317 1320 1366 1453 Vnd auß großer nacht gethan, weilen er
376 1414 1382 1543 wegen seinen schlaachen armen deren der
379 1464 1353 1648 Einte Ihme droben zu Schwartzenburg von
367 1584 1348 1733 Wegen er eine spalten holtz entlenden
355 1685 1353 1821 wollen, zweymahl entzwey geschlagen,
363 1783 1366 1918 worden, nit wohl arbeiten könne, seye
361 1878 1408 2031 Ihme aber von hertzen leyd, Vnd darbe Gott
336 1978 1359 2124 daß es Ihme außkommen, dan sonsten er
343 2092 1303 2242 sich weiters hette vergreiffen mögen,
355 2199 1371 2341 Gätte Gott, vnd eine gnädige Oberkeit
362 2291 1056 2443 Vmb gnad vnd Verzeihung.
332 2405 1243 2555 Ait. 5. und 10. Juny 1709.
364 2541 1365 2734 Vber disere angehörte Vergicht, habend
343 2686 1335 2844 Meihlen erkent, daß diser wasen
370 2783 1407 2923 zu wohl verdienter straff frey Monat
354 2877 1425 3034 Lang ohne ring ins Schallenwerk übergeben
343 2994 1399 3150 werden solle. Actum. 13. Juny 1709.
1649 1689 1702 1770 1.
2634 170 2781 298 98.
1728 338 2392 525 Peter Wasen.
1734 483 2701 656 Von Wattenweil ein man von ohngefahr
1849 595 2316 725 22 jahren alters.
1657 691 2814 872 Welcher wegen begangenen diebstählen droben
1687 828 2806 977 zu Watterweil gefangen genommen, von der¬
1704 908 2788 1056 ten alhar in alhiesige gefangenschafft gebracht,
1700 995 2775 1142 Vnd daselbsten auß Oberten Befelch durch
1694 1098 2716 1260 meinen hochgeehrten herren zimblichern
1672 1215 2807 1371 Weitenbach mit zu thun molohlen Großwei
1680 1325 2802 1464 bels Vnd deß Grichtschreibers den 10. Vnd 12.
1683 1417 2806 1580 junii 1709 ernstlörtlichen examiniert worden.
1683 1512 2809 1674 Hat darüberhin nach folgende vergicht gethan.
1737 1633 2806 1810 Daß er in letstvergangener herren pfingstheilt
1688 1755 2779 1910 Dem Kreisten Kißlig von Wattenweil auß
1721 1844 2801 1999 seinem Spescher nechtlicher Weil entlandt habe,
1721 1940 2797 2085 Einen vast halben baten von einem zlaey Jahri¬
1720 2034 2789 2181 den Schwein, drey sammen, vnd ein halbes kin
1689 2121 2718 2254 sambt einem Rubstuti. Das schloß aber
1726 2198 2761 2348 an der spycherthür seye offen, vnd allein
1707 2304 2287 2447 die thür zugezogen gsin.
1645 2397 2806 2573 2. Habe er vor etwas wuchen dem Hans Megert auch
1743 2527 2845 2647 von Wattenweil auß seinem Katter deß nachts
1746 2604 2816 2740 siben berg fassen entwendt, und die Kallerthur
1758 2686 2518 2830 mit einem schrötteysen aufgethan.
1672 2800 2811 2981 3. Habe er den Hans Stölli von Wattenwyll
1759 2917 2839 3064 ohngefahr vmb einen halben thaler spend brott
1779 3011 2828 3151 nechtlicherlogk auß seinem spycher entwendt
1775 3100 2854 3249 Vnd das thurenschloß mit einem mäßer aufgethan,
1795 3225 2870 3370 aß er dem Melcher Schweyter auch von Wattern
1671 3265 1741 3365 1.
1785 3319 2868 3449 Weil vor etlaas Zeits auß dem spycher seine
1782 3401 2830 3505 halbe bachen spat, einen halben berglaß, vnd einen
1772 3475 2880 3576 leib brott deß nachts entwendt, Vnd das thurerschloß
1792 3543 2872 3660 mit einem holtzernen schloßel oder hauering geöffnet
1776 3620 1934 3715 habe.
