3024 4032
201 163 302 252 2 fl.
310 154 1520 409 zummerleuthen kommen, vnd die Lauben aufgangen
308 321 1465 460 seyend Ihnen vnweit der Kef zwen Kerle
327 404 1455 539 einer mit einem weißgrauwen, der andere
318 481 1466 621 mit einem dunckelen stock begegnet, da habe
284 564 1486 718 der in weißen rock den Hagenauwer gestoßen
280 652 1456 812 Worauf der Hagenauwer gesagt, ob der weg
308 762 1415 877 nit groß gung seye, und in dem diese mit
306 831 1467 970 einanderen geredt, habe der im Dunckelen
282 904 1404 1065 Rock alsobald den wegen außgezogen und
1402 993 1467 1055 .
267 1010 1439 1171 dreymahl auf den Elsasser gestoßen, darvon
260 1096 1458 1236 zwey stöß gefählt und der dritte angangen.
247 1187 1473 1336 Als nun hierauf der Elsaßer geruffen warum
284 1284 1431 1423 er ihn steche, habe er Hebler seinen mantel wegen
261 1367 1441 1515 gethan dem Elsaßer den stecken genommen und auf
259 1444 1461 1575 den im Dunckelen Rock laus gangen und ihme
246 1536 1468 1673 durch den bach nachgesetzt, daselbsten habe er
255 1622 1443 1756 den stich bekommen. Derowegen er alsobald seine
269 1727 1440 1880 Cassaque aufgethan, die hand auf die wunden
258 1788 1403 1974 gehalten und ihme nachgeloffen. Am selbigen
259 1905 1379 2062 Sontag, da dieses Vngluck sich zugetragen
248 1975 1427 2119 habend die gsellen Ihre Vmbfrag vnd Pott gehabt
252 2066 1382 2205 vnd seye vorzeiten der gebrauch gsin, wann
265 2155 1431 2311 der alt- oder urte gsell, so umbgefragt, einen
209 2251 1480 2406 jeden gsellen geheißen an fein ohrt sitzen, so fordere
236 2339 1426 2491 er Ihnen alles spitzige gewehr ab, es seye nun
216 2432 1478 2597 degen meßer oder gablen, derowegen der
240 2511 1387 2672 altgsell gewohnlich bey der umbfrag einen
215 2610 1401 2781 mantel antrage, wie auch der verstorbene
224 2703 435 2807 gehabt.
193 2788 1425 2960 Wiewohlen nun vorgemelte drey Tischmacher
208 2897 1395 3032 Gesellen Ihme Cauaranne vor vnd Vnder
204 2997 1392 3141 Augen erhalten, daß anfangs feiner von ihnen
205 3094 1415 3229 einiches wort zu ihme gesprochen, weniger
191 3169 1385 3332 einiches Leid Ihme zugefügt, er gleichwol
184 3265 1348 3403 alsobald seinen degen gezeickt, vnd zu erst
166 3350 1335 3493 den Elsasser, hernach auch den Haummber
162 3454 1357 3603 Verlanndet, Ister Cararanne gegen
1123 3593 1346 3696 Ihnen
1616 1357 1661 1464 c
1636 229 1748 333 25
1691 275 2919 413 ihnen dennoch steiff daruff verharret, daß
1703 359 2898 521 sie ihne zu erst mit worten vnd streichen ang
1690 469 2896 605 gefallen. Auf nochmahliges kräfftige zu
1670 557 2840 692 usprechen und ermahnen aber endtlichen was
1679 659 2828 812 den unglücklichen stich an dem verstorbenen
1676 741 2878 911 anbelanget, gestanden, daß er für glaußen
1677 856 2918 1022 nit mehr tagen könne, wo er selbigen gethan
1678 948 2945 1120 einmahl habe er immer vermeint und geglaubt
1676 1038 2916 1219 daß selbiger under der gerweren lauben geschechen
1650 1163 2926 1302 wahr seye es daß er auch einen hieroben gethan.
1664 1294 2881 1471 Dieses ist also das jenige, was auß ihre
1676 1419 2856 1563 Gn. Befelch den 22. Januarii mit dem
1664 1509 2685 1641 Cauaranne Verrichtet worden.
1659 1621 2855 1758 Nachdemmen nun hievorgemelte
1673 1734 2924 1854 mit dem Cauaranne gehaltene Examina
1659 1821 2902 1993 den 28. Januarii letsthin Ihr gn. vorge¬
1653 1936 2834 2069 etragen worden, habend ihr gut noch
1654 2022 2887 2167 reister Erwegung der sachen beschaffenheit vber
1648 2114 2807 2245 dieses geschafft einen offenen landtag zu halten
1648 2212 2883 2333 erkent Anbey aber dero dieneren Michen Groß-
1654 2307 2806 2438 weibel Bereth vnd dem grichtschreiber in
1659 2395 2916 2548 befelch geben vorgedachte drey Tischmacher gsellen
1651 2496 2879 2636 ihre gethane außaag durch einen formalischen
1676 2583 2879 2717 eyd bestätigen zu laßen. Derowegen in gehor
1656 2679 2775 2817 sammer volgleistung angezogenen befelchs
1641 2769 2851 2917 diese 3 Gesellen in die gfangenschafft citirt
1642 2861 2915 3001 volgends nebend kräfftiger ermahnung bey sein
1651 2964 2834 3108 deß Callaranne Ihnen ihre Aussaag sein
1663 3079 2820 3205 abgelegten bericht vorgelesen, vnd befragt
1659 3180 2891 3318 ob sie nochmalen darauff beharren und darbey
1635 3257 2911 3410 zubleiben gedencken oder ob ihnen etwas weiters
1647 3368 2844 3499 in wüßen, dann es auf dißmahl zu thun
1636 3460 2864 3601 seyn wolle, daß sie auß befelch der hoch
2544 3628 2873 3722 Oberkeit
