3024 4032
174 222 300 337 66.
190 1377 301 1476 No
367 269 1457 424 Vnders Strohe Verstecket, die Caisses dann
382 372 1457 474 darinn das geldt gewesen im Gardten ver¬
370 422 1436 544 graben, hernach aber wider herfürnemmen
382 498 1433 585 und verbrönnen laßen Verners Waß der
373 537 1450 654 herzogen portion antrifft, welche er hinder
367 610 1415 734 sich genommen, so habe er in 14 Tagen her¬
1408 672 1450 737 2
376 670 1424 784 nach von so thanem Geldt, nenn und ein
359 726 1438 852 halben sack und nach zweyen tagen dar¬
365 792 1433 896 auff das übrige wider von handen geben
370 870 1441 991 Dargegen aber seye ihme bey übergeb
361 930 1457 1054 ung der 92 säcken ein sack und einhal
359 1011 1451 1116 bey mit geldt für die Verwahrung über¬
348 1066 1451 1181 laßen, und sein von sich gegebenes Rece¬
333 1132 1414 1239 pisse wider überliferet und bey auß¬
338 1207 1405 1307 händigung des resten ein bittet oder
352 1269 1151 1385 quittans zugestellt worden.
352 1363 1444 1462 Was im vbrigen des depots von 26 säcken silber
346 1443 1392 1539 Geldt vnd deren Auslieferung halber sich
333 1499 1438 1608 weiters zugetragen, solches ist unlengst all
338 1584 1430 1679 hier ihn und Oberen Räht und Burgeren
338 1661 1412 1744 bereits vorgelesen worden eintermissnerich
328 1719 1399 1808 Benandel halben vorgekommenennen,
341 1791 1355 1876 Vnd von dort auß in die Iheumbde Camer verweisen
311 1852 1399 1967 worden, Also daß die disers Geschafft in ansehende
304 1922 1428 2032 Schrifften hernach in der Cantzley anzutreffen sein werden.
330 2098 1403 2237 dum anderen betreffend jenigen
329 2193 1415 2313 theils hinder ihme annoch gefundenen
295 2248 1391 2371 Ttheils dann zu Basel entdeckten mit
321 2324 1369 2457 Gold und silber reich beladenen Zeug
315 2389 1373 2506 oder Etoffes, Darüber hat er Blancket
309 2460 1387 2588 angezeigt, daß seine reveur exhaquet
304 2518 1364 2639 und Mathen ihme gesagt, daß sie von
304 2590 1384 2717 geweßen das seyeren sehr reichen eroffe
301 2675 1370 2772 in einem sehr geringen preiß, welchen
286 2721 1326 2854 Sie aber nit gemeldet, erhandlet, und
283 2792 1391 2922 Weilen sie denselben nit zu verhand¬
286 2876 1378 2980 len wüßend, so wollend sie Ihn ersucht
273 2945 1396 3061 haben, daß er solchen Zeug nacher dasel
285 3006 1290 3118 seinem guhten fründen dem hrn
1290 3074 1321 3111 .
274 3075 1376 3198 Schmid zu schicken wolle, welcher Ihnen
277 3125 1349 3275 die Debiter verschaffen könne, jedoch
272 3198 1347 3329 aber solle er dem h schmid eben nit
261 3258 1291 3390 sagen, daß sie diesen Zeug ihme
268 3326 1375 3492 Blancket geben, sonderen verdenten
257 3392 1399 3556 daß er selbigen von gewüßen durch passie
1116 3542 1366 3647 renden etc.
2709 261 2822 380 67.
1723 333 2836 458 renden Saphoyeren habe, Worüberhin der
1710 425 2857 503 Mathen mit einem Saspeyer zu ihme nacher
1712 484 2850 590 Lusthey kommen und dieseren zeüg oder eroffen
1708 531 2861 648 Ihme zugebracht, und habe er solchem nachselbst
2053 592 2114 626 e
1717 586 2838 680 einen theill nacher Basell geführt und dem
1715 648 2855 749 hrn schmid übergeben, das übrige aber hinder
1711 707 2857 818 sich in seinem hauß behalten. Anbey aber
1701 773 2821 885 hat er Blancket hoch betheuwret, daß nit
1704 830 2828 917 nur er selbs solche waar nit gestohlen, noch
1706 896 2797 999 stählen helffen, sonderen auch daß selbige
1707 951 2831 1071 geraubet oder gestohlen worden, Ihme gar
1719 1016 2812 1136 nit bekannt seye, er halte darfür, daß sie
1692 1089 2813 1181 diesere sachen von jenigen frömbden Per¬
1701 1152 2817 1268 sohnen, welche in 3 oder 14 monat lang
1697 1227 2811 1348 zu suchi beym Mathen losiert waren.
1704 1294 2791 1414 möchten bekommen haben, er seines theils
1701 1377 2805 1483 aber seye hierinn anders nichts als ein
1681 1436 2842 1549 Sempte Comissionaire gsin, vnd werde aus
1686 1502 2823 1598 dem brieff welchen der Mathey sub 15.
1682 1565 2847 1665 Martii Letschin ihme zugeschickt und ihme
1702 1640 2797 1742 nacher Ouchg einladet, mit verdeüten
1690 1715 2814 1822 daß er etwas ihme einzuhändigen habe
1687 1765 2857 1878 so Er Niemand als Ihme selbsten übergeben
1680 1849 2831 1957 könne, gnugsamb abzunemmen seyn, daß
1684 1920 2803 2035 Er Blancket von dieser sach zu vor nichts
1694 2003 2111 2101 gewußt habe.
1774 2140 2858 2266 rittens ansechend den Puncken der
1699 2257 2837 2362 hinder Ihme gefundenen Correspondens
1690 2315 2835 2430 Schreiben. So hat er Blancket zwar be¬
1677 2391 2806 2500 kennt, daß er mit dem Französischen
1708 2461 2857 2566 Herren Ambassadoren und deßen Bedien,
1685 2528 2782 2642 ten geredt, denenselben zugeschriben
1693 2594 2858 2702 und hinwidrumb von ihnen brieffen ein¬
1684 2669 2873 2775 pfangen, wie auch, daß under dem namen
1679 2732 2839 2850 Leandre ihme brieffen zu kommen seyen
1672 2815 2858 2923 dieses alles aber habe mir sachen berueret
1687 2884 2820 2999 die seiner Frauwen Mittel, die Cami¬
1663 2946 2842 3072 sards auß Levennes, und Saphoyychen wer¬
1677 3027 2814 3143 Bungen angesechen, und allein zu dem
1664 3108 2822 3225 Ein beschechen, damit er sie engagieren
1682 3180 2803 3299 und ihme gunstig machen könne, ihme
1672 3251 2799 3357 zu außherbringung seiner frauwen
1677 3319 2830 3430 in Frankrich ligenden Mittlen desto be¬
1681 3391 2857 3474 shülfflicher zu seyn, wider den standt aber
1687 3462 2824 3574 und deßen Interesse habe er im wenigsten
2518 3565 2806 3669 niemahlen
