3024 4032
172 230 289 357 72.
330 293 1426 448 von Mousselins und einichen Bouteillen
363 375 1403 503 mit liqueuss. Woraußhin er diesen
351 440 1382 555 seinen antheil angeldt, zu sambt mehr
348 496 1388 610 gemelter in verwahrung genommener
334 560 1388 690 portion von 26. sacken Silber, durch die
342 627 1382 732 Schiffleüth in sein hauß tragen, und da
325 684 1323 788 selbsten verbergen, hernach auch die
331 756 1376 875 gewehr oder Mousquetons deren sich
331 804 1421 943 die Rauber Parthey zu Vernebung deß
328 867 1326 1001 Raubs bedient in einem Cabinet in
1325 920 1367 985 .
312 929 1441 1077 seinem Gardten unders Strohw verstecken
331 1000 1386 1106 die Caisses oder Kisten aber, darinn das
315 1058 1424 1200 Geldt eingepackt gewesen in seinem Jar¬
319 1136 1377 1244 ten vergraben volglichen wider herfür
322 1187 1404 1327 nemmen vnd verbronnen laßen. Endtli
315 1264 1398 1389 lichen dann bey wider von handen geb¬
328 1329 1353 1441 ung des in verwahrung genommenen
318 1390 1352 1509 Geldts, habe er annoch einen kantzen
316 1455 1359 1575 und einen halben sach silber geldt
310 1520 688 1631 empfangen.
328 1628 1388 1783 und nachdemme ein unsere allerseits
315 1725 1348 1841 gnädige Herren und oberen rächt und
295 1797 1406 1908 Burger, als alhiesige hoche Landts Oberkeit
298 1860 1358 1992 einer seits sein Blanckets jetz ange¬
304 1935 1332 2055 hörte bekandtnuß und vergrecht, mit
301 1998 1400 2102 allen ihren umbstanden in reiste betracht
295 2062 1349 2166 tung gezogen, und daraus so viel ab
301 2151 1342 2230 nemmen mögen, daß dieser gean fierel
277 2183 1275 2312 Blancket mit hindan setzung seiner
1278 2237 1344 2290 .
292 2257 1340 2368 eydtspflicht mit deren er seiner ober
1334 2310 1378 2385 .
289 2325 1331 2431 keit zugethan ware, sich in so weit ver
283 2393 1285 2490 gaßen, daß er nit allein dieser
274 2449 1343 2555 Räuber Comptots oder Anschlags, und
278 2518 1367 2653 darauß er volgter Räubert hat sich theil
269 2592 1331 2706 schafft gemacht, sonderen von solchen
276 2658 1395 2772 raub auch selbsten einen antheil bekommen,
288 2733 1365 2854 und genommen. Anderseits dann sich
261 2782 1317 2915 schuldigster maßen erinneret dero
271 2848 1343 2982 zu abstraffung dergleichen mißethaten
266 2924 1352 3054 von Gott dem allerhöchsten regenten
255 2996 1381 3146 ihnen anvertrauwten hoch oberkeit
257 3049 1372 3186 ambts und daran hangender pflichten¬
258 3123 1323 3271 Habend darauf hin hochgedachte Vnsere
259 3212 1359 3330 Allerseits gnädige herren und oberen
261 3268 1347 3413 bey ihren eyden zu recht erkennt und
245 3329 557 3446 gesprochen.
305 3427 1392 3589 daß dieser Jean fierne Blancket
1113 3576 1325 3679 nechst etc.
1575 1120 1621 1182 v
2716 247 2835 349 73
1692 326 2874 438 nächst vorgehender empfahlung seiner Armen
1701 394 2833 505 seel in die hände ihres erlösers dem scharpf
1693 465 2845 552 richter übergeben, durch denselben oben auß
1689 514 2837 629 auff die gewohnte Richtstatt gebunden und
1677 574 2877 702 gefangen geführt, daselbsten mit dem schwert
1685 644 2824 755 Ihme das haupt abgeschlagen, solches aber
1676 715 2832 819 sambt dem Leib, umb solchen an das Ihnen
1687 778 2818 888 verzeigende abohrt vergraben ze laßen
1692 829 2827 946 seinen anverwandten geschäncket, seine
1685 897 2858 1011 hinderlaßene Mittel dann dem oberkeit¬
1682 964 2860 1081 lichen fisco zuerkennt, und also auff dieser
1673 1023 2845 1144 weis zum Exempel und Schracken aller
1674 1106 2833 1204 dergleichen Übelthäteren nach Lob Statt
1671 1173 2843 1310 Bern Wohl hargebrachter Freyheiten vom
1658 1248 2837 1375 leben zum todt, hingerichtet werden solle.
1649 1340 2823 1464 Also vor Räht und Burger erkennt und
1666 1407 2853 1545 grad darauff exequiert den 4ten januarii
2583 1488 2829 1613 A 107.
1647 1569 2812 1750 zedel an Melosen Großwäbel zerzet. Solle denen
1665 1680 2814 1807 Verlandten deß Blanckets anzeigen, daß Megklen vnd
1625 1757 2850 1898 Oberen R. Vnd 3. vber Ihr demuttiges anhalten, Ihnen deß
1637 1815 2848 1944 Blanckets leib geschanket, vmb solchen Vnden auß an das ort
1634 1899 2830 2035 Wo der Vnlengst hingerichtete Laverane ligt, vergraben
1638 2005 1912 2115 zelaßen
