3024 4032
408 343 1410 516 grentzen geführt, und also auß
430 471 1462 621 dem land geschaffet worden, mit
424 596 1480 752 der Comination, wan er widerkom
427 676 1458 871 wurde, mit tetten ins Schallenwert
415 821 1441 989 geschendet werden solle. Alten.
436 941 1015 1089 12. Martii 1709.
543 1276 824 1437 Aber
857 1255 1231 1411 Müller
487 1376 794 1521 Von
347 1546 1441 1730 So herren Registratoren jener
395 1674 1421 1822 allweil Sie bey Ihme in diensten
377 1777 1431 1926 Mare, bestohlen, Ist für ein
374 1882 1421 2027 stund lang in trüllen gesetzet, und
378 1977 1405 2152 hernach mit dem kragen, sambt
369 2096 1381 2249 einer Schrifft von Großen buch,
354 2186 1387 2337 staben was Ihr verbrachen, die
340 2292 1348 2462 statt hinab geführt, und nach
372 2418 1344 2583 inhalt Mandats fortgewisen
336 2516 1337 2688 worden. Acten 19. martii.
1056 2659 1322 2807 1709.
484 3096 1241 3304 c
2712 218 2807 325 .
1760 354 2414 603 ans Pentzi
1668 509 2525 694 In vnnd, aber der Kirchen
1917 616 2257 798 Jogelspurg.
1680 761 2807 977 Ist auß Oberkeitlicher Verordnung durch
1629 910 2852 1066 Meinen hochgeehrten herren rahtsherren Stei
1691 1000 2834 1165 gern, mit Zuthun Molohen Groß leibel zer¬
1669 1105 2812 1249 sets vnd deß grichtschreibers, verdächtiger
1691 1198 2765 1357 diebstählen und fallschen muntzens halber
1687 1293 2729 1439 Ernstloortig examiniert, und befragt
1703 1376 2800 1514 und auf an ihne getrubte fragen, nach fol¬
1694 1466 2855 1631 gende vergeht auß ihme gebracht worden.
1697 1610 2800 1759 Wie Er heiße, Wie alt Vnd ob Er ver¬
1568 1627 1682 1779 d.
2146 1718 2197 1802 5
1700 1709 2146 1824 Zeūrahtet seÿe
1586 1789 2839 1976 R. Er Hanß Hans Pfenti, seye im Bundtaker
1687 1906 2843 2081 Der kircheri Guggisperg daheimb im 35 ten
1689 2015 2805 2171 Jahr seines Alters, vnd ohngefahr bey 12
1686 2126 2224 2243 Jahren verheurahtet.
1627 2217 2862 2438 2. Wormit Er sich vor vnd nach seiner Verehlichung
1721 2351 2863 2490 erhalten, vnd ob, vnd Casper eine begangenschafft
1717 2411 1945 2562 er habe.
1599 2534 2859 2703 . Vor diser habe er an den Bergen im Fryburg
1731 2646 2811 2775 gebiet die Schaaff gehuetet, nachwehrts das
1718 2721 2836 2886 Schuhmacher Handwerk erlehret, vnd theil mit
1730 2819 2798 2967 treibung deßelben, theils dan mit keßlen
1718 2903 2882 3069 Vnd bligert graben, sich sein Weib vnd Kinder
1687 3025 2413 3182 durchbracht und erhalten.
1620 3150 2789 3335 E. Ob Er nit auch außert Landts gelesen, an¬
1683 3261 2797 3426 Welchen Orten, Vnd bey wem er sich aufge¬
1702 3377 1921 3485 halten.
1608 3416 2849 3604 f. Er habe vor disem in den Walder stetten under herren
1720 3528 2797 3650 haubtman sinnen bey jahren, als soldat
1715 3619 2001 3726 gedienet.
