3024 4032
168 310 1417 466 32 fl. Mann habe ihnen schon zu vor gesagt
346 384 1443 529 daß sie mit keinen gwohren versechen seyen,
258 476 1430 623 2 Waß sie mit den Schiffleüthen, so im Bei¬
332 549 1100 673 gantin gewesen vorgenommen.
272 623 1410 779 . Sie habind die Schiffleüth als sie die sachen
337 706 1423 820 genommen gehabt, im beigantin angebungen.
327 772 1358 881 den, ihnen die Sägel seyler und wyden
337 840 1363 951 an den anderen verhauwen, auch habe sie
331 900 1334 1008 der partio an beeydiget, daß sie zwo
325 962 1355 1082 stund lang nit schauwen sollen, welche
333 1039 825 1119 rontet sie
822 1029 1394 1148 im zurück fahren
326 1101 568 1173 nemmen theind.
328 1152 1345 1267 wohin sie sich nach begangener that
218 1120 322 1266 E.
693 1216 767 1259 N
324 1224 1328 1327 mit dem geldt und waaren begeben.
246 1292 1379 1443 R. Sie haben alles nach Lusterg geführt
321 1386 1373 1510 und in des Renners Gardten abgeladen
303 1465 1388 1574 Alda Sie sowohl das geldt als die waaren
307 1536 1357 1648 bey annoch heiteren tag getheilt, und
296 1582 1371 1689 habe der Renner, gleich den anderen
300 1651 1161 1774 von allein sein theil bekommen
210 1745 1367 1880 2. Wie viel Theill sie gemacht und wer¬
297 1825 1305 1950 sie allgewesen so theil bekommen.
218 1923 1390 2049 R. Acht theill, als der Partis an An¬
303 1995 461 2069 bert.
283 2063 628 2163 der Mettran
274 2128 544 2206 flottard.
267 2187 502 2287 Joseph.
267 2258 435 2327 Gen.
276 2303 605 2398 de Ruffier.
252 2376 651 2466 der banderet
649 2388 683 2452 t
276 2443 686 2537 und Er Cadale
677 2457 720 2528 .
210 2490 278 2623 .
274 2510 1378 2642 Vie viel jedem für seine portion zu
270 2597 681 2704 theill worden.
186 2676 1337 2817 R ein jeder habe zwey säcke, in deren
267 2756 1383 2902 jeden 270. thur gewesen, sambt einem
248 2823 1389 2968 pacquet Goldener und silberner Schmiren
267 2898 1343 3038 wie auch ohngefehrt in achtzig dublonen
261 2971 1368 3121 in gold bekommen, für des Brintzen theil
237 3041 1312 3184 habe mann 26. sack in silber beyseits
238 3101 1372 3244 gethan, welche hinder den Renner gelegt
251 3177 1351 3295 worden, der deßtwegen dem partisan
241 3226 1309 3382 aubert einen zedell gemacht. Nach
245 3309 1325 3438 wehrts habe er Casale dem partisan
231 3380 1320 3520 seine panquet Goldener und silberner
208 3440 1364 3618 schnuren sambt dem silber faden, wie auch
1115 3604 1289 3709 den
2719 159 2845 239 55
1591 280 2876 422 den sack mit Haaren den der partis an allein
1688 351 2806 486 genommen zur neüwenstatt abgekaufft
1701 440 2832 580 Ob nicht einer Namens Echarquet sich
1583 487 1676 629 E.
1702 524 2558 664 auch bym partage befunden.
1695 592 2833 715 Er keine den Echaquet nicht. Es seye
1615 655 1687 778 d.
1693 666 2872 812 zwar gegen abend einer zu ihnen kom
1682 748 2750 874 men, wüße aber nicht wer er seye.
1684 852 2870 981 Wo die sambstag abends übernacht gsin.
1611 860 1680 985 .
1703 948 2883 1095 zu Lusterg im wihrtshauß bym weißen
1612 993 1694 1104 R:
1688 1054 2876 1161 Frentz und seyend des morgends bey an¬
1681 1101 2798 1240 brechendem Tag darauff vorth gereiset
1693 1213 2895 1326 Wo sie sich nach diesem Streich hinbegeben
1561 1225 1673 1358 R.
1609 1305 2881 1465 R. Er Casale seye auff Neüwen statt ge¬
1686 1390 2835 1524 reißt, der partisan Aubert aber seye
1663 1476 2443 1602 hiehar nacher dern kommen.
1688 1596 2905 1701 Ob er nit vor etwas zeits zu neüwenstatt
1585 1622 1661 1728 E
1691 1682 2503 1798 viel Gold aufgewechslet
1713 1764 2863 1886 Ja aber es seye nit für ihn, sonder für
1613 1782 1701 1896 h
1700 1850 2870 1976 seine camataden gewesen, so hinweg ge¬
1693 1917 1885 2014 reihet.
1689 1973 2751 2128 Wo er da sale seine Effecten habe.
1568 1986 1681 2133 E.
1707 2102 2860 2223 Sie seÿend zur Neüwen statt in einem
1592 2118 1684 2239 d
1687 2178 2245 2302 trog verputschiert.
1601 2259 2733 2424 E. worum seine effecten bestechen.
1603 2394 2871 2510 R. Erstliche 100 Pub. in Gold, so Er des Bur¬
1684 2467 2819 2581 germeisters tochter zu behalten geben.
1666 2569 2861 2670 Dennen 10. ihr ohngefahr an silber geldt
1692 2604 2189 2695 in einem sack.
1650 2662 2502 2768 Ein Pferdt mit der Montur
1668 2742 2872 2864 ein winterkleid gris des fer, double der rouge
1664 2811 2607 2949 ein weiß guhtthuchene Veste
1659 2909 2888 3034 3. panquet mit Goldenen und silbernen Schnür
1650 2987 2860 3101 5. panquet silberfaden, in Jedem 4 Stichlin
1654 3072 2844 3174 9. hembder. 45. gravatten, darunder
1780 3135 2852 3253 Ad. gestickte von denen so sie auß dem Schiff
1801 3212 2071 3283 genommen
1670 3250 2146 3358 3 Nasenlumpen
1659 3294 2363 3425 Einscharlachter Mantel
1672 3383 2238 3481 sein partis an Rock.
1642 3451 2464 3566 ein sack mit 48 lb haaren
1659 3524 2853 3636 zwo perruques darvon Eine ala Cavaliere
1720 3596 2360 3689 von obgedachten haaren.
2661 3639 2740 3769 E.
