3024 4032
119 89 278 231 30.
271 234 1404 469 N. Glas mentisch seye es nit, gott laußen
255 437 1431 662 e. Ob es nit zwaren Boßarten, von Nein ver
349 585 970 697 Wo es solche gehabt.
269 730 1397 882 6. Ja, es habe zloen bastarten, Vnd das
340 849 1406 992 Vnder zweyen Vnderschidlichen mahlen von
377 924 1378 1078 Ulli Ryser von Ursenbach gehabt, das
330 1021 1414 1152 Erste mahl hinder Trachselwald, alles das erste
333 1120 1415 1249 kind auch getaufft und sie abgestrafft worden.
318 1190 1404 1317 Das andere mahl aber im Buchenberg, allwo es
363 1259 1369 1392 gedienet. Er seye beyde mahl sohn ver¬
328 1350 1398 1479 heuhrahtet. Der Ryser aber das erste
360 1450 1362 1553 mahl verheurahtet, Vnd das Ander mahl
355 1509 1366 1657 ein Wittlig gsein. So seye auch das erste
309 1595 1371 1728 kind, so in 19 oder 20 jahr alt worden, vor
327 1698 1370 1810 ohngefahr einem jahr gestorben. Der Ryser
308 1791 1361 1897 aber seye seines Wusens noch in Leben, vnd
295 1857 1248 2005 halte sich auff zur hohen Tannen im Sak
210 1981 1288 2162 L. Ober sonst mit niemandenn sich fleischlich
292 2099 1037 2220 Vermischt vnd vergeßen habe.
220 2214 922 2379 h. Nein mit niemanden.
147 2357 1282 2534 2. Seye Ja von einem maleficanten, so zu Ar-
322 2478 1355 2607 burg hingerichtet worden, auch angeben worden.
197 2596 1333 2743 2. Habe mit demselben nüt zu thun gehabt, er seye
308 2690 1313 2802 Zwar einmahl, nachdeme Ihr mann gestorben
325 2764 1300 2877 zu Ihro kommen, da sie in furter denn gsin
322 2842 1315 2962 Vnd habe Ihro solches vast zugemuhtet, allein
287 2931 1279 3049 Da Jehmand durch das nechst darbey stehende
321 3007 1280 3137 Thürli gangen, vnd solches geklopfft, seye er
310 3089 1297 3222 erschroken, vnd darvon gangen, vnd Sie also
291 3178 877 3286 seiner lobs worden.
295 3328 1304 3503 Also Meghern den rahten vorgetragen den
308 3438 794 3558 5ten Juny 1706.
2665 340 2810 445 d
1820 410 2404 605 Datry Gfellens
2039 557 2342 674 Examen
1879 567 2001 667 22
1857 651 2413 754 verführt den 10. junii 1706.
1651 671 2828 857 Nachdeme über vorgetragenes mit Catry gfeller
1665 791 2781 944 Verführtes Erstere Examen, Meghlen die Raht nacht¬
1630 874 2794 1018 Wendig befunden, daß dises Mentsch noch Verners
1655 952 2750 1108 ernsthafftig, ja mit betreülen und auch zeigung
1622 1047 2792 1179 der marter examiniert, und dardurch wo möglich
1640 1130 2794 1268 zu mehrer bekantnus der in verdacht gefallenen
1643 1214 2713 1379 verbrächen zu bringen getrachtet werden solle.
1602 1301 2812 1465 Ist darauffhin durch Mehllen Zeug herren Dubelbeß
1634 1400 2791 1532 nit zu thun er gel. Dieneren herren Großweibel
1611 1498 2759 1637 Bersets, Vnd deß Grichtschreibers in gegenwart
1625 1573 2815 1741 und beysein mr whern herren alt landvogten Eggers
1623 1687 2762 1823 und herren Frantz Lederlag Marlots den 10. diß mon
1622 1768 2714 1915 nats das Vernere Examen mit disem Mentschen
1605 1864 2770 2015 Zur hand genommen, Ihro anfengklich krefftig vnd
1614 1967 2782 2106 st ernstlörtig zugesprochen, volglich mit der mar
1609 2049 2736 2192 ter betreüwet, ja entlich auch zur Marter ge
1599 2138 2542 2283 führt, vnd solche Ihro gezeigt worden.
1575 2231 2731 2385 Deßen alleßen aber ohngeacht, hat dises mentsch
2724 2255 2787 2332 e
1561 2320 2708 2445 zu mehrer bekantnus als hievor im ersteren
1599 2396 2705 2522 examen beschehen, nicht gebracht werden mögen,
1594 2484 2745 2624 sondern ist gantz steiß beharret, und hat hoch be-
1585 2549 1804 2674 theuret.
1613 2595 2702 2766 daß in ansehen der diebstahlen, es ein mehrers
1608 2711 2765 2842 Und weiters nicht, als das Biel vnd ohngefahr
1598 2791 2496 2912 ein hut voll birren entwendet habe.
1585 2875 2760 3039 Vnd dan in ansehen der hexerey, daß es mentschen
1582 2968 2724 3065 Vnd Weich verderbt haben solle, daß es diser
1557 3043 2758 3186 sachen halb gantz ohnschuldig, Vnd das ment ich darfur
1572 3153 2225 3254 mans halte, gar nicht seye.
1482 3226 2766 3384 Allermaßen auch, als über den puncten deß Milch-
1550 3319 2714 3471 ziehens, es befragt worden, daß nach der außag
1542 3418 2762 3552 seines eigenen Kindts, sie in drey Kachten Voll milch
1551 3500 2718 3636 von Zweyen grißen, vnd also mehr als sonst ge¬
