3024 4032
476 359 1229 560 ambli Waßer
469 521 1413 689 Von Brugbach der Kircher Walkringen
495 634 1438 804 hat in zliechen den 14. und 25. Novem
502 739 1416 885 vno 1709. durch Melchern Großwei¬
472 827 1425 982 bel und den Grichtschreibern mit ihme
470 932 1391 1074 Verführten examen bekent, nach fol¬
464 1019 1283 1168 gende sachen entlandt zu haben.
255 1162 1388 1321 4. Maritz Schären dem Murer auf dem Belp¬
349 1281 877 1434 Berg, sein Cronen.
345 1322 1423 1529 Gloußen schnyderleüten zu Zimer bald außer
243 1432 349 1545 2
327 1483 985 1611 dem vorst vier erben.
292 1571 1403 1724 Christen Grundmann auf dem Berg bey Sariß
227 1616 293 1708 3
307 1684 1231 1823 Weil drey und ein halbe tronen.
212 1769 1409 1947 4. Zu Milche in einem großen Baurenhauß, der
332 1860 1411 2016 Mann heiße Peter und die fr Ann, funst
324 1973 676 2118 hehen bazen.
210 2072 1403 2201 5. Zu meßen in Rätzen hauß, allwo es gescheitten,
362 2163 827 2296 zwantzig bazen.
210 2236 1414 2417 6. Auf der muechteren der kircher Ursenbach ein
356 2376 977 2481 Vnd ein halbe Cronen.
229 2447 1366 2605 7. Hinder Bumplitz drey cronen, der man
357 2564 1392 2697 aber habe Ihm nachgesetzt, vnd da er Ihns
345 2636 1378 2783 bey der Seesen erdappet, Ihme von dem
345 2741 1405 2858 gelt funst pfund widergenommen, die anderen
349 2823 1303 2965 funst pfund heige es schon verthan gehabt,
322 2920 1363 3101 zu Stehlisburg den krämer vier Cronen.
220 2970 284 3054 8.
222 3032 1324 3221 9. In der Rueders wyll Kilchöri in einem
348 3165 731 3290 Graben 20 bz.
352 3243 1399 3385 Linder Rueders wyll einem man auß dem
202 3284 299 3377 10.
332 3330 961 3461 dat, fundtzehen baren.
202 3400 1423 3586 11. Hinder Laßli im Aschbach einem mann auß
336 3508 1385 3649 seinen hohen, so im nebend gaden gehanget
345 3614 741 3742 sechs cronen.
2644 290 2756 411 109
1644 396 2785 582 12. Auff den hoffen zu Wynigen in der buch
1761 527 2326 658 gaßen, einen thaler.
1643 625 2813 806 13. Zu Walkringen in Schmutzen hauß einer fr
1764 723 2076 863 funst baren
1647 785 2791 982 14. Alhier in der statt dem hutmacher Lutstorff
1771 888 2329 1034 einen silbernen Löffel
1725 978 2821 1163 Zu Rorbach bey Langenthal habe es vmb fund
1635 1050 1708 1162 15.
1755 1087 2781 1203 einfurtuch funst bazen versprochen, darfur aber
1762 1154 2816 1276 nit mehr als 3 bz geben und sich darmit fortgemacht.
1653 1254 2836 1426 16. Dem Barbli Läderach zu Tembstein ein bieti zugen
1740 1365 2765 1545 zu Ostermangern dem zimmermann Hans Willi ein
1633 1449 1729 1568 9.
1727 1482 2797 1608 Halß auch guetel die jüppen und das Cassagli
1724 1596 2053 1701 so es anhatt.
1653 1658 2762 1840 18. hinder Minigen einer Bauren fr eine Juppen.
1640 1786 2770 1940 19. Zu Langnauw einer Bauren tochter eine jüppen.
1702 1898 2812 2039 zu Hutzweil hieder kilchberg ein suppen, vnd
1622 1964 1700 2037 20
2507 1984 2610 2045 e
1755 1994 2794 2134 noch eine brochne fürgang Joppen zu Bleyenbach
1749 2083 2097 2213 in der schluch
1648 2141 2845 2321 21. Zu wingen in eines satlers hauß ein bahr strumpff
1651 2272 2842 2431 22. Einer Bauren fr zu Gleitzenbach ein Jahr alt strumpf.
1654 2397 2842 2551 22. Zu Großweil Vnderhalb Wingen einer Bauren fr
1774 2481 2442 2609 ein hembd, so ain Zaun gehanget.
1658 2578 2779 2730 24. Zwey hembli, einer zu Luzelflue, vnd das Ander zu
1751 2687 2043 2778 Sumißwald.
1665 2722 2848 2886 25. Zwey Hembli eines zu Kiren und das ander in Buchenberg.
1665 2853 2364 2996 26. zu Limpach, ein bahr schuh.
1672 2950 2676 3104 27. Der mihrtin zu Sumißbald ein bahr schuh.
1668 3053 2509 3194 28. Im Eggiweil sein alt bahr ermel.
1658 3147 2745 3318 29 einer Burin zu Trachselwald ein bahr ermel
1635 3267 2494 3421 30. zu Riglen ein bahr lingermel
1650 3356 2869 3512 31. Auf der trocher ambts Barberg im bahr weiß berig ermel
1648 3454 2797 3609 22. Auf dem Belpberg, das halßtuch so es trage,
