3024 4032
339 215 1502 463 Endlichen ist ihme nochmahlen und zwar mit vor
340 378 1465 504 Sstellung noch viller anderen Vmbstenden mehr
360 466 1488 613 krefftig und ernstlichen zugesprochen und nach aller
362 553 1474 698 mögligkeit getrachtet worden, zu erforschen, ob
352 652 1473 792 nemblichen nit auch eine fleischliche Vermischung vor¬
334 751 677 856 gangen seye.
868 770 1477 900 Es habe aber immerhin be¬
327 806 1465 965 zeuget und gesagt, daß gott lob, die that nit
340 938 1398 1075 beschehen seye, es hauße solches jahr wohl habe
337 1034 1457 1165 deßhalben ein gut gelaußen, Vnd seye noch ein keines
344 1118 514 1232 getli
506 1367 1288 1603 Examen und Vergicht
316 1584 1490 1725 aus Gärtners des Ohlers auf dem Scheiben
248 1656 1440 1819 Verführt durch Meinem hochgeehrten herren heimb
289 1780 1421 1913 lichern Bugspurgern, als oberk darzu verordn
316 1851 1389 2004 neten examinatoren mit zu thun molohlen
296 1946 1418 2074 Großweibel Bersets vnd deß Grichtschreibers
516 2028 1238 2167 Den 20. januarii 1708.
222 2128 1434 2288 2. Wie er heiße, wie alt von Jahren, Vnd von
271 2248 731 2362 Wannen er seye.
277 2347 1470 2503 R. Er heiße Hans Gurtner, seye gegen frnnstzig
285 2452 1440 2586 jahren alt und gebürtig von Riglen, dißmahlen aber
280 2531 992 2669 auf dem schupperg wohnhaft.
235 2633 1360 2808 e. Ob er nit in seinem hauß zu verschidenen under
297 2751 1417 2894 mehrmahlen seine Tochter Vnzuchtiger Weiß gebüßt.
238 2864 1026 3024 E. Ja Er seige deßen bekant.
273 3006 1415 3164 . Was seine Tochter alweil darzu gesagt habe.
256 3125 1352 3266 R. Seine Tochter habe sich geschambt vnd gewehrt,
249 3235 1446 3401 E. Ob aber seine Tochter Ihne jemahlen darzu gereitzet.
236 3361 544 3473 R Nein.
265 3445 1420 3580 d. Ob er seine Tochter nit auch im hauß zu boden
265 3553 592 3663 gefelt habe.
2762 242 2843 355 3
1675 309 2839 497 f wohl ein eintziges mahl, er habe aber nit
1705 416 2830 548 geloußt, was er damahls gemacht, seine leüht
1696 506 2818 621 habind ihme morndrest angezeigt, daß er, so
1713 591 2812 728 Vnärtig gsie, Vnd Ihne betreüwet, wan er nit
1712 671 2771 823 nachlaßen wolle, so werdind sie es klagen
1677 778 2902 964 den ob er nit auch beym Thürli obenhalb stulier
1698 901 2866 1023 hauß mit seiner tochter am boden gelägen seye
1647 1060 2443 1222 R. wohl, daß seye wahr.
1641 1218 2876 1397 E. Ob er nit daselbsten seiner tochter gantz schand,
1692 1316 2906 1458 Eicher Vnd Vnehrbahrer weiß die Kleider aufgehebt
1702 1420 2289 1543 und sie entblößet habe.
1657 1514 2298 1682 fl. Ja, es seye wahr.
1670 1669 2882 1827 2. Ob nit auch er selbst schandlicher weiß entblößt gsin.
1678 1801 2273 1942 R. Das lauße Er nit.
1645 1911 2884 2081 D. Worumb Er solches Ich laugnen dörfte, Er habe Ja
1696 2026 2571 2169 solches vor Gorgricht berits bekent,
1661 2134 2819 2295 N. Da es seye wahr, daß er solches am ergricht
1699 2219 1877 2335 bekent.
1636 2317 2756 2460 E. Ob Er nit auch auf seiner Tochter gelagen sehe
1662 2420 2844 2598 R. Wan Er das sagte, so wurde Er wider sein ge¬
1652 2544 2019 2665 Wußen reden.
1623 2647 2796 2787 4. Ob Er nit damahls seine Tochter Vnkuscher weiß
1686 2743 2883 2890 an seimblichen orten betastet, und auch beschauldet habe.
1639 2831 2381 2963 f. Ja beydes habe er gethan.
1627 2955 2821 3125 E. Ob er nit auch vnverschambte vnd sehr Vnzuchtige
1665 3049 2822 3211 grobe Wort zu seiner tochter in ansehen derselben
1679 3146 2183 3278 blöße geredt habe.
1660 3234 2293 3404 R. Ja, er seye wahr
1603 3348 2665 3531 E. Ob nit Hans Nops darzu kommen seye.
1615 3496 2806 3641 f. Er habe den nobs nit gesehen, aber eine tochter
1650 3586 2062 3733 habe Ihn gesehen.
