3024 4032
146 158 227 239 16
251 229 1319 340 mit Ihme Cauaranne wie auch die Verhör
228 309 1369 418 etwelcher anderen Kundthafften vorgehen ze laßen,
225 404 1387 530 derowegen dieselben in die gefangenschafft be¬
226 496 1444 617 scheiden und auf heüt den 22. jan von mhewhe
211 568 1391 717 den examinatoren in gegenwart Merachts alt
219 639 1402 790 Hoofmeister Tilliers das eint vnd andere Ver¬
220 741 1432 896 richtet. Der Anfang aber bey dem enthaltenen
218 850 1429 964 Cavaranne appart mit ernstlich- vnd kräf-
214 927 1410 1073 itigem ermahnen vnd zusprechen dahin gemacht
212 992 1389 1175 worden. Was maßen aufgethanes versprechen
225 1106 1339 1250 mann von ihme gehoffet, erwerde in seiner
198 1190 1386 1331 bekantnuß anders nichts als die bloße wehren
186 1269 1365 1430 heit außsaag, Nunmehr aber erscheine in
188 1379 1410 1528 Vielen stucken das klare widerspihl angesehen,
201 1509 1419 1616 er in seiner vorig vergicht vorgeben vnd beharret,
201 1570 1326 1720 daß alsobald alle vier Kerle zugleich auf ihn
207 1663 1410 1826 ankommen mit degen vnd stöcken auf ihne zugeschlagen
196 1770 1365 1904 vnd mit einem stoß beÿ dem aine verwundete
202 1855 1374 2013 da doch keiner von Ihnen einichen degen bey sich
177 1980 1380 2109 gehabt. Demie den letsteren stoß auf den ver¬
172 2073 1251 2196 storbenen erst vnder der Gerieren Lauben
151 2155 1308 2300 gethan zu haben, selbiger aber schon blessirt
151 2264 1335 2390 Die hand auf der wunden haltend, die Statt ab
142 2366 635 2488 Ihme nachgelauffen
129 2476 1422 2629 Worauf er Lauaranne nochmahlen beharret,
135 2565 1404 2695 daß er in seiner vorig bekantnuß in hergangen
151 2654 1291 2777 heit der sach die wahrheit angezeigt und
151 2746 1376 2887 darinnen niemandts unrecht gethan, mit beyfüg
157 2835 1433 2958 daß als er mit den Publis seinen Cameraden
159 2945 1330 3084 Under die Lauben hinein tregen wollen, vnd auf
159 3035 1330 3180 den tritten gestanden, ihn einer bym ermel
167 3125 1391 3261 wider zurück gen über die dritten abgezogen
1369 3177 1426 3252 6
134 3228 1342 3368 und da er bey deß Lautenburgers hauß auf
143 3318 1401 3472 der zeithen gestanden, ehe er die flucht genommen,
164 3423 1415 3566 seyen alle vier Kerle auf ihn ankommen, gefragt
1152 3581 1371 3683 Was
1482 169 1552 264 17.
1581 191 2750 354 was er haben wolle, vnd alsobald mit degen
1615 290 2754 431 vnd stöcken auf ihn zugeschlagen, ob sie aber alle
1583 394 2749 507 degen gehabt, wüße er nit aber das könne
1608 459 2753 631 er fur gelauß bezeugen, daß er einen degen
1611 576 2751 705 gehabt, gefühlt und gesehen, vnd zwar den
2439 663 2658 739 den stich am
1602 674 2753 810 degen habe er schon gefühlt und kindts
1604 775 2743 929 verpfangen, ehe er in bach gefallen. Er wüße
1600 875 2777 1008 auch aber nicht zuversinnen, als er auß dem Barb
1618 960 2743 1107 kommen, ob er an den daselbst befindtlichen stock
2580 1060 2713 1128 daß er
1588 1061 2762 1203 gelauffen oder nit. Im übrigen gestehe erschon
1611 1158 2710 1294 einen stoß gethan, ehe er geflochen, vnd den
1593 1238 2725 1395 anderen hernach Vnder der gerweren Lauben,
1586 1384 2722 1505 Wie nun er Lauaranne auf seiner vider
1612 1479 2699 1610 ghalten bekantnuß nochmahlen vest bestuhnde
1623 1568 2744 1712 ward auf befelch mehrn examinatoren
1609 1678 2735 1804 eingelaßen, vnd gegen Ihme confrontiert.
1581 1791 2767 1933 Matthias Pabst der einte Tischmacher gefell von
1594 1906 2785 2046 Christein auß dem Elsaß, so damahls in die hafft
1606 2013 2774 2138 verwundt, und seithero in Ihr gute Infull
1616 2088 2759 2225 curirt worden, welcher seine hievor den B
1592 2197 2762 2335 Januarii vor Ihr gn. Dieneren Mohr groß¬
1605 2276 2798 2404 weibel derseth vnd dem Grichtschreiber gethane
1603 2399 2759 2556 Außaag widerhalt und dem Lauaranne
1614 2510 2766 2649 Volgender gestalten vnder augen erhielten.
1598 2616 2809 2750 Was maßen der verstorbene Johannes Hebler
1610 2708 2809 2843 vnd er Gezeug sambt übrigen beiden Tischmacher,
1593 2806 2791 2951 gsellen sontag Abendts den 27. decembr 1705.
1610 2925 2749 3064 einem Gesellen, Pott Zū Zimmerleüthen beÿ¬
1591 3037 2785 3172 gewohnt, nach endigung deßen sie sich zwüschen
1609 3148 2769 3283 6. vnd E. Vhren nach hauß begeben wollen, da
1591 3244 2791 3380 Ihnen auf dem Heimweg gleich außenhar der
1592 3320 2816 3476 lauben bey der Kefi ihrer zween einer mit einem
1596 3436 2831 3595 Weißen vnd der andere mit einem Braunen Rock be¬
1578 3539 2765 3680 gegnet, im vorbey gehen hab der im Weissen
2558 3655 2767 3758 Rock etc.
2718 1426 2765 1487 i
2789 246 2852 350 e
2793 353 2856 438 2
2781 458 2864 564 ag
2792 551 2927 632 telvol
2800 636 2901 716 6
2803 736 2884 824 icht
2799 819 2898 893 eiden
2810 907 2923 1017 deßen
2805 1020 2913 1094 als
2803 1125 2851 1188 s
2808 1205 2918 1288 mein
2804 1274 2891 1375 kelen
2809 1398 2892 1457 e
2812 1499 2893 1592 ey.
2819 1597 2942 1694 ragt,
2815 1672 2955 1783 Jener
2817 1820 2929 1872 e
2826 1888 2926 1974 ub
2830 2098 2955 2182 dan
2816 2173 2919 2278 habe
2823 2309 2940 2358 de
2836 2502 2947 2568 emit
2839 2588 2955 2674 n
2839 2706 2939 2780 da
2833 2865 2963 3000 brig
2848 2980 2928 3078 3
2850 3191 2947 3276 hin.
2857 3388 2911 3480 ich
2869 3501 2926 3612 n
2862 3608 2947 3692 art
