3024 4032
150 150 245 255 186
239 244 1411 451 e. Wie er zu Vornach wider was worden
245 426 1447 596 R. Die Kerlei die ihn hinauff nach Solothurn
386 549 1448 703 fuhren sollen, habend vnderlangs da die über¬
389 624 1395 819 nachtet, sihl getrunken, vnd da seye er von
369 722 762 867 ihnen gangen.
214 881 1403 1061 e. Ob er disen gsellen nichts genommen, da er
358 999 1150 1151 der nacht von ihnen außgerißen.
200 1118 346 1252 s.
371 1127 1423 1283 Ein facil habe er ihnen genommen, sie habend
365 1239 1419 1389 aber Ihme dargegen mehr behalten, namblich
363 1335 1433 1468 Einen duplonen an gelt, vnd seine Arzney Buecher
254 1466 1414 1619 Was fur sachen man bey Ihme gefurden, als Er
298 1566 1397 1713 das letste mahl zu thun gefangen worden.
141 1679 256 1817 h
326 1666 1410 1839 zwey schlüßeli ein krummen ysentraht und ein
333 1797 673 1938 schritten.
291 1937 1421 2082 Wie man disere schlußel nambte, Vnd wohar
114 1941 225 2073 E.
314 2026 755 2156 er sie bekommen.
307 2148 1421 2289 Er wüße nit, wie sie anderst genambset werden
106 2143 234 2281 f.
298 2246 1412 2369 als schlußel, Er habe sie sambt sein Isen¬
289 2340 1395 2468 strahl zu Langnauw bym schumacher Abra
270 2419 1405 2573 ham Müller, auf einer Sidelen gefunden, alda
292 2515 1381 2656 Sie einer ligen laßen, so hievor bey disem Schu¬
315 2602 1367 2752 macher ich zugezogen und hernach zu Trachsel
270 2712 1322 2856 Wald, wie er glaube, gerichtet worden.
145 2825 1346 3001 E. Worzu Er die schlußel vnd hendel gebraucht.
304 2959 1394 3111 Dr Schlüßel habe Er mit braucht, mit dem
256 2997 305 3085 .
109 2993 216 3135 .
234 3077 1399 3226 schröttigen habe er dem Bauren allwegen die roß,
267 3185 1374 3310 vorigel ummen gemacht und mit dem bysentrats
262 3262 1340 3403 habe er die Pfenster stengli außzogen, wan
270 3356 1214 3484 Er Ihnen die Pfenster verbeßeret
286 3441 1354 3544 Und weilen nun alles krefftigen zusprechens ohngachtet,
262 3524 1378 3631 Weiter nichts auß disem gsellen gebracht werden mögen,
258 3612 1398 3683 Als hatt man fur einmahlen es darbey belenden laßen,
247 3658 998 3790 Actum 8. und 12. aprilis 1789
2664 313 2788 439 87
1764 341 1961 450 Ites
2017 407 2369 540 xamen.
1759 512 2687 703 Mit Hanß Pfelti verführt
1872 639 2576 805 Den 20. aprilis 1709.
1638 752 2801 932 Vber die von Ober Stand Bryburg und von
1720 857 2817 1007 Gun eingelangte Schreiben vnd der Orten aufge¬
1725 965 2210 1059 nommene information
1588 1050 2833 1217 A. ob er noch allzeit laugen, daß er droben zu thun,
1719 1149 2806 1287 sich der gefangenschafft mit forcierung der banden
1747 1237 2408 1364 und thüren loosmachen wollen.
1738 1322 2807 1467 Er könne nit läder sei geleßen reden, dan er
1609 1337 1743 1483 hr
1737 1417 2812 1532 niemahlen loos, sondern allzeit bunden gsin seye
1687 1493 2782 1615 wie er von anfang bunden worden, heige auch nüt
1701 1575 2762 1691 an der Kefi thüren noch selbige angeruert.
1678 1684 2782 1835 Ob er noch allzeit beharre, daß er nit zloren
1561 1686 1683 1835 E.
1711 1796 2813 1890 sondern nur einen bajoire zu thun verloechßlen
1702 1861 1885 1961 wollen.
1748 1949 2769 2084 Er habe einmahl nit mehr weder den einzigen
1570 1967 1691 2089 .
1747 2041 2546 2185 gehabt, so er der Lehn herrn geben.
1595 2129 1693 2278 2.
1720 2136 2787 2302 Ob er nit zu thun gesagt, daß er umb ein fühli
1732 2260 2697 2399 15 oder 16 dergleichen bajoires bekommen.
1717 2344 2793 2494 Er habe zwar wohl gesagt, daß er den bajoire
1561 2379 1655 2493 .
1707 2433 2761 2580 So er wachßlen wollen, vmb ein fehli bekommen,
1733 2528 2781 2630 aber nit, daß er deren 15. oder 16 habe: den
1717 2594 2810 2731 einzigen aber, habe er vom Goldschmid Schärer
1696 2686 1933 2797 bekommen.
1677 2749 2820 2899 Wie doch das sein könne, daß er mir einen bajoco
1543 2764 1658 2898 2.
1669 2850 2803 2999 gehabt, Sintenmahl er einen bey der Lehe herri
1657 2937 2792 3068 Verloechßlet, welchen Sie eine Zeitlang behalten,
1674 3047 2818 3151 Vnd inzlouschen einen anderen bajoine gegen über
1673 3107 2720 3243 bey der Salzbeth in auch verwechßlen wollen.
1551 3212 1649 3340 .
1669 3206 2802 3351 Die Lehrherri habe zwar den tajoine etwas zeits
1671 3296 2787 3435 behalten, hernach aber Ihme selbigen widergeben,
1668 3390 2818 3515 und er ihro das genommene brott auch bezalt, daruff
1631 3450 2746 3582 hin aber erst darnach aber habe er disen baioine
1643 3524 2816 3671 bey der Saltz butti gezeigt vnd zu verwechßlen angebotten
