3024 4032
157 173 295 275 110
566 333 1221 505 Allbracht Schnell
711 442 1029 553 Von hier
278 552 1423 715 Welcher erst letstverstrichenen 29. septembris
308 670 1403 782 wegen diebstahls eydlich banniniert, dißmahls aber
295 744 1399 873 sich widerumb ins Land begeben, vnd ob einem dieb¬
313 831 1380 958 stahl erdappet und eingesetzt worden, ist wider
309 897 1375 1036 mahls eydlich, jetz und aber für zwey Jahr lang,
298 990 1376 1110 bamnisiert worden, in dem Verstand, daß vor Ver¬
283 1062 1397 1191 fließung diser zweyen jahren, er umb keine gnad
298 1165 1359 1269 Vnd auch anderst nicht, dan mit vorweisung glaub¬
230 1240 1415 1316 würdiger scheinen seines wohl verhaltens, sich anzuge
286 1302 1382 1434 ben haben, und fahls er sich inzwüschen im land
280 1398 1373 1484 bisen laßen, und erdappet wurde, er als dan
268 1477 1384 1599 nach bereits ergangener oberker erkantnus
283 1555 1384 1666 mit ruchten außgeschmeitzet werden solle. Alte:
250 1629 1396 1759 Den 19. und exequiert den 25. novembris 1707.
443 1840 1118 2030 Wichel Summer
560 2000 697 2104 von
230 2051 1311 2215 Ist als ein junger starker und unnützer man
448 2155 663 2217 hienetig
234 2171 1344 2297 der nicht wie vermeint worden, in das schallen
133 2157 227 2296 .
192 2254 1323 2392 wert, jedoch ohne ring erkent worden, den 26.
210 2333 680 2445 Novembris 1707.
2651 326 2794 413 A.
1867 394 2658 546 Cargreth Ruß
1918 504 2724 628 von Krättigen der kirchen
2068 574 2345 686 Föri Aschi
1687 658 2808 831 Nachdemmen ihr gr belieben wollen
1685 774 2817 894 muherr rahtsherren lscharner zu einen
1688 834 2810 941 xaminatoren der auß dem Oberen spit
1681 897 2809 1016 thal in die gefangenschafft transferierten
1683 975 2767 1080 dirnen namens Margreth Ruß von
1671 1041 2801 1167 brättigen der kirchhöri Aschi zu verordn
1688 1110 2784 1234 nen mit befelchlichen gesinnen selbige
1678 1188 2751 1289 wegen deß durch sie den 1. octobris
1653 1254 2767 1380 Letsthin bey dem auff dem breitfeldt
1668 1322 2758 1449 unden außstehenden stehenden Inter
1660 1397 2807 1491 lacken Scheinerlin gebohrnen und daselbst
1665 1462 2771 1583 in die Erden verscharreten, Volgends ein
1659 1538 2768 1639 paar stund darnach durch Gottes son
1654 1602 2776 1699 derbahre schickung entdeckten derselben
1659 1674 2810 1792 vorgewiesenen und auch von Ihre erkenten
1663 1739 2765 1850 unehrlichen Kindts, über den bereits hie
1649 1810 2776 1931 vor Mughern abgelegten Bericht, und wie
1657 1882 2791 2005 sie mit dieserem kindt umbgangen, ernst
1642 1946 2280 2049 wörtig zu red ze stellen
2373 1956 2783 2063 Ist solchem auß
1632 2022 2755 2126 zu End gemeltem dato volg geleistet, und
1644 2081 2737 2210 darauff gedachte dirnen durch wohlge
1648 2149 2723 2253 dachten michheren examinatoren mit
1627 2209 2768 2347 zuthun so herren dieneren herren großweisen
1621 2282 2772 2419 bels und grichtschreibers, ernst meinend
1642 2364 2795 2474 dahin vermahnt worden, Gott dem Her¬
1623 2428 2741 2569 ven die ehr zu geben und der hochen
1625 2521 2756 2619 oberkeit als deßen Statthalterin auff
1625 2574 2785 2679 erden, die eigentliche hergangenheit der
1627 2627 2770 2776 sach in grundt der wahrheit zu bekennen
1635 2701 2202 2824 und anzuzeigen etc.
1606 2771 2765 2885 darauff dann selbiges über die an Ihns
1614 2836 2766 2959 getrinkte fragen folgende bekandtnuß
1624 2900 1830 3004 gethan
2191 2922 2774 3032 erstlichen befragt
1615 2992 2783 3135 Wie es heiße, wie alt und von Wannen
1636 3059 1826 3153 es seye
1825 3069 1867 3138 1
1603 3124 2727 3261 Antw: Es heise Margreth Ruß, seye
1400 3212 1592 3306 oder 31.
1630 3200 2769 3331 seines vermutens bey 30 jahren alt
1619 3268 2738 3400 und zu krättigen der kirchhöri Äschi, das
1606 3333 1844 3419 heimb.
1523 3399 2764 3527 eb seine ellteren noch im leben oder
1608 3481 2759 3619 wie langtes seye daß selbige gestorben.
2465 3589 2592 3736 A.
