3024 4032
588 340 1449 541 Marie Joseph Girari
780 479 1214 640 von Fryberg.
448 646 1469 824 Ist den 23. martii 1708. über zwey von
453 781 1438 940 Murten eingelangte Schreiben, einiche deß
447 877 1474 988 faltschen muntzens verdächtige persohnen betreffen
437 955 1466 1101 alhier in gefangenschafft gesetzet, volglichen durch
406 1063 1456 1195 Melchern Groß weibel derset und dem gricht
405 1156 1435 1284 schreibern examiniert, vnd darüber nach fol¬
410 1242 1451 1376 gende bekantnuß auß ihme gebracht worden
406 1319 1442 1453 den: Namblichen, daß auf deß jungen
393 1395 1435 1539 Reinhardts invitieren, Er zu zweyen verschie
393 1487 1441 1628 denen mahlen, als er von Fryburg naher Murten
420 1577 1426 1697 und von dar wider zuruk gangen und also
412 1659 1441 1796 nur en passant, sich zu Fruß bey dem Jun-
389 1750 1446 1884 gen Reinhardt einbefunden, da das erstere
391 1834 1423 1968 mahl er nur einen tag dort aufgehalten, das
372 1949 1451 2041 Gleyte mahl aber zluo nacht daselbsten geschraffen,
374 1994 1423 2144 Aldorten dan, habe Er angetroffen, den kein
351 2088 1422 2217 Hardt und sein fraulo, einen knaben und einen
378 2174 1443 2311 schloßern, Jean sich nambsend, welchen er zu vor
389 2261 1437 2401 auch zu Bryburg gesehen, so seine eigene Schwartz
378 2355 1407 2476 haar und einen blauwen rot trage, in 34
384 2436 1420 2568 oder 35 jahr alt, von mittelmäßiger große
345 2515 1433 2649 Vnd hintend, und damahlen bym Reinhard
387 2597 1394 2735 in der anbegriffen gsin seye. Das andere
375 2690 1443 2809 mahl habe er noch einen steütschen alda gesehen.
343 2770 1399 2904 Sie seyend auch nur einziges mahl, daß er
370 2850 1390 2977 nemblich darbey wäre in der schmitten gsin
346 2939 1414 3054 Vnd damahls habe der Reinhardt vier oder
371 3009 1414 3136 funst bleyerne Kuglen zerschmeltt vnd ge¬
343 3106 1389 3218 schrift darauß goßen, umb darmit ein entzel
336 3181 1344 3314 zu probieren und in so weit ihme in laußen
342 3266 1414 3385 Vnd Er beobachtet, so seÿend damahls in der
349 3352 1439 3485 schnitten gsyn, der Reinhardt ein knab, der schmid
347 3437 1426 3559 oder sein krecht, wie auch noch eine mansper
342 3503 1409 3629 sohn mit einem pferdt, endlichen seye auch obge¬
2748 215 2868 304 183
1684 302 2826 461 Dochter Schloßer darzukommen, Vnd habe
1695 400 2882 569 er Girand anders nichts als son bley gesehen,
1700 493 2877 649 zerschmeltzen, seye ihme auch nit in wüßen, daß
1701 578 2883 722 dem blauben etlaas von der zerschmelzten materi
1711 659 2824 812 auf das aug gesprungen, noch daß man solche
1714 742 2858 897 materi auf den boden geworffen, daß selbige
1709 828 2887 994 darüberhin versprungen seye, vnd Sie daruff
1723 907 2882 1067 gelachet habend. Wüße auch nüt von dem, daß
1735 986 2903 1137 man dem schmid auf sein befragen, solle geant-
1715 1070 2873 1231 wortet haben, daß man ringgen druß gießen
1699 1188 2896 1332 Wolle. Vnd dises alles werde Er gegen dem
1696 1253 2871 1476 Reinhardt vnd dem Blauben erhalten können,
1879 1927 2359 2075 doff aber sold
1831 2042 2127 2131 Non
1696 2057 2821 2247 Welcher vor wenig tagen zum anderen mahl deß
1714 2206 2833 2288 lands verlosen worden und sich widermahl ins landge
1709 2272 2885 2382 laßen, ist für ein jahr lang mit dem ring ins schallenwerk
1708 2330 2880 2410 erkent worden, in dem verstand, daß zu verminderung deß
1696 2401 2878 2487 termins kein gehor gestattet, benebens alle seine Schrifften
1694 2485 2906 2593 durch herren Großweibel examiniert volglichen die Unnützen
1685 2537 2896 2650 ihme auß handen genommen, die übrigen aber ihme wider zu
1687 2609 2800 2741 gestelt werden sollend. Alten 24. februarii 1708.
1866 2724 2786 2889 Niclaus Neuwenschwinder
1940 2861 2075 2942 von
1678 2870 2825 3050 Ist, als ein Vnzahlbahrer deß Lands zuster¬
1677 3002 2854 3145 weisen verfelt worden. Acten 10. martii 1708.
1916 3108 2371 3279 Jacob Gosteli.
1857 3208 2371 3357 Von Bolligen
1690 3245 2817 3440 Ist, als ein vergeltstagtter Vnd Vnzahlbahrer
1693 3385 2700 3496 in die landtsverweisung erkent worden.
1671 3463 2327 3582 Act: 26. Martii 1708.
