3024 4032
893 307 943 388 11
642 364 1306 490 try Diener
725 457 891 608 von.
395 577 1453 730 Ist von Wegen es sich von einem unbekanten
433 676 1447 812 schwängeren laßen, für ein Stund Lang
430 759 1424 914 ans halßysen erkent worden. Den
422 860 930 990 7. July 1708.
592 1051 1022 1224 M Köng,
554 1189 994 1309 von Gystichten
348 1292 1434 1413 So seine Tochter zum Teufferthumb verführen
382 1379 1434 1485 laßen darzu vorschub und Underschlauff
372 1449 1396 1534 gegeben, ist neben abtrag der Kösten, auf
376 1516 1431 1607 gnad sin von statt und land verleiden worden.
380 1588 964 1684 actum 12. julii 1708.
537 1735 1058 1914 Beedicht Kinden.
526 1857 948 1973 ein calogner von
522 1962 590 2006 e
286 1950 1428 2059 So den Tenster, lehrer Peter habegger Verwahr¬
366 2021 1383 2137 net, daß er entrunnen mögen, ist auf vier
349 2103 1392 2225 wuchen lang, ich doch ohne ring ins
336 2184 1179 2301 Schallenwert erkent worden.
346 2259 1018 2393 Acten 26. julii 1708.
484 2469 1333 2636 Catry Christiler von habli.
754 2595 834 2659 und
501 2602 1163 2747 Christen myden, von
324 2699 1355 2846 DDie Christeler von wegen Sie, den Bendicht
349 2798 1426 2925 Arni, so sich mit dem eyd pungiert vnschuldiger
335 2867 1415 2992 loris zum vatter ihres kindts angeben und
336 2945 1409 3051 anbey den hievor wegen Ehebruchs nostienten
334 3009 1393 3121 bannisations Eydt übertretten, ist weilen sie
239 3092 1420 3192 selbs in reüben gefallen und volglich den rechten vatter
294 3162 1377 3282 Disers kindts angezeiget gantz gnädigklichen
327 3223 1378 3351 mit der prangerstraff für zler stund lang
317 3305 1339 3418 angesehen, Vnd nachlehrts, zusambt dar
315 3368 1396 3468 Christen myden, als welcher schon zuvor ein ehen
326 3439 1387 3552 bruch und einen ledigen fähler mit ihro begangen
329 3514 1393 3604 Vnd dißmahlen sie auch geschlaaegeret hatte, Eydlich
318 3564 1342 3678 von statt und land verwisen worden. Acten.
313 3641 826 3783 9. Augusti. 1708.
2704 282 2817 385 16
1936 367 2530 523 Joseph Ruch,
1923 487 2542 605 von Zurrenrecht
1701 569 2835 747 Ist wegen verführten nichtfertigen läbens
1739 690 2827 804 von ihr geli Statt und Land verlasen
1722 770 2727 915 worden, in so lang, biß er beßeren
1722 850 2851 948 Wandels sich befleißen, vnd eines Mohlster
1724 938 2866 1059 haltens halb gnugsame zeügsame vorzuweisen
1715 1013 2680 1154 haben wirdt. Acten 8. sept 1708.
1799 1195 2607 1359 Anton hiltbrunner
1838 1277 2652 1439 sonst kehrten genant von
1658 1425 2853 1594 Ist weilen man an ihme als einem vergelts tageten
1712 1519 2815 1636 sönderlich wegen vernebten betrugen, Verlurstig
1697 1590 2839 1698 werden müeßen, eydlich von Statt und land ver
1694 1669 2761 1776 wisen und betreület worden, wan er sich
1709 1756 2799 1863 Verners darin bliken laßen wurde, er nach
1693 1831 2769 1938 völligem verdienen werde abgestrafft werden.
1688 1890 2406 2015 Acten 2. octobris 1708.
1894 2119 2477 2244 Christen Linder
1828 2211 2369 2335 ab dem kurtzenberg.
1661 2288 2833 2408 So bereits hievor wegen begangenen Zweyten
1674 2389 2838 2499 Ehebrucht und sonsten schlimmen wandels halber
1701 2444 2773 2575 in die Landts Verweisung erkent worden.
1681 2526 2839 2626 Ist krafft Rahts erkantnuß vom 4. octob. 1708.
1708 2618 2831 2706 weilen er erst dißmahlen betretten werden
1708 2698 2732 2811 mögen, eydtlich baonisiert worden den
1708 2774 2173 2875 6. octobris 1708.
1765 2962 2412 3086 Hans Rittemund
1762 3062 1894 3143 e
1895 3064 2387 3174 von Röhtenbach.
1637 3136 2814 3262 So sich erstlich mit Anna Brand von Laupers¬
1654 3236 2741 3343 Weil hernach mit Margrecht Kauler von
1655 3311 2754 3451 Langnaulo, vnd also in Zweytem Ehebruch
1648 3399 2811 3522 vertrabet, ist krafft und nach inhalt gsatzes
1646 3490 2837 3603 Eydtlich von Statt vnd Land verwisen worden,
1639 3552 2282 3678 Den 25. octobris 1708.
