3024 4032
532 227 799 431 zter
750 370 1305 535 Samen
428 529 1336 712 Mit Hans Pfenti den 24. aprilis
514 659 963 821 Nog verführt.
356 813 1388 1020 als sie vorige mit dem Hans Pfenti vor¬
381 960 1378 1114 führte ernstlörtliche examen Megklen
341 1065 1366 1205 Den Rahten vorgetragen worden, vnd Sel¬
368 1158 1349 1295 bige darüberhin befunden, daß diser
383 1255 1323 1403 Pfendi sein hertz nit geraumbt auch nit
362 1320 1396 1495 Durtshauß die Wahrheit bekent haben müße,
328 1444 1333 1619 Derowegen auch erkent, daß noch weibers
395 1531 1343 1678 und mit mehrerem ernst an ihne gesezt,
381 1625 1393 1760 Vnder also nit allein mit Betreüle, Vnder Zeigung
380 1723 1345 1868 sondern auch loürtlicher anwendung der
357 1800 1366 1924 lähren marter examiniert werden solle.
358 1895 1342 2060 Ist zu vollstrebung sohlanen befelchs
352 2000 1358 2178 Deser Hans Pfenti den 24. aprilis den 19.
370 2105 1370 2258 anfengklichen ernstloortlichen, hernach aber
380 2177 1378 2345 mit betreute, und zeigung, ja auch entlichen
388 2291 1333 2438 mit zweymahliger würklicher anwendung
381 2392 1364 2523 der fahren marter examiniert worden.
408 2467 1321 2629 Er hat aber deßen alleßen ohngeachtet
411 2566 1374 2674 keine Vernere Vnd mehrere Bekantnuß
405 2664 1267 2781 auß ihme gebracht werden mögen,
395 2748 1397 2880 sondern es ist selbiger ledigklich und strist
405 2828 1402 2970 auf seinen hievorigen Erkantnuß Verhar¬
398 2929 522 3021 ret.
330 3053 1345 3229 Ind mir nun auch dises 3te Examen
330 3177 1357 3329 Meyhlen den nachten vorgetragen worden.
275 3280 1333 3454 Habend selbige in betrachtung eint vnd
336 3373 1433 3502 Andersechts waltenden Vmbstenden weiters
374 3458 1434 3601 nit an ihne setzen wollen, sondern erkent,
2670 111 2763 224 I
1615 288 2785 505 Daß derselbige außgeschmeitzt, vnd auff
1653 397 2746 527 eldig von dero statt und landen mit dem
1648 478 2720 646 Eiß verleiden werden solle. Acten 27.
1637 616 2117 770 aprilis 1789.
1688 786 2561 1073 Bendicht waren
1777 996 2814 1177 von Helffenberg, Ambts Schlaartzenburg,
1594 1154 2762 1343 So vergangener tagen drußen im Sulgenbach in
1639 1239 2815 1401 Ssern Samuel Källers deß Müllers Käller
1676 1349 2811 1482 nechtlicher wyll eingebrochen wollen, darob aber
1664 1434 2761 1593 erdappet und ergesetzet worden, hat in dem mit
1651 1487 2638 1669 Ihme hierüber Verführten examen bekent,
1617 1616 2814 1797 9. Daß er Jamn gedachten Käller habe einbrechen wolle,
1714 1704 2801 1891 daß er ohngefahr vor 4 jahren in der oben
1616 1770 1660 1890 2
1705 1793 2736 1947 den mühli im Sulgenbach dem msten für in
1690 1880 2789 2059 zweyen Seken mahl entlandt, wie der Müller
1705 1959 2770 2106 aber darauff kommen, vnd Ihme deßentlegen
1703 2025 2800 2237 einen botten geschikt, habe er die Sek mit sambt
1680 2123 2795 2286 Sein gelt fur das mahl dem Müller zusenden vnd
1689 2249 2086 2366 einhendigen laßen.
1601 2291 2850 2484 3. Daß er vor etwas zeits an der antentag einem
1675 2426 2747 2549 Pfister ein bezig brott ab dem bank genommen,
1711 2485 2780 2608 Vnd in Sat gestoßen, da aber die fr. solches
1715 2574 2800 2727 erfahren vnd Ihne zu red gestelt, habe er dises
1711 2678 2006 2775 brott zalt.
1621 2750 2805 2941 1. Daß er vergangenen winter dem Gasteli zu
1706 2852 2814 3019 Gasel auß dem spycher in 17 oder s mas korn
1709 2957 2785 3110 auff dem nächtlicher wyl außenbohret und
1699 3062 1950 3155 entloendt.
1700 3138 2853 3295 daß er dem müller zu Beinbach anders schwar
1639 3184 1685 3261 5.
1724 3241 2843 3375 Zenburg vor ohngefahr Siben oder acht Jahren
1704 3323 2790 3473 zbeschen tag und nacht auß einem ohnen gange
1718 3415 2425 3548 Sechs mas Korn entwendt.
