3024 4032
99 97 234 207 32.
391 190 1242 374 liclaus Schlatter
488 276 650 371 von
228 335 1507 597 Ist, Weilen er mit bezahlung seinen se
205 464 1519 666 editoren nicht begegnen können, nach verfließ
227 530 1521 734 ung deß gsatzmeßigen gefangenschafften Terminen
212 597 1516 788 mit dem eydt von ihr gern statt und Landt
198 646 1511 869 gewiesen worden. Actum 31. octobris 1705
384 836 1110 1051 Maria Graff
435 986 915 1109 von Lotzweil
929 1050 962 1101 .
212 1051 1475 1233 so an die wirthin zu Melchnauw handt
209 1144 1480 1293 angelegt, und selbige nächtlicher weyl mit
211 1212 1464 1366 einer apt sehr übel Verwundt, ist wegen
202 1286 1462 1446 dieses begangenen Großen fräfels nach
210 1354 1455 1498 demme es alhier in dem Oberen spittahl an
199 1437 1440 1584 seiner hirnmühtigkeit curiert, durch den
196 1495 1402 1650 Scharpfrichter außgeschmeitzt, volglich
207 1572 1461 1711 in das schallenwerck übergeben und mit
222 1648 1457 1756 einem ring am hals umb sein läbenlang
197 1732 1452 1841 Zur Arbeit angestrengdt darinnen zu ver¬
190 1767 1393 1887 bleiben erkennt worden. Actum 11.
184 1840 687 1964 Decembr. 1705
455 1997 1063 2165 Stiren Locher
414 2109 982 2239 von Bumplitz
182 2178 1491 2342 So hievor mit dem Schmidenwihrt khommet
185 2309 1432 2401 einen ehebruch begangen, und widrumb
172 2343 1467 2475 schwangeren leibs wäre, darzu einen frömb
183 2425 1450 2541 den schloßer gsellen namens damen
165 2499 1477 2597 Conrad zum Vatter ihrer tragenden leibs
171 2557 1463 2687 frucht angeben. Ist laut ihr gen ordnung
159 2629 1437 2765 mit der frommen und Gygen ain halb die
153 2701 1406 2825 statt hinunder geführt, und eydtlich von
165 2763 1441 2888 statt und land bannisiert worden Actum
147 2835 692 2967 7. decembris 1705.
374 2978 1094 3127 Christina Stahli
463 3081 1001 3202 von Oberhaßl
125 3130 1443 3272 so über hievor angewendte Schallenwerck
129 3233 1451 3320 straaff sich nichts gebeßeret, sonderen immer¬
120 3305 1407 3399 im imm diebschen läbwesen vortgefahren
123 3350 1412 3487 Ist widrumb für sachs jahr lang in das
126 3438 1266 3551 Schallenwerck geschmidet worden
116 3513 1024 3645 Actum 26. martii 1706.
2850 173 2941 266 33
1814 316 2778 504 Jeremie mangenet
2136 474 2183 561 1
1995 465 2132 558 von
1635 497 2981 645 Ist wegen seines betriegerischen außreiß
1629 561 2968 699 tens für einen monat lang in das schallen.
1645 642 2987 761 werck übergeben worden. Actum 27. April
1640 740 1853 854 2706.
