3024 4032
378 356 1363 530 Bendicht Kramer und dem
448 495 1105 644 Weib von Verhigen
368 618 1377 786 Sind von wegen sie dem hern zu letzigen zu Vn¬
389 732 1408 886 derschidlichen mahlen im tenn Vnd auf dem Veld
370 819 1381 974 getreit entlandt, für zwoo stund lang aus
379 909 1363 1068 halßysen gestelt worden, also erkent den
412 1030 876 1142 23. novembr 1709.
513 1259 1029 1392 Christen Stack
529 1375 1092 1526 von Walkringen
352 1500 1384 1661 So zu Vatterlingen nit ruchten außgestrichen
349 1612 1398 1742 bezeichnet, vnd mit dem eyd von Statt Vnder Land
351 1696 1386 1834 verlesen worden. Ist, weilen er sich wider
373 1777 1390 1927 is land gelaßen, und also den Eÿd über¬
358 1868 1392 2006 sehen, widermahlen mit ruchten außgeschmeitzet,
375 1967 1369 2082 und betreület worden, wan er sich verners
375 2037 1348 2176 ins land laßen werde, ihme als dan alter
360 2125 1387 2252 Vnd neulbes werde zusamen gegeben werden.
375 2220 1446 2347 erkent den 23ten und exequient den 31. decemb.
1264 2295 1399 2395 1709.
529 2405 1133 2590 Hans Schwager
463 2563 624 2672 Von
314 2627 1414 2789 An deme man in seinem geltstag verlurstig Con¬
354 2721 1422 2844 den ist nach inhalt satz under ordnungen deß lands
352 2809 1445 2937 verlassen worden, also erkennt den 9. jan 1775.
328 2972 1400 3158 Hans Zueri Alt kilchmeyer von Stellen,
763 3114 825 3157 met
432 3119 1432 3260 Christen Maurer, auch von daselbsten ge¬
718 3216 909 3328 vertig.
295 3261 1422 3432 Sind wegen Veruebten verschidenen Verschlachnußen,
351 3343 1442 3506 und daß man in ihren geltstagen verlürstig worden.
361 3423 1434 3558 mit dem eyd von statt und land verlogen worden.
344 3504 1421 3626 in dem Vorstand, daß Sie vmb die begnadigung nit
342 3564 1438 3712 anhalten sollend, sie könnind dan gnugsamb bescheinigen
332 3633 1410 3761 daß alle Ihre Ansprecher Völlig Vernüegt vnd ge¬
326 3718 1195 3856 stillet seyen. Act den 1. febr 1710.
2677 280 2771 387 d
1795 374 2346 549 Gaque angs.
1881 484 1982 580 von
1645 565 2758 719 Ist wegen unerlaubten werbungen für sechs
1734 670 2733 772 monat lang in die Saltzwerk naher Koche
1729 751 2614 856 erkent worden. Acten 8. febr 1710.
1835 931 2539 1120 Daniel Guetsperger
1898 1064 2130 1175 von hier
1688 1115 2741 1288 Welcher in seinem geltstag zeung gleubigern nit
1732 1205 2719 1320 begegnen mögen, ist nach inhalt gsatzes in die
1731 1275 2768 1423 landsverweisung erkent worden, den 22. febr.
2646 1355 2773 1423 1700.
1724 1362 2537 1506 aber niemahl exequiert worden.
1815 1482 2376 1674 Michel Foster
1819 1619 2467 1772 sonst Ruti Michel genant.
1874 1733 1967 1811 Von
1657 1762 2811 1961 Ist, weilen er nit nur ohngeacht angelandter straffen
1689 1870 2818 2013 continuiert hat fleisch innert dem burgeren zihle zu
1709 1951 2836 2104 verkauffen, sondern sich auch erfrachet, garinnert
1688 2031 2831 2167 Das burgeren zihl sich zu setzen von deßentwegen
1701 2121 2836 2246 sambt seinen söhnen, so bey gnugsamen jahren eydtlich
1723 2200 2827 2330 in drey stund von der Statt alhier verweisen worden,
1728 2283 2759 2419 mit der betreüwung, wan die verners in der
1718 2358 2828 2503 übertrettung ergrißen wurden, sie darüberhin
1718 2438 2787 2591 Völlig von Statt vnd Land sollen verlassen
1706 2532 2821 2671 werden. Also erkent 22. februarii 1710.
1902 2710 2397 2876 Stin Schnyder
1924 2819 2314 2951 von kilchberg.
1721 2869 2761 3054 Welche sambt Ihrer Tochter hin und wider
1729 2998 2762 3162 Genß entwendt ist für ein halb stund lang
1752 3102 2792 3251 ins trunkheüßli gestelt und die tochter sein
1756 3176 2865 3355 Zuschauwen verfelt worden den 25. febr 1710
