3024 4032
66 163 175 249 26
181 182 1383 390 oberkeit diese ihre außaag, daß selbigen
242 302 1387 470 in allen ihren umbständen wahrhafft seye
218 393 1381 596 mit einem theileren eyd zu gott bestättig
203 470 1373 665 söllen, worauf sich alle drey einstimmig er
198 571 1365 752 klärt, daß sie mit gutem gewüßen darzu
186 683 1432 831 den eyd thun können, wie nun der Lana
189 788 1359 929 ranne diese ihre disposition gesehen
185 885 1417 1038 hat er diese 3. Gesellen sehr beweglich angeredt
194 952 1458 1130 und gefragt, ob dann keiner von ihnen auch der
188 1072 1338 1214 abgestorbene einichen wegen oder stächenn
179 1159 1365 1302 gewehr bey sich gehabt, dann es damahlen
170 1247 1387 1428 ihne gedunckt, er habe etwas zwitzeren
179 1360 1323 1484 gesehen, vnd seines Vermuchtens seye er
194 1445 1265 1609 mit einem degen in das bein ein wenig
186 1533 1251 1679 blessirt worden. Worauf sie ihme
148 1625 1370 1772 Lauaranne mit gantz versöhnlich vndt
174 1731 1392 1877 kanfftmütigen worten und gemüth verdeütet,
159 1816 1399 1963 daß gar keiner under ihnen einichen degen
165 1907 1398 2045 nach stehendes gewehr bey sich gehabt, solchem
162 2012 1422 2133 nach ist gedachten der gsellen, der eyder mit hochen
120 2105 1467 2245 worten vorgelesen und von ihnen mit aufgehobnen
163 2194 1419 2348 handen nachgesprochen und also ihre auslag
171 2299 747 2439 bestättiget worden.
938 2292 1407 2435 Nach geleistetem
746 2301 941 2421 6
174 2388 1421 2539 Eÿd hat der Lavaranne mit sehr weinenden
165 2486 1356 2623 gemüth diesere 3 tischmacher gsellen einen
168 2586 1419 2742 nach dem anderen umbhaltet und einen versühnlich
165 2680 1415 2824 abscheid genommen, mit begehren auch gott für
137 2765 1392 2927 Ihne zu bitten. Actum d. 28. Janus.
1178 2892 1408 3006 1706.
205 2909 1162 3116 der Herren Doctoren und
368 3048 988 3178 Kruegen bericht
157 3191 1358 3344 Hochgeachte etc. Gnädige herren
151 3327 1382 3514 Als auf E. gut. Befelch in beysein Herren
174 3456 1290 3595 groß weibel und herren grichtschreibers der
180 3528 1478 3716 Cadaver deß den 27. decemb letst verfloßenen
1237 3626 1440 3759 Jahrs
1541 1601 1601 1729 c
2800 132 2902 210 27
1608 194 2871 350 verwundeten, vnd gestrigen Tags von seinen
1608 276 2952 427 Wunden verstorbenen Tischmacher gesellen Johannes
1659 397 2506 547 Heblers von Honauw eröffnet.
1642 486 2930 667 habend wir gefunden, daß der wegen durch
1656 553 2927 762 das siebende Kuppi, wo selbiges in ein Carti¬
1651 671 2909 829 laginem oder Kransfelen abgehet, durch das
1630 757 2913 936 zwerchfahl hinunder durch die hole der leber
1640 856 2923 1040 durchgetrungen vnd endtlich zwüschen den letsten
1653 953 2927 1099 kurtzen Sippen gegen dem Ruckgrad widrumb
1644 1074 2900 1213 hinaußgegangen, durch welchen sich dann vnder
1609 1169 2934 1332 den Rippen und in der Leberen nit nur große aderen
1640 1278 2924 1400 sonderen auch die substantz der leber selbst veren
1647 1372 2900 1488 letzet, dahero alles in dem Leib vnder blut vnd
1641 1480 2461 1642 in die haulung gesetzt worden.
1634 1602 2888 1753 Worauf das Collegium insulanum einhälig
1639 1703 2901 1862 geschloßen, daß obbedeüter Johannes Hebler von
1622 1787 2900 1946 seinen empfangnen wunden absolute vnd noht-
1634 1893 2888 2025 wendig auch wider die aller kräfftigsten mittel
1640 1984 2897 2155 der kunst sterben müßen, und sich höchlich zu ver
1631 2104 2912 2239 rwunderen, daß derselbige henlebens, zihl noch so
1647 2202 2355 2337 weit hinauß setzen können.
1558 2301 2846 2468 Diß ist also kurtzlich der jenige bericht den
1657 2420 2497 2569 euwer gut ubergeben follen
1768 2530 2344 2688 hochgeachte E. gn.
2037 2716 2934 2853 Vnderthanig- gehorsambste diener
2071 2820 2895 2979 statt Chysici und Kirurgi
1986 2816 2041 2941 c
2078 2945 2653 3064 sigem König mir
2102 3024 2735 3147 Albrecht Benocet M.
2079 3124 2657 3271 d. Ritter M.
1578 3207 2036 3376 bey 17 Jan. 1700.
2067 3231 2585 3364 M. Knecht. Ma
2077 3369 2760 3484 D. Bridr. König Chpr.
2103 3457 2785 3602 Samuel Thorman Chyr.
2118 3559 2901 3714 Meodor Guerre Operator
