3024 4032
109 46 1455 354 30. An degen außgezogen vnd zuerst auf ihne
236 203 1450 449 noch lebenden gestoßen, da er nun einen stich
228 297 1488 531 bekommen vnd geschrauwen, habe der verstorbene
190 377 1451 611 Ihme verwundten seinen stock auß der Hand ge¬
212 505 1452 705 gnommen, vnd darmit auf den Cauaranne
206 562 1399 769 Zu vnd demselben in den wegen geloßen
191 676 1451 871 Welcher hierauf geflochen, demme sie aber mit
194 780 1087 939 einander die Statt ob nachgezagt.
178 869 1427 1066 Er herren Doctor habe hierauf gesagt, gezund sehen
176 956 1426 1153 er wohl, wie dieser ungemeine stoß angangen seye.
132 1054 1447 1240 Ihn beduncke aber sie hetten sich deß guten bescheide
158 1145 1409 1340 welchen ihnen der im Wyßen rock gegeben, ver-
151 1239 1431 1465 nügen sollen, so wäre dieses vnglück vermitten
163 1339 355 1462 blieben
144 1423 1468 1601 Worauf dieser kere replicirt, der Hagenauwer
166 1524 1432 1738 habe einen hitzigen kopf und sich nit so bald wollen
121 1630 565 1757 Zufriden geben.
119 1709 1331 1903 Weiters sagte Herr Doctor daß wissio so
140 1796 1397 1990 reponirt, habe er under anderem auch gesagt
126 1914 1428 2057 wie erberichtet seye, so verstehe der Cauarane
116 2010 601 2121 dendigen wohl.
98 2091 1387 2215 Darauf dieser keren gesagt, der abgestorbene
123 2196 1033 2342 habe den degen, auch wohl verstanden
1360 2332 1390 2402 e
77 2308 1416 2519 Hr Gerungus Thormann sagte kürzlich
712 2457 744 2521 e
769 2479 804 2529 d
598 2449 697 2532 t
134 2477 1396 2625 wie sie also mit einanderen discurriert, daß ein
78 2582 1358 2723 Vngemeiner gewalt geforderet werde, einen
86 2646 1382 2818 solchen stoß Zuthun, Insonderheit von einem so
111 2777 1422 2896 jungen kerl, wie man vorgebe, daß der cana
96 2891 1297 3012 ranne sey, er auch ein exempel erzehlt,
93 2962 1319 3107 daß solches von einem viel sterckeren mann nit
99 3071 1280 3196 habe können verbracht werden. Habe dieser
84 3147 1424 3277 gegenwertige kerl gesagt, daß als der abgestorbene
64 3269 1355 3404 damahlen dem hogenauwer den mantel gegeben,
82 3364 1288 3525 und ihme blessirten seinen stecken genommen,
59 3437 1376 3601 seye er gegen dem Lauaranne zu vnd
66 3575 821 3704 ihme in degen geloffen.
1489 3532 1588 3618 under
2855 119 2948 190 31
1618 177 2980 368 Als nun dieser Matthys Pabst solche von herren doct
1640 287 2955 453 vnd Herr Thormann ihme vorgehaltene Red ange¬
1644 378 2923 575 h�rt antwortete er, daß als sie beide herren
1632 488 2899 688 gesagt, es seye nit wohl möglich, daß ein so
1648 594 2923 777 junger keren einen solchen stoß thun könne, es
1640 690 2984 913 muße volgen, daß der abgeleibte dem Cauaran
1642 790 2942 965 nl in degen geloffen seye. Habe er ihnen
1636 883 2965 1097 darauf zur antwort geben, villeicht er wüßen
1645 1014 2904 1181 es nicht, er habe nit gesehen, daß er ihm in
1635 1129 2911 1284 degen geloffen. Im übrigen weilen er seine
1627 1238 2915 1394 Außaag schon hievor min ihren dem richter gegen
1633 1323 2823 1487 ggeben und mann ihme befohlen, daß er das
1622 1415 2946 1600 was er außgesagt bey ihm behalten solle, so habe
1629 1550 2948 1702 er Ihnen diesen bescheid geben. Er rede aber noch¬
1630 1675 2880 1787 mahlen, daß wie er verwundt worden, vnd
1629 1757 2939 1870 hier auf der verstorbene Ihme seinen Stock genommen
1630 1862 2913 2006 habe Ihm der Lavaranne den sich geben,
1584 2001 2912 2152 Dieses ist also das jenige, was auf er gn
1630 2105 2843 2226 befelch mit diesem keren verrichtet worden.
1614 2182 2322 2343 Actum 12. febr 1706.
1545 2316 2829 2497 Nach demme meine gnädig herren und oberen
1602 2435 2912 2583 raht und Burgeren den 20. tag februarii 1706. pro et contra
1626 2525 2808 2687 vber die Action und begangenheit des jararane
1592 2614 2743 2772 wegen des entleibten Johannes Heblers von
1885 2690 1961 2766 e
1641 2713 2826 2844 Hanauw hoch wase gedancken wolten lassen
1599 2786 2832 2922 hat es sich by Collegierung der stimmen befunden,
1942 2860 2699 2964 ob er casterane den todt verwürckt
1565 2876 2422 3021 viertzig stimmen zum leben
1616 2956 2873 3121 hingegen einhundert und siben stimmen zum todt.
1600 3042 2907 3176 also daß er gleichen tags oben auss mit dem schwärdt
1602 3115 2883 3269 nach loblicher statt Bern Freyheiten vom leben
1617 3193 2826 3330 zum tod hingerichtet worden und der leib auff
1643 3259 2814 3428 sehr bittliches anhalten seinen elteren geschenckt
1613 3344 2880 3485 also das er alsobald nach der hinrichtung in ein todten
1610 3420 2884 3549 baum gelegt und nach meiner gnädig herren und oberen
1600 3500 2908 3670 f. und Burgere intention nechst by dem siechen kilchoff
1592 3538 1707 3609 aufs
1589 3539 2119 3700 vbergrabt worden.
