3024 4032
169 229 254 342 16
375 351 1480 554 Niemand gesehen weniger gelasen habe.
409 490 1474 628 Gätte aber gott und eine gnädige oberkeit
387 591 864 727 Vmb Verzeichung.
397 798 1428 936 Nachdeme obige Vergicht Megklen den
386 899 1430 1024 rahten vorgetragen worden. Habend sel
406 974 1439 1091 bige darüberhin erkent, daß sie zlaar ver
376 1051 1432 1160 sach gnug gehabt hetten den lybt mit schwärer
394 1124 1405 1241 straff zubelegen, In Bedenken aber deß
397 1216 1435 1314 vemüetigen nachwerbens seiner weib und kinden
397 1296 1448 1431 er nit gnaden angesehen und hiemit von Megher
364 1368 1388 1503 Statt vnd Landen Eydlich verweisen werden,
394 1462 1403 1580 Vor Verfließung aber eines Jahrs nit vmb
358 1531 1431 1667 Die landtsofnung, auch anderst nit dan mit
392 1627 1366 1749 Vorlesung glaubwurdiger altestationen
360 1730 1409 1834 seines Wohl verhaltens sich angeben solle.
379 1795 1160 1917 Actum da septembris 1708.
515 1961 1103 2128 Jagues Basset.
580 2076 1066 2188 von Montpellier.
283 2140 1404 2273 Ist, von Wegen er einem Bauleren seinen Naßenlum
310 2232 1396 2341 gen mit gelt auß dem hat gezogen, darob aber
339 2291 1368 2400 erdappet worden, außgeschmeitzt und volglich
322 2358 1404 2463 sambt bey sich gehabter Trouppen, so Ihme nachge¬
323 2437 1405 2542 führt worden mit der commination auß dem land
322 2510 1416 2591 gelassen worden, daß auf wider betrettenden fahl
321 2582 1330 2683 sie mit empfindlicher strafft werden beleget,
327 2636 1141 2734 werden. Den 26. aprilis 1708.
474 2759 1153 2919 JJaal Geißbüchler
524 2882 644 2970 Von
296 2929 1405 3062 So auf allerhand Vngezimmende weg gesucht, sich
355 3017 1413 3132 von seiner Ehefrl. Elsbeht Geißbueler zu son¬
339 3078 1389 3195 deren und ohngeacht offtmahls angewendter guet
342 3153 1357 3260 und ernstlichen vermahnungen, dennoch in solche
320 3225 1396 3330 schlimmen läben verharret, Ist von deßentloe¬
339 3288 1388 3413 gen für drü jahr lang von statt und land
318 3365 1428 3496 eydlich verlassen worden. Acten 2. junii 1702.
339 3445 817 3566 Vnd exeq. den 4. do
2702 317 2794 403 6
1900 311 2584 456 Anna Haldiman
1957 424 2483 542 auß der Eggiloyll
1707 501 2776 631 Ist wegen begangenen zweyten Ehebruchs nach
1737 584 2807 717 inhalt gesatzes eydlich von statt und land ver-
1726 660 2819 794 wisen worden. Erkent den 2. und exeq. den
1718 749 2221 859 Item junii 1708.
1923 884 2523 1018 Christen hender
1944 990 2368 1098 von Schwanden.
1724 1089 2833 1240 Ist, als einer der in seinem geltstag nit zahlen
1753 1179 2818 1304 mögen von Statt und land verwisen worden.
1767 1244 2415 1352 erkent den 16. junii 1708.
1702 1328 2809 1432 NB. Hat aber an ihme nit exequiert werden mögen,
1795 1390 2809 1483 Weil er sich sambt weib und kind zuvor auß
1790 1456 2251 1563 dem staub gemacht.
1841 1587 2356 1743 Peter Gerber
1851 1693 2546 1821 auff dem loht, der Kircheri
2005 1772 2383 1867 Schlaarzenegg.
1701 1809 2782 1972 Welcher Megklen Erkantnuß, so sola will
1698 1917 2761 2045 daß er mit Barbara Haltman kirchenrecht
1694 1985 2807 2113 halten solle, sich nit vnderwerffen wollen, Ist
1692 2066 2844 2173 von deßentwegen und in so lang, biß er mahle
1719 2141 2741 2221 Erkantnuß ein genuegen Leisten wirdt von
1716 2206 2808 2317 Statt vnd land eydlich verwisen worden
1723 2277 2848 2408 Erkent den 23. vnd exeq. den 25. Juny 1708
1903 2455 2785 2637 Flan Guillaume Prepers
1991 2603 2095 2691 Von
1698 2646 2797 2790 Ist in das Schallenwerk nach inhalt erkant
1723 2727 2832 2848 nus vom 20. aprilis letsthin, Vnd seine muter
1686 2829 2811 2912 Jeane Marie papas in die Spinstuben der
1693 2865 2818 2997 heimahtlosen übergeben worden den 27. junii.
2646 2969 2798 3052 1708.
1838 3012 2698 3170 Verena Ast, und Anna Farn
1961 3127 2363 3238 von Frütigen.
1627 3196 2827 3340 Sind als leufferische persohnen, deß Landt Verlei¬
1678 3307 2749 3417 sen worden, so daß obgleich sie den eyd nit
1690 3381 2814 3500 practiert, sie dennoch gehalten werden sollend, als
1678 3450 2828 3577 Wan sie den eydt würklich prostiert hetten,
1691 3522 2410 3651 Ait. 29. Juny 1708.
