3024 4032
186 212 281 337 73
400 310 1473 503 auch vorgegeben, daß in seinem heimahl Ihme
402 433 1453 584 ein erb zugefallen, Vnd weilen er nit der weil
346 538 1468 693 habe sich dorthin zu verfüegen, so wolle er den
353 616 1454 781 Jacob Fügli schiken. Seye ihme leyd, daß
373 749 1466 894 Er sich durch den haß libacher so liechter dingen
384 838 1484 1007 einführen laßen, habe aber hierinnen gar keinen
355 943 1445 1088 bosen Vorsatz nit gehabt, vnd batte Eine Gna
355 1037 1184 1182 dige Oberkeit vmb Verzeihung
269 1201 1399 1398 Als Insers Examen vnd Vergehe
367 1357 1381 1516 Meghern den rähten vorgetragen und
367 1468 1318 1608 abgelasen worden, habend selbige
358 1548 1364 1683 Disen Haßlibacher wegen so villfaltig
358 1659 1385 1791 Veruebten betriegereyen zum auß schmeitzen
338 1724 1382 1868 Zeichnen vnd Elsiger vannisation von dero
374 1840 1431 2000 stelt und landen erkent. Acten 26. febru
338 1936 720 2074 ay 1709.
445 2249 1397 2448 Aspar hier, von Erisloyk
779 2378 881 2467 und
397 2426 1038 2564 Hans Bromman, von
321 2540 1328 2673 Sind als heüßere bannisiert und
336 2639 1390 2772 volglich in vnßere Kriegsdunst vberge¬
334 2734 1358 2883 ben worden, mit der betreüwen
322 2831 1386 2947 daß, wan sie das land wider be
356 2927 1377 3050 tretten werden, sie die straff deß
331 3027 1425 3158 Meyn eydts, obgleich sie den baumdations
330 3118 1338 3282 eydt würtlichen nit prostieren wollen
337 3224 1277 3363 zuerwarten haben werden.
330 3317 1217 3468 Acten 2. februarii 1709.
2703 223 2827 336 14
1941 422 2626 568 Leßbert Schnyder
1973 548 2611 704 von Waltringen.
1712 671 2820 838 Welche sich zum Zweyben mahl
1761 774 2778 905 mit gredicht stäk im ehebruch
1744 875 2797 1014 Vertrabt, ist für die Jahr
1731 962 2868 1164 lang nach inhalt satzung banniviert
1718 1069 2845 1247 worden. Alten 4. martii 1709.
1847 1472 2607 1690 Joseph Constant
1661 1708 2811 1901 Em Koch und proselit von panis
1682 1810 2852 1969 welcher nicht allein seine Ehefr Marie
1684 1899 2804 2076 chateney unwahrhafft bezüchtiget, als
1691 2011 2858 2135 Wan sie mit anderen zugehalten, sondern
1698 2107 2845 2252 ohngeacht angelobter beßerung selbige
1695 2195 2778 2338 in einem gemach mit schlegen grausam
1687 2299 2784 2424 tractiert etc. Habend ihr gel mit
1686 2394 2844 2546 dem Eydt zur hundert vnd Ein Jahre
1688 2496 2826 2632 lang bannisieren, vnd mit den Profo¬
1690 2587 2734 2739 den auf die grentzen führen laßen.
1679 2685 2545 2850 Acten 9. martii 1709.
1795 2927 2638 3139 Peter Portner und
1789 3093 2679 3237 Maria Fißler, zusambt
1819 3204 2686 3334 Ihrem Vechlichen bub Haus
1679 3317 2836 3436 Sindt, als schlimme vmbherschlonstende
1682 3407 2768 3548 Leicht durch die Profosen auf die
