3024 4032
108 198 238 344 78
281 239 1432 490 dem Johannes Rohr ihrem knecht sontag
268 349 1418 553 Abends bey außweidung eines  s h kalben
285 437 1444 650 in der schaal gezundtet, wie er nun in die
255 557 1448 741 iher arbeit begriffen, seye der erste Abra
240 657 1400 852 osam kung hinzu kommen und einen sch
245 743 1427 948 schniderlig zwürden sie hinein geschlungen.
256 850 1424 1028 sigen, darvon etwas dem knecht an sachen
266 980 1414 1135 und ihme Mäydtli auf die hand kommen der
219 1070 1426 1242 Uster Rang aber habe sich hinder ihnen ver
249 1179 1405 1334 bergen wollen, wie es nun das liecht
255 1280 1419 1446 umbgewendt zuschauwen wer solches ge
228 1382 1413 1534 than, seye er hervor kommen, da habe der
237 1472 1402 1645 mohr ihr knecht zu ihme gesagt, ward er
254 1601 1391 1747 an seine spaar zuschneutzen habe, er
246 1683 1398 1856 solle ihm eine spaar sch ungeschun
226 1762 1395 1922 derliget laßen, wann er wolle ein mein
227 1881 1404 2046 ister seyn, so solle er witziger thun, darauf
236 1964 1374 2142 Er köng gesagt, die schlimmer gesell es ist
230 2086 1379 2223 ammen, dann nun eine weil mit ein
246 2185 1376 2337 anderen hierüber gezancket und darauf
232 2268 1341 2445 etwas nachgelaßen, habe der König sich
242 2364 1349 2542 auf ihren junck gesetzt, der Rohr aber
236 2478 1361 2633 mit der arbeit fortgefahren, da habe
233 2559 1381 2738 der köng wider angefangen mit worten
242 2663 1357 2823 auf den kohr zu stühlen (allein mit
234 2758 1367 2910 was worten habe es eigentlich nit veren
222 2844 1378 3027 standen, demme der proche, welcher zimblichen
203 2935 1345 3111 starck truncken gen widerumb bescheide
207 3037 1387 3210 geben, biß endlichen der lang einsmahl hin
199 3127 1366 3309 zukommen und den wahr, so das meßer
212 3229 1379 3391 in der hand gehabt hinderwarts angrifen
181 3313 1390 3492 ffen und zu boden gezogen, der Ring aber
188 3423 1369 3613 alsobald angefangen zu schreyen ein
1035 3621 1250 3710 mein
1481 1795 1557 1868 .
1534 1189 1577 1256 1
1550 1235 1605 1302 1
2715 152 2858 290 73.
1654 241 2830 458 mein bauch und darmit grad zur schaal
1657 387 2047 541 außgeloffen.
1549 588 2900 829 Rudolph Koch, von dießenhoffen M. Wil¬
1628 725 2888 902 helm Benedicts knecht zeügete, daß er
1611 804 2863 991 sonntag abends nechst an dem banck allwo
1639 920 2849 1082 ach das unglück zugetragen, seinem est
1620 1001 2861 1161 dem benedict einiche 2 kalber habe
1636 1104 2870 1273 außweyden helfften dergleichen arbeit auch
1621 1188 2863 1350 der Rohr aller nechst bey ihnen verrichtet,
1627 1290 2855 1460 da seye der ster Abraham Köngen dahar
1627 1391 2864 1539 kommen und mit dem Rohr wegen eines er h
1594 1491 2860 1654 schunderligs angefangen zu brantzen nach
1611 1572 2834 1743 warts sich auf deß rohren banck gesetzt
1625 1671 2836 1826 Da habe er noch zu erst gehört, daß der
1591 1777 2860 1926 Rohr zum können gesagt, er solle ihn ob seiner
1611 1866 2852 2026 arbeit mit frieden laßen wald, darnach habe
1611 1967 2876 2114 er gesechen, daß der kang den kohr hinder
1608 2064 2856 2225 warts angegriffen und zu boden gezogen,
1611 2165 2829 2303 der kohr ders der länge nach neben dem
1618 2254 2847 2419 banck zuligen kommen und der Kongen bey
1623 2349 2873 2501 ihmme gehauwret und nit gar auf ihm geben
1612 2454 2854 2609 flegen, da habe der lang sich gählingen auf
1605 2542 2846 2695 gerichtet und geschrauwen.  Descumen
1623 2631 1685 2678 e
1641 2634 2859 2779 gauch und darmit zur Schaal ausgeloffen
1616 2715 2772 2886 Er noch habe weder den seich noch einichen
1607 2814 2845 2978 streich nicht sechen thun, dieses alles gegen in
1610 2915 2820 3080 einem Rugenblick zugangen, weiters
1601 2999 2385 3158 seye ihm nicht in wüßen.
1582 3233 2831 3439 Abraham Walther diser Hanß Rudolp
1572 3378 2263 3528 Waltherds sohn sagte
2275 3402 2843 3543 daß alß er verschinnen
1583 3480 2769 3637 Sontag abends bey deß beste Abraham
2356 3626 2715 3736 Dertis
