3024 4032
196 1452 242 1536 d
178 200 285 280 112
252 285 1484 467 D. Seite ellteren seÿend nicht mehr im
279 425 1478 551 leben, es möge sich an seinen Vatter nicht
274 479 1489 603 mehr besinnen, aber wohl an die Mutter
275 530 1463 662 welche vor etwann 16 oder des jahren ge
265 587 1463 726 storben, selbige habe nach des Vatters ab
267 646 1385 803 sterben einen anderen mann genommen
257 735 1471 876 namens Christen frauw wohne noch zu
251 789 1477 940 krättigen, welcher ihnen ihres sächlin ver
262 852 1456 1002 than und waß sie mit werchen gewonnen
254 921 1374 1060 habe er Ihnen genommen, Es seye aber
1386 1004 1421 1051 .
979 1012 1011 1060 l
255 998 1488 1142 mehr nit als ein jahr bey dem stieffvatter
248 1047 532 1157 gebliben.
221 1131 1434 1276 E. Vons sich nachdemme es von seiner
255 1232 1414 1368 Muter und Stieff Vatter hinweg kommen
249 1292 1441 1412 außgehalten, ob es gedienet, oder wor
252 1363 878 1482 mit es sich erhalten.
243 1428 1401 1599 2, als es von dem stieffvatter hinweg
220 1522 1398 1651 kommen, habe es zu erst bym schreiber
233 1592 1422 1722 Lugibühl etwann ein halb Jahr, hernach
243 1662 1381 1791 bym Christen kummer auch ohngefehrt
235 1728 1371 1857 ein halb jahr gedienet nachwehrts habe.
240 1797 1398 1925 es angefangen obs und hauw Gwerben.
197 1851 1419 2012 2., ob es sonsten keinen Meister mehr ge¬
221 1953 1442 2106 habt und bey niemands mehr gedienet.
189 2032 1404 2199 Es Es wüße sich nicht mehr zu versumen
234 2138 1330 2279 daß es noch weiters gedienet haben
197 2253 1410 2401 . Wie alt es gsin seye, als es angefangen
228 2335 1392 2455 mit obs und hauw ze gewahrten, und
219 2399 1257 2522 wie lang es diesen gwärb getriben
1255 2420 1316 2524 1
182 2468 1422 2633 R: Es seye zwüschen 17. und 20 jahren
212 2569 1367 2694 alt gsin und habe bey zweyen jahren
210 2651 462 2739 gwarbet
125 2718 1383 2871 2. wo und bey wein es sich ich weilen
213 2806 814 2929 alhier zugezogen.
184 2872 1406 3031 d grunden an der Matten bey einem
197 2966 1191 3081 Decken namens Bärenfuß
131 3089 188 3159 e
183 3054 1430 3189 2. Ob es nit schon vor diesem ein unehr
197 3133 1428 3250 liches kindt gehabt. Wer deßelben kindts
172 3196 1452 3307 Vatter, und wie lang es seye, daß es selbig
189 3277 1352 3395 geb gebohren, und wo es wegen dieses
201 3337 996 3439 seines fählers abgebüßt
190 3412 1404 3575 Er: Es habe vor ohngefehrt 8 oder 9 Jahren
1135 3574 1243 3664 ein
2745 297 2855 377 123
1630 349 2858 477 ein mehrliches kindt gebohren, welches 5 jahr
1618 423 2860 530 lang es selbst erhalten, der Vatter deßelben
1617 500 2839 598 seye des Ammann Wäbers sohn zu kilchdorff
1620 547 2837 657 umb diesen fähler habe es alhier zu Bern
1611 610 1922 721 abgebüßt
1578 688 2871 852 e. Ob es nit ohnlängsten widrumb schwan
1614 790 1854 900 ger gsin
1592 845 2502 1005 R: Ja es seye schwanger gsin.
1558 948 2853 1128 E. wo es darnider kommen und das kindtge
1856 1067 1907 1122 5
1637 1066 1856 1171 bohren
1588 1101 2807 1256 R: Vor der Statt bey einem Scheünelin
1544 1227 2879 1380 2 von Wein, zu welcher zeit und an welchem
1590 1317 2635 1438 ohrt es seye geschwängeret worden.
1571 1410 2865 1552 R. Der jenige so ihns geschwängeret, heiße
1604 1511 2857 1629 Christen, seye im simmenthal daheimen und
1587 1576 2874 1697 seye solches umb das Letst vergangene Neu
1594 1644 2856 1743 jahr hieharwehrts Muri in einer scheineren
1590 1732 2873 1838 geschechen, er habe ihm aber alhier im zwiben
1587 1791 2841 1905 ten Gaßlin in einem Keller die Ehe ver¬
1600 1862 2849 1971 gesprochen und gesagt, er habe geldt und wolle
1607 1928 2833 2037 etwann eine wihrtschafft empfachen, wann
1591 1995 2797 2104 es aber mit ihm wolte, so wölle ers mit
1581 2061 2888 2184 ihm hinweg nemmen, es nun seye vorhabend
1577 2128 2850 2266 Isin sich mit ihme zu verehelichen und also
1584 2207 2720 2324 seinen stand dardurch zu verbeßeren
1523 2302 2870 2446 E. Wie Er mit dem zunamen heiße, wo Er
1526 2382 2874 2519 sich damahlen auffgehalten und wie er gekleidt
1586 2461 1741 2576 seye
1749 2484 1797 2553 .
1542 2540 2796 2694 f seinen zu nammen habe es vergeßen
1595 2643 2865 2755 Er habe sich damahlen zu Schiffleüthen auff
1590 2709 2807 2823 gehalten und under Ihr Hauptmann von
1577 2782 2835 2903 Erlach Kriegsdienste genomen, habe eine
1584 2850 2813 2962 blauwe vester blauwe hosen und blauwe
1579 2919 2882 3050 strümpf und einen schwartz leinigen rock
1582 3001 2160 3124 darüber getragen.
1531 3090 2875 3235 e. Ob es nit vorhabens gsin seine schwanger
1578 3183 2844 3298 schafft zu verschweigen und biß auffs letst
1588 3253 2222 3377 außen zu verbergen
1514 3345 2883 3479 R Nein, seine Schwangerschafft habe ja nicht
1584 3423 2847 3559 können verborgen seyn, es seye sinns gsin
1577 3524 2860 3594 daß wann die zeit der geißt werde vor
1559 3580 2828 3681 handen seyn, sich auß der statt zu begeben
2697 3654 2846 3753 und etc.
