<?xml version="1.0" encoding="UTF-8" standalone="yes"?>
<PcGts xmlns="http://schema.primaresearch.org/PAGE/gts/pagecontent/2013-07-15" xmlns:xsi="http://www.w3.org/2001/XMLSchema-instance" xsi:schemaLocation="http://schema.primaresearch.org/PAGE/gts/pagecontent/2013-07-15 http://schema.primaresearch.org/PAGE/gts/pagecontent/2013-07-15/pagecontent.xsd">
    <Metadata>
        <Creator>prov=University of Rostock/Institute of Mathematics/CITlab|PLANET AI GmbH/Gundram Leifert/gundram.leifert@planet-ai.de:name=German_Kurrent_XVI-XVIII_M1(htr_id=19584)::::v=2.6.7
prov=University of Rostock/Institute of Mathematics/CITlab|PLANET AI GmbH/Tobias Gruening/tobias.gruening@planet-ai.de:name=de.uros.citlab.module.baseline2polygon.B2PSeamMultiOriented:v=2.6.7
prov=University of Rostock/Institute of Mathematics/CITlab|PLANET AI GmbH/Tobias Gruening/tobias.gruening@planet-ai.de:name=/net_tf/LA73_249_0mod360.pb:de.uros.citlab.segmentation.CITlab_LA_ML:v=2.6.6
Transkribus</Creator>
        <Created>2020-11-29T22:51:12.908+01:00</Created>
        <LastChange>2022-09-09T14:40:08.341+02:00</LastChange>
        <TranskribusMetadata docId="1334841" pageId="52362045" pageNr="73" tsid="114643838" status="IN_PROGRESS" userId="9570" imgUrl="https://files.transkribus.eu/Get?id=BXESXLNKMXQFABSUBXREPJZN&amp;fileType=view" xmlUrl="https://files.transkribus.eu/Get?id=ZRJJJEZFNRVLLRDEHVTNKCJV" imageId="17821829"/>
    </Metadata>
    <Page imageFilename="IMG_4945.jpg" imageWidth="3024" imageHeight="4032">
        <ReadingOrder>
            <OrderedGroup id="ro_1687513678146" caption="Regions reading order">
                <RegionRefIndexed index="0" regionRef="r1"/>
                <RegionRefIndexed index="1" regionRef="r2"/>
            </OrderedGroup>
        </ReadingOrder>
        <TextRegion orientation="0.0" id="r1" custom="readingOrder {index:0;}">
            <Coords points="293,412 293,3423 1464,3423 1464,412"/>
            <TextLine id="r1l1" custom="readingOrder {index:0;}">
                <Coords points="367,534 618,451 737,512 910,483 983,512 1104,461 1471,519 1472,433 1320,421 1217,352 704,353 479,438 368,395"/>
                <Baseline points="375,479 429,473 483,467 538,463 592,459 647,456 701,454 756,452 810,450 865,450 919,450 973,450 1028,452 1082,454 1137,458 1191,460 1246,465 1300,471 1355,478 1409,485 1464,494"/>
                <TextEquiv>
                    <Unicode>Die grundliche wahrheit zu bekennen, vnd als</Unicode>
                </TextEquiv>
            </TextLine>
            <TextLine id="r1l2" custom="readingOrder {index:1;}">
                <Coords points="437,573 662,562 754,598 1001,586 1132,618 1205,561 1381,578 1382,516 1235,536 1159,489 1085,512 1020,488 671,537 600,491 437,523"/>
                <Baseline points="444,563 490,563 537,561 583,561 630,561 676,560 723,560 769,560 816,560 862,560 909,560 955,560 1002,560 1048,561 1095,561 1141,563 1188,564 1234,565 1281,567 1327,568 1374,570"/>
                <TextEquiv>
                    <Unicode>ohne verners verhälen zu sagen, ob sein</Unicode>
                </TextEquiv>
            </TextLine>
            <TextLine id="r1l3" custom="readingOrder {index:2;}">
                <Coords points="437,670 573,698 966,664 1049,715 1191,663 1273,716 1363,667 1445,674 1290,571 1239,603 1186,576 1132,618 996,585 436,602"/>
                <Baseline points="444,659 493,660 543,662 592,662 642,662 692,662 741,660 791,659 841,659 890,657 940,656 990,655 1039,654 1089,654 1139,654 1188,654 1238,656 1288,657 1337,660 1387,663 1437,668"/>
                <TextEquiv>
                    <Unicode>Vatter sich mit Ihme nit auch fleischlichen</Unicode>
                </TextEquiv>
            </TextLine>
            <TextLine id="r1l4" custom="readingOrder {index:3;}">
                <Coords points="419,773 538,761 688,812 753,754 837,773 877,749 876,673 843,697 713,675 622,716 552,698 529,675 484,702 418,693"/>
                <Baseline points="426,753 452,755 478,755 504,755 530,756 556,756 582,756 608,756 634,755 660,755 686,755 712,754 738,753 764,753 790,752 816,750 842,750 869,749"/>
                <TextEquiv>
                    <Unicode>Vermischt habe.</Unicode>
                </TextEquiv>
            </TextLine>
            <TextLine id="r1l5" custom="readingOrder {index:4;}">
                <Coords points="373,960 639,902 848,909 904,956 1061,907 1127,941 1320,908 1450,948 1451,846 1264,792 1137,802 1045,865 829,807 747,838 671,806 539,840 373,818"/>
                <Baseline points="380,900 433,902 486,903 539,905 592,905 645,905 698,903 752,903 805,902 858,902 911,900 964,900 1017,899 1070,899 1124,900 1177,901 1230,903 1283,905 1336,908 1389,913 1443,918"/>
                <TextEquiv>
                    <Unicode>N. Hat es darüber gantz kach geantwor</Unicode>
                </TextEquiv>
            </TextLine>
            <TextLine id="r1l6" custom="readingOrder {index:5;}">
                <Coords points="442,1028 796,1004 907,1043 1008,1007 1067,1038 1117,1002 1251,1046 1429,1037 1430,951 1308,910 1122,965 1036,926 977,979 846,919 684,982 599,930 443,945"/>
                <Baseline points="450,1002 498,1001 547,1001 595,999 644,999 693,999 741,998 790,998 838,998 887,999 936,999 984,999 1033,1001 1081,1001 1130,1002 1179,1003 1227,1004 1276,1005 1324,1007 1373,1008 1422,1011"/>
                <TextEquiv>
                    <Unicode>Ist, Nem, es wüße in seinem hertzen wohl</Unicode>
                </TextEquiv>
            </TextLine>
            <TextLine id="r1l7" custom="readingOrder {index:6;}">
                <Coords points="417,1095 904,1136 1031,1099 1434,1119 1434,1042 1354,1023 1156,1054 958,1027 859,1061 788,1029 417,1043"/>
                <Baseline points="425,1092 475,1092 525,1091 575,1091 625,1091 675,1090 725,1089 775,1089 825,1089 875,1089 926,1089 976,1089 1026,1089 1076,1089 1126,1089 1176,1089 1226,1089 1276,1089 1326,1088 1376,1088 1427,1088"/>
                <TextEquiv>
                    <Unicode>daß das nicht geschehen seye, sein vatter</Unicode>
                </TextEquiv>
            </TextLine>
            <TextLine id="r1l8" custom="readingOrder {index:7;}">
                <Coords points="388,1218 709,1223 808,1182 1089,1215 1136,1189 1217,1228 1352,1174 1447,1199 1447,1124 1358,1146 1170,1109 1033,1150 754,1118 706,1148 499,1111 387,1152"/>
                <Baseline points="395,1178 447,1178 499,1178 551,1178 603,1178 656,1178 708,1178 760,1179 812,1179 864,1179 917,1179 969,1179 1021,1179 1073,1179 1125,1178 1178,1178 1230,1178 1282,1176 1334,1176 1386,1175 1439,1173"/>
                <TextEquiv>
                    <Unicode>habe ihme auch niemahls solches zugemuchtet,</Unicode>
                </TextEquiv>
            </TextLine>
            <TextLine id="r1l9" custom="readingOrder {index:8;}">
                <Coords points="370,1374 440,1335 664,1360 881,1321 1174,1360 1240,1323 1377,1335 1376,1255 1230,1299 1101,1225 966,1264 741,1223 652,1271 597,1234 369,1289"/>
                <Baseline points="377,1334 426,1331 476,1329 525,1328 575,1327 625,1325 674,1325 724,1323 774,1323 823,1322 873,1322 923,1320 972,1320 1022,1320 1072,1320 1121,1320 1171,1320 1221,1320 1270,1321 1320,1322 1370,1322"/>
                <TextEquiv>
                    <Unicode>Inst. Auf Sterners befragen, ob es</Unicode>
                </TextEquiv>
            </TextLine>
            <TextLine id="r1l10" custom="readingOrder {index:9;}">
                <Coords points="409,1435 721,1449 775,1484 1065,1429 1267,1466 1320,1430 1421,1435 1421,1373 1138,1349 972,1402 911,1353 774,1351 664,1395 530,1345 409,1382"/>
                <Baseline points="417,1424 466,1424 516,1425 566,1425 616,1425 666,1425 715,1425 765,1425 815,1427 865,1427 915,1427 964,1427 1014,1427 1064,1427 1114,1427 1164,1427 1213,1427 1263,1427 1313,1427 1363,1427 1413,1427"/>
                <TextEquiv>
                    <Unicode>nit etwan geschlecht gesehrt und geschändt,</Unicode>
                </TextEquiv>
            </TextLine>
            <TextLine id="r1l11" custom="readingOrder {index:10;}">
                <Coords points="401,1529 459,1513 557,1555 600,1535 662,1545 711,1510 781,1504 780,1480 719,1448 674,1474 656,1462 620,1482 580,1448 541,1460 505,1442 399,1458"/>
                <Baseline points="408,1509 434,1508 460,1508 486,1507 512,1506 538,1505 564,1505 590,1503 616,1503 642,1503 668,1502 694,1502 720,1502 746,1502 773,1502"/>
                <TextEquiv>
                    <Unicode>worden seye.</Unicode>
                </TextEquiv>
            </TextLine>
            <TextLine id="r1l12" custom="readingOrder {index:11;}">
                <Coords points="340,1692 469,1629 675,1673 789,1629 941,1697 1016,1637 1099,1675 1140,1641 1425,1649 1425,1566 1302,1599 1213,1551 1122,1592 837,1546 719,1606 603,1535 341,1573"/>
                <Baseline points="348,1646 401,1641 455,1637 508,1634 562,1632 615,1631 669,1629 722,1629 776,1629 829,1629 883,1629 936,1631 990,1632 1043,1632 1097,1634 1150,1635 1204,1636 1257,1637 1311,1638 1364,1638 1418,1638"/>
                <TextEquiv>
                    <Unicode>f. Hat es geantwortet, sein, wan es wäre</Unicode>
                </TextEquiv>
            </TextLine>
            <TextLine id="r1l13" custom="readingOrder {index:12;}">
                <Coords points="388,1774 463,1732 659,1774 855,1765 911,1727 1229,1734 1295,1768 1439,1741 1439,1676 1371,1662 940,1697 845,1654 671,1688 590,1647 389,1691"/>
                <Baseline points="396,1728 447,1727 499,1725 551,1725 603,1725 654,1724 706,1725 758,1725 810,1725 861,1725 913,1727 965,1727 1017,1727 1068,1728 1120,1728 1172,1730 1224,1730 1275,1730 1327,1731 1379,1731 1431,1731"/>
                <TextEquiv>
                    <Unicode>so wolte es solches sagen, es habe deßhalben</Unicode>
                </TextEquiv>
            </TextLine>
            <TextLine id="r1l14" custom="readingOrder {index:13;}">
                <Coords points="391,1865 539,1818 851,1869 1058,1832 1378,1843 1378,1806 1235,1744 1159,1785 1087,1755 891,1799 788,1753 659,1774 539,1739 392,1790"/>
                <Baseline points="399,1817 447,1815 496,1815 544,1815 593,1815 642,1815 690,1815 739,1817 787,1817 836,1817 885,1818 933,1818 982,1820 1030,1821 1079,1821 1128,1823 1176,1824 1225,1826 1273,1827 1322,1829 1371,1830"/>
                <TextEquiv>
                    <Unicode>gott lob und dant, ein gutes gelaußen.</Unicode>
                </TextEquiv>
            </TextLine>
            <TextLine id="r1l15" custom="readingOrder {index:14;}">
                <Coords points="388,1974 612,1968 672,2011 721,1970 816,1949 869,1990 949,1966 996,1991 1125,1965 1124,1903 1092,1887 915,1918 822,1878 700,1892 582,1847 429,1857 386,1886"/>
                <Baseline points="395,1962 431,1961 467,1961 503,1959 539,1958 575,1958 611,1956 648,1955 684,1953 720,1953 756,1952 792,1950 828,1950 864,1950 901,1949 937,1949 973,1950 1009,1950 1045,1952 1081,1953 1118,1955"/>
                <TextEquiv>
                    <Unicode>Acten 27. januarii 1708</Unicode>
                </TextEquiv>
            </TextLine>
            <TextLine id="r1l16" custom="readingOrder {index:15;} organization {offset:33; length:7;}">
                <Coords points="354,2107 479,2131 567,2089 679,2116 777,2083 870,2130 916,2106 1064,2145 1330,2139 1332,2041 1229,1998 1119,2046 860,2043 806,2004 657,2053 357,1968"/>
                <Baseline points="362,2090 410,2088 458,2087 506,2087 554,2086 602,2086 650,2087 698,2087 746,2088 794,2088 842,2090 890,2091 938,2093 986,2094 1034,2095 1082,2097 1130,2099 1178,2100 1226,2101 1274,2103 1323,2103"/>
                <TextEquiv>
                    <Unicode>Nachdeme obige Cramen Megken den Rahtenn</Unicode>
                </TextEquiv>
            </TextLine>
            <TextLine id="r1l17" custom="readingOrder {index:16;}">
                <Coords points="336,2169 483,2160 528,2197 770,2148 913,2186 1371,2185 1407,2120 1064,2145 871,2130 777,2083 542,2131 337,2101"/>
                <Baseline points="344,2153 396,2153 449,2153 502,2153 554,2154 607,2154 660,2156 712,2157 765,2157 818,2159 871,2160 923,2161 976,2162 1029,2163 1081,2163 1134,2165 1187,2165 1239,2165 1292,2165 1345,2165 1398,2163"/>
                <TextEquiv>
                    <Unicode>Vorgetragen worden, habend selbige vber das Ver¬</Unicode>
                </TextEquiv>
            </TextLine>
            <TextLine id="r1l18" custom="readingOrder {index:17;} person {offset:9; length:13;}">
                <Coords points="328,2261 1069,2241 1355,2284 1387,2279 1388,2188 1151,2171 1065,2210 843,2160 796,2200 726,2148 564,2201 415,2165 328,2193"/>
                <Baseline points="335,2231 387,2231 439,2231 491,2231 543,2231 596,2231 648,2231 700,2232 752,2232 804,2233 857,2234 909,2234 961,2235 1013,2235 1065,2235 1118,2237 1170,2237 1222,2237 1274,2237 1326,2237 1379,2237"/>
                <TextEquiv>
                    <Unicode>brachen, Hans Gärtners deß vatters erkent, daß er</Unicode>
                </TextEquiv>
            </TextLine>
            <TextLine id="r1l19" custom="readingOrder {index:18;} organization {offset:11; length:10;}">
                <Coords points="334,2318 1224,2333 1420,2317 1420,2273 1132,2283 880,2241 334,2276"/>
                <Baseline points="342,2303 395,2301 449,2300 502,2300 556,2300 609,2300 663,2300 716,2300 770,2301 823,2301 877,2303 930,2303 984,2303 1037,2304 1091,2304 1144,2304 1198,2303 1251,2303 1305,2301 1358,2300 1412,2297"/>
                <TextEquiv>
                    <Unicode>alhier vor chorgricht gestelt, ihme daselbsten sein begangener</Unicode>
                </TextEquiv>
            </TextLine>
            <TextLine id="r1l20" custom="readingOrder {index:19;}">
                <Coords points="328,2402 390,2369 486,2413 572,2369 617,2398 649,2370 1224,2393 1366,2372 1366,2330 1158,2308 1060,2341 1001,2312 918,2354 781,2310 560,2347 384,2307 328,2338"/>
                <Baseline points="336,2369 387,2367 438,2367 489,2367 540,2367 591,2367 642,2367 693,2367 744,2367 795,2367 847,2367 898,2367 949,2369 1000,2369 1051,2369 1102,2369 1153,2370 1204,2370 1255,2370 1306,2370 1358,2370"/>
                <TextEquiv>
                    <Unicode>fahler vorgehalten, vnd er selbigen erkennen, vnd deßhalben</Unicode>
                </TextEquiv>
            </TextLine>
            <TextLine id="r1l21" custom="readingOrder {index:20;}">
                <Coords points="325,2448 1315,2457 1426,2435 1426,2388 975,2371 729,2405 649,2369 598,2410 423,2377 325,2413"/>
                <Baseline points="332,2433 386,2432 440,2432 494,2432 549,2432 603,2430 657,2430 712,2430 766,2430 820,2430 875,2430 929,2430 983,2430 1037,2430 1092,2430 1146,2430 1200,2430 1255,2430 1309,2430 1363,2430 1418,2430"/>
                <TextEquiv>
                    <Unicode>auf gebogenen kneyen eine abbitt thun, volglich dan auf zehen</Unicode>
                </TextEquiv>
            </TextLine>
            <TextLine id="r1l22" custom="readingOrder {index:21;}">
                <Coords points="322,2512 630,2498 740,2530 972,2495 1155,2538 1208,2497 1389,2500 1414,2441 993,2473 920,2432 321,2448"/>
                <Baseline points="330,2502 383,2499 437,2498 491,2496 545,2495 599,2495 653,2493 706,2493 760,2492 814,2492 868,2492 922,2492 976,2492 1030,2492 1083,2492 1137,2492 1191,2490 1245,2490 1299,2490 1353,2489 1407,2489"/>
                <TextEquiv>
                    <Unicode>jahr lang von Meghern statt und landen eydlich bannisiert</Unicode>
                </TextEquiv>
            </TextLine>
            <TextLine id="r1l23" custom="readingOrder {index:22;}">
                <Coords points="306,2589 682,2566 929,2600 1006,2564 1299,2561 1427,2594 1426,2487 1207,2498 1155,2538 972,2495 305,2527"/>
                <Baseline points="314,2565 369,2564 424,2564 479,2562 535,2562 590,2561 645,2561 700,2559 756,2559 811,2559 866,2558 921,2558 977,2558 1032,2557 1087,2556 1142,2556 1198,2555 1253,2553 1308,2553 1363,2552 1419,2550"/>
                <TextEquiv>
                    <Unicode>werden, vnd vor außlauff diser Zeit sich vmb einahe begendigung</Unicode>
                </TextEquiv>
            </TextLine>
            <TextLine id="r1l24" custom="readingOrder {index:23;}">
                <Coords points="330,2640 384,2635 410,2656 464,2625 503,2633 543,2663 589,2630 613,2629 646,2654 689,2626 688,2597 619,2577 599,2587 534,2577 492,2594 456,2580 420,2597 392,2576 329,2598"/>
                <Baseline points="338,2624 364,2625 390,2625 417,2625 443,2624 469,2624 496,2623 522,2622 549,2622 575,2621 601,2621 628,2621 654,2621 681,2622"/>
                <TextEquiv>
                    <Unicode>nit anzegeben haben.</Unicode>
                </TextEquiv>
            </TextLine>
            <TextLine id="r1l25" custom="readingOrder {index:24;} organization {offset:39; length:9;}">
                <Coords points="330,2713 559,2689 715,2728 1033,2683 1199,2714 1402,2689 1402,2631 1280,2659 740,2595 645,2654 329,2640"/>
                <Baseline points="338,2691 390,2690 443,2688 496,2687 549,2687 602,2685 655,2685 707,2685 760,2684 813,2684 866,2684 919,2684 972,2684 1025,2684 1077,2684 1130,2684 1183,2684 1236,2684 1289,2685 1342,2685 1395,2685"/>
                <TextEquiv>
                    <Unicode>Die Tochter dan neben Ihren Vatter vor Gorgricht gestellet</Unicode>
                </TextEquiv>
            </TextLine>
            <TextLine id="r1l26" custom="readingOrder {index:25;}">
                <Coords points="294,2753 378,2785 967,2765 1016,2795 1142,2755 1384,2774 1385,2705 1033,2721 896,2688 712,2728 380,2696 294,2732"/>
                <Baseline points="302,2748 355,2748 409,2748 463,2748 517,2748 570,2748 624,2748 678,2748 732,2748 785,2748 839,2750 893,2750 947,2750 1000,2750 1054,2751 1108,2751 1162,2751 1215,2751 1269,2751 1323,2751 1377,2751"/>
                <TextEquiv>
                    <Unicode>Vnd gleicher weiß neben Vorstellung ihres fählers zur de¬</Unicode>
                </TextEquiv>
            </TextLine>
            <TextLine id="r1l27" custom="readingOrder {index:26;}">
                <Coords points="310,2836 1399,2810 1399,2763 1141,2756 1016,2795 963,2763 928,2791 310,2763"/>
                <Baseline points="317,2811 370,2811 424,2811 478,2811 532,2811 585,2811 639,2811 693,2811 747,2811 800,2811 854,2813 908,2813 962,2813 1015,2813 1069,2813 1123,2813 1177,2813 1230,2813 1284,2813 1338,2813 1392,2811"/>
                <TextEquiv>
                    <Unicode>procation auf gebogenen Kneyen angehalten volglichen</Unicode>
                </TextEquiv>
            </TextLine>
            <TextLine id="r1l28" custom="readingOrder {index:27;} place {offset:3; length:14;}">
                <Coords points="321,2881 529,2925 656,2880 1303,2915 1392,2904 1393,2817 1200,2858 1001,2818 902,2855 850,2823 806,2862 657,2821 321,2857"/>
                <Baseline points="329,2877 381,2879 434,2879 487,2879 540,2879 593,2880 645,2880 698,2880 751,2880 804,2882 857,2882 909,2882 962,2883 1015,2883 1068,2885 1121,2885 1173,2886 1226,2886 1279,2888 1332,2889 1385,2889"/>
                <TextEquiv>
                    <Unicode>im Oberey spithal durch eine bättelvögtin mit ruchten</Unicode>
                </TextEquiv>
            </TextLine>
            <TextLine id="r1l29" custom="readingOrder {index:28;}">
                <Coords points="317,2981 661,2957 769,2998 958,2966 1252,2995 1406,2953 1406,2909 1276,2927 1237,2892 1000,2924 913,2885 528,2925 317,2897"/>
                <Baseline points="324,2955 377,2955 431,2954 485,2954 538,2954 592,2954 646,2952 699,2952 753,2954 807,2954 861,2954 914,2954 968,2954 1022,2954 1075,2954 1129,2954 1183,2954 1236,2954 1290,2954 1344,2954 1398,2954"/>
                <TextEquiv>
                    <Unicode>gestrichen und nachwehrts zu ihrer muter naher hauß</Unicode>
                </TextEquiv>
            </TextLine>
            <TextLine id="r1l30" custom="readingOrder {index:29;}">
                <Coords points="304,3056 368,3042 419,3064 457,3060 488,3040 505,3053 541,3048 554,3034 580,3043 579,2984 549,2989 514,2976 474,3009 450,3015 384,2976 337,3010 303,3010"/>
                <Baseline points="311,3038 337,3038 363,3036 389,3036 415,3035 441,3034 467,3033 493,3033 519,3033 545,3033 572,3035"/>
                <TextEquiv>
                    <Unicode>gewisen solle.</Unicode>
                </TextEquiv>
            </TextLine>
            <TextLine id="r1l31" custom="readingOrder {index:30;} person {offset:15; length:5;}">
                <Coords points="294,3129 490,3147 566,3114 641,3146 759,3108 1044,3162 1163,3120 1367,3132 1367,3079 1220,3079 1157,3031 966,3078 904,3037 825,3070 557,3034 456,3070 294,3057"/>
                <Baseline points="302,3119 354,3116 407,3114 460,3113 513,3112 566,3111 619,3111 671,3111 724,3111 777,3111 830,3111 883,3111 936,3111 989,3113 1041,3113 1094,3113 1147,3114 1200,3114 1253,3114 1306,3114 1359,3114"/>
                <TextEquiv>
                    <Unicode>Vnd weilen die Muter sich hierin auch einicher maßen</Unicode>
                </TextEquiv>
            </TextLine>
            <TextLine id="r1l32" custom="readingOrder {index:31;}">
                <Coords points="305,3192 1379,3209 1379,3152 1333,3124 1195,3166 1146,3129 1075,3164 928,3126 842,3151 759,3108 596,3154 305,3129"/>
                <Baseline points="312,3185 367,3183 423,3182 479,3180 534,3180 590,3179 646,3179 702,3179 757,3179 813,3179 869,3179 925,3179 980,3180 1036,3180 1092,3182 1148,3183 1203,3184 1259,3185 1315,3187 1371,3188"/>
                <TextEquiv>
                    <Unicode>traffbahr gemacht, so solle selbige nit allein der Vor¬</Unicode>
                </TextEquiv>
            </TextLine>
            <TextLine id="r1l33" custom="readingOrder {index:32;}">
                <Coords points="285,3283 1088,3245 1293,3280 1406,3260 1406,3209 982,3186 937,3220 285,3220"/>
                <Baseline points="293,3267 348,3263 403,3258 458,3254 514,3252 569,3251 624,3249 679,3248 735,3248 790,3248 845,3249 900,3249 956,3251 1011,3251 1066,3252 1121,3252 1177,3252 1232,3254 1287,3254 1342,3252 1398,3252"/>
                <TextEquiv>
                    <Unicode>stellung ihres mans und ihrer tochter vorhorgricht</Unicode>
                </TextEquiv>
            </TextLine>
            <TextLine id="r1l34" custom="readingOrder {index:33;}">
                <Coords points="287,3356 1250,3325 1417,3357 1425,3283 1129,3305 1069,3261 833,3266 740,3309 608,3261 286,3303"/>
                <Baseline points="294,3341 350,3337 406,3335 462,3332 518,3330 575,3329 631,3327 687,3326 743,3326 799,3324 856,3324 912,3324 968,3324 1024,3324 1080,3324 1137,3324 1193,3324 1249,3326 1305,3326 1361,3326 1418,3326"/>
                <TextEquiv>
                    <Unicode>beglohnen, sondern auch ihre selbsten eine remonstran</Unicode>
                </TextEquiv>
            </TextLine>
            <TextLine id="r1l35" custom="readingOrder {index:34;}">
                <Coords points="295,3426 525,3412 582,3464 651,3411 745,3409 946,3454 1031,3405 1092,3455 1345,3414 1345,3368 1095,3373 1023,3333 962,3370 838,3336 707,3385 587,3347 295,3371"/>
                <Baseline points="302,3405 353,3406 405,3407 457,3407 509,3407 560,3407 612,3407 664,3407 716,3407 767,3405 819,3405 871,3404 923,3404 974,3403 1026,3402 1078,3402 1130,3401 1181,3401 1233,3401 1285,3401 1337,3401"/>
                <TextEquiv>
                    <Unicode>erteilt werden. Acten 9. februarii 1788.</Unicode>
                </TextEquiv>
            </TextLine>
            <TextEquiv>
                <Unicode>Die grundliche wahrheit zu bekennen, vnd als
ohne verners verhälen zu sagen, ob sein
Vatter sich mit Ihme nit auch fleischlichen
Vermischt habe.
N. Hat es darüber gantz kach geantwor
Ist, Nem, es wüße in seinem hertzen wohl
daß das nicht geschehen seye, sein vatter
habe ihme auch niemahls solches zugemuchtet,
Inst. Auf Sterners befragen, ob es
nit etwan geschlecht gesehrt und geschändt,
worden seye.
f. Hat es geantwortet, sein, wan es wäre
so wolte es solches sagen, es habe deßhalben
gott lob und dant, ein gutes gelaußen.
Acten 27. januarii 1708
Nachdeme obige Cramen Megken den Rahtenn
Vorgetragen worden, habend selbige vber das Ver¬
brachen, Hans Gärtners deß vatters erkent, daß er
alhier vor chorgricht gestelt, ihme daselbsten sein begangener
fahler vorgehalten, vnd er selbigen erkennen, vnd deßhalben
auf gebogenen kneyen eine abbitt thun, volglich dan auf zehen
jahr lang von Meghern statt und landen eydlich bannisiert
werden, vnd vor außlauff diser Zeit sich vmb einahe begendigung
nit anzegeben haben.
Die Tochter dan neben Ihren Vatter vor Gorgricht gestellet
Vnd gleicher weiß neben Vorstellung ihres fählers zur de¬
procation auf gebogenen Kneyen angehalten volglichen
im Oberey spithal durch eine bättelvögtin mit ruchten
gestrichen und nachwehrts zu ihrer muter naher hauß
gewisen solle.
Vnd weilen die Muter sich hierin auch einicher maßen
traffbahr gemacht, so solle selbige nit allein der Vor¬
stellung ihres mans und ihrer tochter vorhorgricht
beglohnen, sondern auch ihre selbsten eine remonstran
erteilt werden. Acten 9. februarii 1788.</Unicode>
            </TextEquiv>
        </TextRegion>
        <TextRegion orientation="0.0" id="r2" custom="readingOrder {index:1;}">
            <Coords points="1638,273 1638,3635 2868,3635 2868,273"/>
            <TextLine id="r2l1" custom="readingOrder {index:0;}">
                <Coords points="2737,353 2752,352 2774,373 2801,374 2806,275 2795,274 2775,257 2750,277 2741,278"/>
                <Baseline points="2747,312 2796,314"/>
                <TextEquiv>
                    <Unicode>2</Unicode>
                </TextEquiv>
            </TextLine>
            <TextLine id="r2l2" custom="readingOrder {index:1;} person {offset:0; length:11;}">
                <Coords points="1940,562 2015,519 2082,523 2113,496 2264,543 2362,511 2489,502 2487,430 2376,377 2213,422 2146,415 2098,448 2023,424 1973,460 1936,458"/>
                <Baseline points="1946,503 1972,503 1999,503 2026,501 2053,500 2079,500 2106,498 2133,497 2160,497 2186,495 2213,494 2240,494 2267,493 2293,491 2320,491 2347,490 2374,489 2400,489 2427,488 2454,488 2481,489"/>
                <TextEquiv>
                    <Unicode>Jacob Wyler.</Unicode>
                </TextEquiv>
            </TextLine>
            <TextLine id="r2l3" custom="readingOrder {index:2;}">
                <Coords points="1721,729 1822,674 2253,705 2344,661 2427,714 2569,669 2716,676 2774,719 2846,695 2844,589 2697,625 2598,576 2395,633 2254,584 2040,637 1884,590 1719,644"/>
                <Baseline points="1727,684 1782,681 1838,679 1893,677 1949,675 2004,673 2060,671 2115,671 2171,668 2226,668 2282,666 2337,665 2393,665 2448,663 2504,663 2559,662 2615,662 2670,662 2726,662 2781,662 2837,662"/>
                <TextEquiv>
                    <Unicode>zr bub von ohngefahr 20 jahren gebürtig</Unicode>
                </TextEquiv>
            </TextLine>
            <TextLine id="r2l4" custom="readingOrder {index:3;} place {offset:4; length:10;}">
                <Coords points="1750,809 2392,759 2506,800 2761,786 2760,725 2675,684 2615,734 2513,676 2429,717 2345,692 2303,732 2203,696 2131,746 1994,688 1929,720 1842,687 1749,729"/>
                <Baseline points="1757,773 1806,771 1856,770 1906,768 1956,767 2006,765 2055,764 2105,762 2155,762 2205,761 2255,759 2304,759 2354,758 2404,758 2454,758 2504,756 2553,756 2603,756 2653,756 2703,756 2753,758"/>
                <TextEquiv>
                    <Unicode>von Hertzensee, so vor etligs tagen, wegen</Unicode>
                </TextEquiv>
            </TextLine>
            <TextLine id="r2l5" custom="readingOrder {index:4;} place {offset:10; length:10;}">
                <Coords points="1706,898 1759,869 1869,904 2022,864 2148,887 2220,846 2303,887 2522,836 2806,850 2834,770 2769,810 2645,778 2404,819 2313,774 2216,816 2091,783 1703,812"/>
                <Baseline points="1712,866 1767,864 1823,861 1879,858 1935,856 1991,854 2046,851 2102,849 2158,847 2214,845 2270,843 2325,842 2381,840 2437,837 2493,836 2549,834 2604,833 2660,833 2716,831 2772,830 2828,830"/>
                <TextEquiv>
                    <Unicode>dreben zu Hertzensee begangenen Kirchenraubs</Unicode>
                </TextEquiv>
            </TextLine>
            <TextLine id="r2l6" custom="readingOrder {index:5;}">
                <Coords points="1736,973 2809,921 2757,856 2555,839 2294,899 2096,904 2015,864 1926,912 1824,879 1734,901"/>
                <Baseline points="1742,942 1797,941 1853,938 1909,936 1964,935 2020,932 2076,930 2132,929 2187,926 2243,926 2299,923 2355,921 2410,920 2466,920 2522,918 2578,917 2633,916 2689,915 2745,914 2801,914"/>
                <TextEquiv>
                    <Unicode>alhar in hiesige gefangenschafft geführt worden.</Unicode>
                </TextEquiv>
            </TextLine>
            <TextLine id="r2l7" custom="readingOrder {index:6;}">
                <Coords points="1663,1117 1862,1032 2042,1056 2139,1019 2289,1070 2500,1011 2788,1036 2854,994 2852,937 2768,961 2705,926 2417,992 2257,949 2089,981 1954,947 1901,981 1859,946 1659,1008"/>
                <Baseline points="1668,1061 1726,1051 1785,1043 1844,1035 1903,1031 1962,1026 2021,1022 2080,1020 2139,1017 2198,1016 2257,1016 2315,1014 2374,1014 2433,1013 2492,1013 2551,1011 2610,1010 2669,1008 2728,1005 2787,1002 2846,998"/>
                <TextEquiv>
                    <Unicode>Hat bekent, daß acht tag nach dem letstgehal¬</Unicode>
                </TextEquiv>
            </TextLine>
            <TextLine id="r2l8" custom="readingOrder {index:7;}">
                <Coords points="1740,1131 1936,1169 2016,1127 2079,1165 2358,1098 2703,1126 2851,1091 2850,1026 2778,1060 2480,1037 2431,1073 2239,1041 2184,1079 1953,1033 1739,1093"/>
                <Baseline points="1748,1119 1802,1116 1857,1112 1912,1110 1967,1107 2022,1105 2076,1103 2131,1101 2186,1101 2241,1100 2296,1098 2350,1097 2405,1097 2460,1095 2515,1094 2570,1092 2624,1091 2679,1089 2734,1086 2789,1083 2844,1080"/>
                <TextEquiv>
                    <Unicode>tenen bättag, er deß nachts umb acht uhr gantz</Unicode>
                </TextEquiv>
            </TextLine>
            <TextLine id="r2l9" custom="readingOrder {index:8;} place {offset:25; length:11;}">
                <Coords points="1732,1215 2848,1189 2828,1109 2575,1144 2467,1096 2079,1165 1992,1132 1933,1171 1731,1165"/>
                <Baseline points="1739,1202 1794,1199 1849,1197 1904,1194 1959,1193 2014,1191 2069,1189 2124,1188 2179,1187 2234,1185 2289,1184 2344,1182 2399,1181 2454,1179 2509,1178 2564,1176 2619,1174 2674,1172 2729,1170 2784,1167 2840,1164"/>
                <TextEquiv>
                    <Unicode>allein in die Kirchen zu Chertzensee durchs ober</Unicode>
                </TextEquiv>
            </TextLine>
            <TextLine id="r2l10" custom="readingOrder {index:9;}">
                <Coords points="1718,1310 1938,1290 1986,1331 2167,1273 2482,1310 2779,1256 2777,1199 2254,1201 2208,1231 2079,1203 2030,1251 1912,1202 1826,1243 1715,1210"/>
                <Baseline points="1725,1292 1777,1287 1829,1284 1881,1281 1934,1278 1986,1276 2038,1274 2091,1272 2143,1271 2195,1271 2248,1269 2300,1268 2352,1268 2404,1266 2457,1265 2509,1262 2561,1260 2614,1258 2666,1254 2718,1252 2771,1247"/>
                <TextEquiv>
                    <Unicode>ste Fenster im Thor gestigen, volglichen das in</Unicode>
                </TextEquiv>
            </TextLine>
            <TextLine id="r2l11" custom="readingOrder {index:10;}">
                <Coords points="1700,1415 1965,1419 2138,1367 2467,1418 2622,1360 2831,1370 2828,1316 2400,1283 2007,1343 1917,1300 1841,1344 1697,1337"/>
                <Baseline points="1706,1392 1761,1388 1817,1385 1873,1381 1929,1378 1985,1376 2040,1373 2096,1370 2152,1369 2208,1367 2264,1365 2319,1362 2375,1361 2431,1359 2487,1356 2543,1354 2598,1352 2654,1348 2710,1345 2766,1342 2822,1337"/>
                <TextEquiv>
                    <Unicode>der kirchen sich befindende Traglin, darein man</Unicode>
                </TextEquiv>
            </TextLine>
            <TextLine id="r2l12" custom="readingOrder {index:11;}">
                <Coords points="1714,1496 1899,1481 1994,1520 2047,1473 2320,1503 2369,1468 2465,1498 2531,1458 2686,1481 2860,1447 2858,1382 2791,1420 2574,1383 2303,1438 2134,1368 1998,1436 1712,1423"/>
                <Baseline points="1721,1481 1777,1478 1834,1475 1890,1473 1947,1471 2003,1469 2060,1467 2116,1465 2173,1463 2229,1461 2286,1460 2343,1458 2399,1457 2456,1455 2512,1454 2569,1452 2625,1451 2682,1449 2738,1448 2795,1445 2852,1443"/>
                <TextEquiv>
                    <Unicode>Die steuleren für die armen leget, mit einem maßer</Unicode>
                </TextEquiv>
            </TextLine>
            <TextLine id="r2l13" custom="readingOrder {index:12;}">
                <Coords points="1719,1600 2219,1552 2437,1601 2591,1547 2790,1539 2789,1483 2653,1521 2389,1481 2197,1521 1808,1492 1717,1546"/>
                <Baseline points="1725,1566 1777,1563 1830,1560 1883,1558 1936,1556 1989,1554 2042,1553 2095,1551 2148,1550 2201,1548 2254,1548 2306,1547 2359,1545 2412,1545 2465,1544 2518,1542 2571,1541 2624,1539 2677,1538 2730,1536 2783,1533"/>
                <TextEquiv>
                    <Unicode>aufgebrochen, Vnd darauß zween gantze, vnd</Unicode>
                </TextEquiv>
            </TextLine>
            <TextLine id="r2l14" custom="readingOrder {index:13;}">
                <Coords points="1731,1698 1970,1667 2018,1694 2101,1639 2390,1666 2435,1628 2654,1621 2697,1652 2841,1621 2839,1569 2765,1556 2439,1600 2189,1559 2024,1608 1931,1579 1728,1616"/>
                <Baseline points="1737,1650 1791,1647 1846,1645 1901,1643 1956,1640 2011,1638 2066,1637 2120,1635 2175,1633 2230,1631 2285,1630 2340,1628 2395,1626 2450,1625 2504,1623 2559,1622 2614,1620 2669,1619 2724,1617 2779,1615 2834,1613"/>
                <TextEquiv>
                    <Unicode>Einen halben thaler in Silber, und in Frey vnd</Unicode>
                </TextEquiv>
            </TextLine>
            <TextLine id="r2l15" custom="readingOrder {index:14;}">
                <Coords points="1706,1757 1819,1788 1982,1720 2051,1782 2162,1723 2486,1702 2564,1738 2809,1704 2807,1662 2487,1625 2437,1664 2215,1649 2158,1696 1861,1669 1704,1708"/>
                <Baseline points="1713,1746 1767,1742 1821,1737 1876,1733 1930,1730 1985,1727 2039,1725 2093,1722 2148,1721 2202,1719 2257,1717 2311,1716 2365,1714 2420,1712 2474,1710 2529,1709 2583,1706 2637,1703 2692,1700 2746,1697 2801,1692"/>
                <TextEquiv>
                    <Unicode>dryßig baren in muntz entloendt, doch aber nit</Unicode>
                </TextEquiv>
            </TextLine>
            <TextLine id="r2l16" custom="readingOrder {index:15;}">
                <Coords points="1709,1834 1915,1861 2017,1827 2108,1871 2297,1859 2353,1813 2755,1838 2876,1797 2874,1731 2729,1773 2520,1733 2406,1785 2156,1797 2046,1781 1982,1721 1863,1783 1708,1789"/>
                <Baseline points="1716,1827 1773,1826 1831,1824 1888,1823 1946,1821 2004,1820 2061,1818 2119,1817 2176,1815 2234,1814 2292,1812 2349,1809 2407,1809 2464,1806 2522,1805 2580,1803 2637,1802 2695,1800 2752,1799 2810,1799 2868,1797"/>
                <TextEquiv>
                    <Unicode>alles gelt genommen, sondern noch etwas darin ligend</Unicode>
                </TextEquiv>
            </TextLine>
            <TextLine id="r2l17" custom="readingOrder {index:16;}">
                <Coords points="1722,1937 2061,1946 2151,1902 2351,1950 2513,1896 2642,1942 2705,1898 2872,1896 2871,1860 2780,1824 2667,1854 2553,1817 2497,1852 2404,1829 2337,1876 2251,1843 2070,1873 1991,1834 1948,1876 1870,1843 1720,1864"/>
                <Baseline points="1728,1914 1784,1913 1841,1910 1898,1908 1955,1905 2012,1904 2068,1904 2125,1902 2182,1901 2239,1900 2296,1899 2352,1898 2409,1898 2466,1896 2523,1895 2580,1894 2636,1892 2693,1892 2750,1889 2807,1887 2864,1884"/>
                <TextEquiv>
                    <Unicode>gelaßen habe; wie auch, daß wegen begangen</Unicode>
                </TextEquiv>
            </TextLine>
            <TextLine id="r2l18" custom="readingOrder {index:17;}">
                <Coords points="1705,2021 2814,2008 2868,1992 2867,1912 2695,1908 2647,1945 2427,1916 2346,1955 2197,1904 2040,1958 1968,1932 1705,1972"/>
                <Baseline points="1712,1994 1769,1992 1826,1991 1884,1989 1941,1988 1999,1986 2056,1986 2114,1985 2171,1984 2229,1983 2286,1983 2343,1982 2401,1982 2458,1981 2516,1980 2573,1980 2631,1979 2688,1979 2746,1978 2803,1977 2861,1976"/>
                <TextEquiv>
                    <Unicode>genen einischen diebstahlen er vor ohngefahr zwey</Unicode>
                </TextEquiv>
            </TextLine>
            <TextLine id="r2l19" custom="readingOrder {index:18;}">
                <Coords points="1700,2091 1751,2068 1901,2126 2109,2073 2391,2111 2453,2070 2510,2112 2659,2061 2838,2101 2863,1997 2611,2042 2537,1998 2213,2040 2051,1994 1700,2048"/>
                <Baseline points="1707,2067 1764,2069 1821,2069 1879,2070 1936,2070 1994,2070 2051,2069 2109,2069 2166,2068 2224,2067 2281,2067 2338,2066 2396,2066 2453,2064 2511,2064 2568,2064 2626,2064 2683,2064 2741,2064 2798,2066 2856,2067"/>
                <TextEquiv>
                    <Unicode>oder drey jahren sechs wuchen lang im Schallen</Unicode>
                </TextEquiv>
            </TextLine>
            <TextLine id="r2l20" custom="readingOrder {index:19;}">
                <Coords points="1696,2180 1983,2208 2148,2136 2541,2203 2770,2133 2744,2094 2636,2111 2566,2079 2510,2113 2465,2082 2390,2113 2275,2089 2111,2134 2031,2092 1896,2127 1794,2085 1696,2103"/>
                <Baseline points="1703,2148 1758,2150 1814,2151 1870,2153 1925,2153 1981,2153 2037,2153 2093,2153 2148,2153 2204,2153 2260,2152 2316,2151 2371,2151 2427,2150 2483,2150 2539,2150 2594,2148 2650,2148 2706,2148 2762,2150"/>
                <TextEquiv>
                    <Unicode>wert gsin seye. Acten 6. martii 1708</Unicode>
                </TextEquiv>
            </TextLine>
            <TextLine id="r2l21" custom="readingOrder {index:20;}">
                <Coords points="1830,2334 1939,2350 2068,2325 2147,2377 2212,2329 2308,2362 2347,2334 2373,2358 2405,2331 2488,2327 2469,2226 2405,2219 2344,2254 2270,2229 2125,2253 2034,2225 1979,2259 1921,2216 1829,2221"/>
                <Baseline points="1838,2327 1870,2325 1902,2323 1934,2321 1966,2321 1998,2321 2030,2321 2062,2321 2094,2321 2126,2321 2159,2321 2191,2321 2223,2322 2255,2322 2287,2322 2319,2322 2351,2321 2383,2319 2415,2318 2447,2316 2480,2313"/>
                <TextEquiv>
                    <Unicode>Vber obige Verricht</Unicode>
                </TextEquiv>
            </TextLine>
            <TextLine id="r2l22" custom="readingOrder {index:21;}">
                <Coords points="1642,2416 1755,2378 1940,2436 1997,2396 2829,2405 2859,2339 2470,2326 2332,2369 2213,2332 2160,2370 2058,2325 1643,2339"/>
                <Baseline points="1650,2375 1710,2378 1770,2379 1830,2381 1890,2382 1950,2382 2010,2384 2070,2385 2130,2385 2190,2387 2250,2387 2310,2388 2370,2388 2430,2388 2490,2388 2550,2389 2610,2390 2670,2390 2730,2390 2790,2390 2850,2390"/>
                <TextEquiv>
                    <Unicode>habend Megklen die nacht erkent, daß diser bub mit</Unicode>
                </TextEquiv>
            </TextLine>
            <TextLine id="r2l23" custom="readingOrder {index:22;}">
                <Coords points="1663,2456 2848,2485 2848,2418 2794,2400 2483,2432 2393,2384 2332,2425 2093,2400 1938,2434 1664,2396"/>
                <Baseline points="1671,2439 1729,2442 1788,2445 1846,2448 1905,2450 1963,2453 2022,2454 2080,2456 2139,2457 2197,2458 2256,2459 2314,2459 2373,2459 2431,2459 2490,2459 2548,2459 2607,2459 2665,2458 2724,2457 2782,2456 2841,2456"/>
                <TextEquiv>
                    <Unicode>Ruchten gestrichen, gezeichnet, vnd auf elig von Statt vnder Landen</Unicode>
                </TextEquiv>
            </TextLine>
            <TextLine id="r2l24" custom="readingOrder {index:23;}">
                <Coords points="1668,2534 1814,2565 1982,2539 2077,2573 2164,2544 2237,2583 2539,2577 2638,2557 2640,2515 2464,2477 2305,2503 2217,2464 2128,2494 1671,2457"/>
                <Baseline points="1676,2511 1723,2511 1771,2511 1819,2513 1867,2514 1914,2515 1962,2517 2010,2519 2058,2522 2105,2524 2153,2526 2201,2529 2249,2531 2296,2534 2344,2535 2392,2538 2440,2540 2487,2541 2535,2543 2583,2544 2631,2544"/>
                <TextEquiv>
                    <Unicode>verwisen werden solle. Acten 13. martii 1708.</Unicode>
                </TextEquiv>
            </TextLine>
            <TextLine id="r2l25" custom="readingOrder {index:24;} person {offset:0; length:11;}">
                <Coords points="1894,2699 2203,2681 2250,2692 2300,2737 2365,2737 2365,2627 2289,2586 2205,2586 2173,2616 2110,2627 2069,2621 1988,2566 1942,2586 1894,2563"/>
                <Baseline points="1901,2682 1926,2681 1951,2679 1977,2679 2002,2679 2027,2679 2053,2679 2078,2679 2103,2680 2129,2681 2154,2681 2179,2682 2205,2682 2230,2682 2255,2682 2281,2681 2306,2680 2331,2679 2357,2676"/>
                <TextEquiv>
                    <Unicode>Vrina Janni</Unicode>
                </TextEquiv>
            </TextLine>
            <TextLine id="r2l26" custom="readingOrder {index:25;}">
                <Coords points="1830,2712 1858,2707 1863,2711 1872,2708 1887,2713 1889,2709 1897,2708 1884,2638 1875,2640 1870,2647 1863,2647 1850,2663 1836,2662 1822,2666"/>
                <Baseline points="1835,2696 1860,2691 1886,2687"/>
                <TextEquiv>
                    <Unicode>e</Unicode>
                </TextEquiv>
            </TextLine>
            <TextLine id="r2l27" custom="readingOrder {index:26;} place {offset:4; length:12;}">
                <Coords points="1866,2768 1933,2788 2002,2761 2046,2805 2115,2787 2145,2816 2207,2823 2269,2769 2305,2775 2309,2704 2229,2735 2145,2683 2059,2724 2016,2698 1959,2724 1929,2692 1869,2709"/>
                <Baseline points="1875,2747 1901,2748 1927,2750 1954,2751 1980,2753 2007,2754 2033,2756 2060,2758 2086,2759 2112,2760 2139,2762 2165,2762 2192,2763 2218,2764 2245,2765 2271,2765 2298,2765"/>
                <TextEquiv>
                    <Unicode>von Niderhinigen.</Unicode>
                </TextEquiv>
            </TextLine>
            <TextLine id="r2l28" custom="readingOrder {index:27;} person {offset:7; length:17;}">
                <Coords points="1635,2843 1801,2820 2011,2884 2177,2851 2361,2906 2442,2871 2687,2899 2823,2844 2572,2789 2478,2840 2378,2801 2204,2832 2109,2789 1903,2798 1727,2715 1641,2730"/>
                <Baseline points="1644,2816 1702,2818 1761,2821 1819,2825 1878,2828 1936,2833 1995,2837 2053,2840 2112,2846 2170,2849 2229,2853 2287,2856 2346,2861 2404,2864 2463,2867 2521,2868 2580,2871 2638,2872 2697,2873 2755,2873 2814,2873"/>
                <TextEquiv>
                    <Unicode>So mit Vnuentz Schindler einem Ehemann herumbgezogen</Unicode>
                </TextEquiv>
            </TextLine>
            <TextLine id="r2l29" custom="readingOrder {index:28;}">
                <Coords points="1677,2901 2024,2915 2166,2965 2267,2925 2860,2958 2826,2863 2762,2902 2554,2871 2361,2905 2237,2858 2008,2883 1926,2835 1865,2864 1682,2824"/>
                <Baseline points="1686,2877 1744,2882 1802,2888 1861,2892 1919,2896 1977,2900 2036,2904 2094,2908 2152,2912 2211,2916 2269,2919 2327,2923 2386,2927 2444,2929 2502,2932 2561,2935 2619,2937 2677,2940 2736,2943 2794,2945 2853,2948"/>
                <TextEquiv>
                    <Unicode>Vnd sich im Zweyben Ehebruch vertrabt, ist dahin verfelt</Unicode>
                </TextEquiv>
            </TextLine>
            <TextLine id="r2l30" custom="readingOrder {index:29;}">
                <Coords points="1648,2977 1727,2965 1796,3017 1885,2975 1931,3009 1984,2974 2503,3005 2702,3051 2868,3045 2873,2956 2746,2990 2656,2942 2589,2977 2351,2932 2184,2966 1652,2897"/>
                <Baseline points="1656,2961 1716,2963 1776,2965 1836,2967 1897,2970 1957,2973 2017,2976 2078,2979 2138,2982 2198,2986 2259,2989 2319,2993 2379,2997 2439,3000 2500,3003 2560,3006 2620,3008 2681,3011 2741,3014 2801,3015 2862,3017"/>
                <TextEquiv>
                    <Unicode>Worden, daß selbige neben der Gesetzmäßigen Landt¬</Unicode>
                </TextEquiv>
            </TextLine>
            <TextLine id="r2l31" custom="readingOrder {index:30;}">
                <Coords points="1656,3058 1726,3048 1786,3100 1864,3060 1960,3093 2035,3067 2143,3115 2246,3069 2326,3113 2477,3072 2558,3116 2858,3103 2859,3061 2744,3026 2419,3040 2068,2987 1865,3034 1659,2978"/>
                <Baseline points="1664,3042 1723,3045 1782,3047 1841,3049 1901,3051 1960,3053 2019,3056 2079,3058 2138,3060 2197,3063 2257,3066 2316,3068 2375,3069 2434,3072 2494,3074 2553,3077 2612,3078 2672,3081 2731,3082 2790,3084 2850,3086"/>
                <TextEquiv>
                    <Unicode>verweisung annoch für zloostund lang mit dem halßey sein</Unicode>
                </TextEquiv>
            </TextLine>
            <TextLine id="r2l32" custom="readingOrder {index:31;}">
                <Coords points="1636,3176 1859,3128 1975,3173 2132,3142 2309,3192 2517,3164 2823,3196 2826,3120 2550,3136 2487,3092 2431,3128 2221,3099 2161,3129 1922,3071 1786,3101 1707,3055 1640,3099"/>
                <Baseline points="1647,3117 1705,3120 1764,3124 1822,3127 1881,3129 1939,3133 1998,3136 2056,3139 2115,3143 2173,3145 2232,3147 2290,3150 2349,3153 2407,3156 2466,3158 2524,3159 2583,3161 2641,3163 2700,3164 2758,3165 2817,3165"/>
                <TextEquiv>
                    <Unicode>abgestrafft werden solle. Acten 28. januarii 1708</Unicode>
                </TextEquiv>
            </TextLine>
            <TextLine id="r2l33" custom="readingOrder {index:32;} person {offset:0; length:13;}">
                <Coords points="1822,3327 1915,3326 1963,3301 2006,3328 2081,3315 2119,3336 2205,3308 2372,3314 2392,3308 2391,3189 2290,3185 2214,3225 2124,3191 2067,3242 2026,3207 1901,3278 1821,3285"/>
                <Baseline points="1829,3314 1856,3310 1884,3308 1912,3305 1940,3305 1967,3303 1995,3303 2023,3304 2051,3305 2078,3306 2106,3306 2134,3308 2162,3308 2189,3308 2217,3308 2245,3308 2273,3307 2300,3305 2328,3303 2356,3298 2384,3294"/>
                <TextEquiv>
                    <Unicode>Rodolff Wäber</Unicode>
                </TextEquiv>
            </TextLine>
            <TextLine id="r2l34" custom="readingOrder {index:33;}">
                <Coords points="1729,3387 1758,3371 1797,3386 1814,3375 1826,3385 1845,3374 1867,3385 1915,3375 1914,3325 1873,3315 1852,3331 1837,3329 1812,3313 1790,3314 1758,3291 1727,3280"/>
                <Baseline points="1736,3374 1764,3374 1793,3374 1821,3374 1850,3373 1878,3372 1907,3371"/>
                <TextEquiv>
                    <Unicode>Von</Unicode>
                </TextEquiv>
            </TextLine>
            <TextLine id="r2l35" custom="readingOrder {index:34;} person {offset:7; length:12;}">
                <Coords points="1629,3460 1882,3453 1940,3502 2001,3462 2194,3470 2245,3517 2300,3480 2367,3526 2464,3495 2536,3528 2585,3491 2805,3500 2809,3402 2371,3421 2019,3369 1632,3400"/>
                <Baseline points="1638,3438 1696,3442 1754,3444 1812,3447 1870,3449 1928,3452 1986,3453 2044,3456 2102,3458 2160,3460 2218,3462 2276,3464 2334,3466 2392,3468 2450,3470 2508,3472 2566,3475 2624,3477 2682,3480 2740,3482 2799,3485"/>
                <TextEquiv>
                    <Unicode>So mit Anna Zoberst den Zweyten Ehebruch be¬</Unicode>
                </TextEquiv>
            </TextLine>
            <TextLine id="r2l36" custom="readingOrder {index:35;}">
                <Coords points="1653,3531 2532,3555 2645,3601 2743,3578 2745,3528 2534,3530 2463,3494 2367,3528 2298,3489 2246,3516 2198,3472 2104,3500 2005,3463 1943,3502 1889,3460 1655,3476"/>
                <Baseline points="1662,3506 1715,3508 1769,3512 1823,3514 1876,3518 1930,3521 1984,3524 2037,3527 2091,3531 2145,3534 2199,3537 2252,3540 2306,3542 2360,3545 2413,3547 2467,3549 2521,3551 2574,3552 2628,3552 2682,3554 2736,3554"/>
                <TextEquiv>
                    <Unicode>gangen, ist in die Gesatzmäßige Landts verlornung</Unicode>
                </TextEquiv>
            </TextLine>
            <TextLine id="r2l37" custom="readingOrder {index:36;}">
                <Coords points="1660,3589 2258,3666 2362,3638 2480,3666 2541,3623 2740,3638 2709,3576 2641,3601 2383,3552 2299,3586 1949,3530 1662,3547"/>
                <Baseline points="1668,3578 1721,3582 1774,3585 1827,3588 1880,3591 1934,3594 1987,3597 2040,3600 2093,3602 2146,3603 2200,3605 2253,3606 2306,3608 2359,3610 2412,3611 2466,3612 2519,3614 2572,3615 2625,3617 2678,3618 2732,3620"/>
                <TextEquiv>
                    <Unicode>erkent worden. Acten 21. februarii 1708</Unicode>
                </TextEquiv>
            </TextLine>
            <TextEquiv>
                <Unicode>2
Jacob Wyler.
zr bub von ohngefahr 20 jahren gebürtig
von Hertzensee, so vor etligs tagen, wegen
dreben zu Hertzensee begangenen Kirchenraubs
alhar in hiesige gefangenschafft geführt worden.
Hat bekent, daß acht tag nach dem letstgehal¬
tenen bättag, er deß nachts umb acht uhr gantz
allein in die Kirchen zu Chertzensee durchs ober
ste Fenster im Thor gestigen, volglichen das in
der kirchen sich befindende Traglin, darein man
Die steuleren für die armen leget, mit einem maßer
aufgebrochen, Vnd darauß zween gantze, vnd
Einen halben thaler in Silber, und in Frey vnd
dryßig baren in muntz entloendt, doch aber nit
alles gelt genommen, sondern noch etwas darin ligend
gelaßen habe; wie auch, daß wegen begangen
genen einischen diebstahlen er vor ohngefahr zwey
oder drey jahren sechs wuchen lang im Schallen
wert gsin seye. Acten 6. martii 1708
Vber obige Verricht
habend Megklen die nacht erkent, daß diser bub mit
Ruchten gestrichen, gezeichnet, vnd auf elig von Statt vnder Landen
verwisen werden solle. Acten 13. martii 1708.
Vrina Janni
e
von Niderhinigen.
So mit Vnuentz Schindler einem Ehemann herumbgezogen
Vnd sich im Zweyben Ehebruch vertrabt, ist dahin verfelt
Worden, daß selbige neben der Gesetzmäßigen Landt¬
verweisung annoch für zloostund lang mit dem halßey sein
abgestrafft werden solle. Acten 28. januarii 1708
Rodolff Wäber
Von
So mit Anna Zoberst den Zweyten Ehebruch be¬
gangen, ist in die Gesatzmäßige Landts verlornung
erkent worden. Acten 21. februarii 1708</Unicode>
            </TextEquiv>
        </TextRegion>
    </Page>
</PcGts>
