3024 4032
217 282 1386 486 4. Wan und wo er kind bitteren worden.
211 476 1376 647 R. Vor etlich wuchen zu Waberen in einem
376 617 1415 744 stall und zwar am abend, da es nacht
361 699 594 797 ware.
233 811 1394 982 f. Warumb es an dises ort gangen vnd
376 910 1109 1058 nit villmehr daheimb bliben.
382 1010 1366 1156 Es seye von Neulomegk kommen, allwo es
220 1035 328 1168 R.
394 1124 1393 1260 zu spinnen gesucht, vnd habe naher zuli¬
379 1201 1356 1336 stahl zum Hans Guggesperg, so ins ge¬
383 1299 1383 1417 schwangeret, gehen, Vnd daselbsten Kinds
387 1370 1390 1494 ligen wollen, als es aber zu Waberen an¬
364 1460 1430 1584 gelangt, habe es nit weiters kommen mögen,
363 1551 1295 1665 sondern daselbst verbleiben mueßen.
357 1639 1222 1802 Wohin es mit dem Kind kommen.
174 1661 295 1764 E
378 1746 1397 1909 Das Kind habe es in einem Kriß haußen
189 1783 367 1903 R.
399 1867 1133 1982 außert den stall gethan.
207 1930 1416 2087 4 Morumb es aber das Kind darthin Ver¬
384 2028 598 2135 borgen
389 2082 1403 2231 Es habe gefächtet, wan die leüht das kinde
217 2129 331 2245 f.
382 2191 1425 2334 finden, Sie möchten sagen, Es habe Ihns Vmbracht,
335 2312 1397 2448 Es seye jarbey zu dem end an dises ort
156 2344 291 2466 I
369 2410 1382 2533 Vnd in den stall gangen, dises Kind vmb¬
356 2490 629 2614 zubringen.
344 2549 1366 2700 Wan es begehrt hette, das kind umb zu
176 2599 308 2726 .
356 2656 1353 2783 bringen, so hatte es wohl an andere ort
348 2744 1386 2879 da Ihns niemand gekent vnd gesehen hette
365 2836 1242 2964 und auch nit so weit gehen wollen.
310 2935 1377 3079 Worumb es dan im stahl verbliben, und nit
108 2954 246 3104 He
348 3036 1318 3167 in die stuben zu den leüffen gangen.
307 3123 1354 3272 Es seye in der stuben auch gsin, vnd her¬
152 3170 256 3268 H.
325 3216 1384 3351 nach in stall gangen, weilen Jungs Marten
311 3291 964 3401 Volk in der stuben gsin.
300 3388 1343 3543 Vnd obgleich hierüber disem mentschen mit
298 3500 1368 3639 allen ernst zugesprochen worden, daß jah
2632 327 2740 416 235.
1691 393 2740 514 allein ansehen nach, es diß kind umbs Leben
1676 478 2729 617 gebracht haben müeße, und solle derohalben
1661 571 2736 694 Die wahrheit hierin nit verhalten, sonderen
1667 662 2724 786 Gott die Ehre geben, vnd sein verbrächen
1677 735 2585 883 der oberkeit freywillig bekennen.
1719 879 2690 1009 So hat es dennoch gar nit gestehen wollen.
1586 910 1688 1028 R.
1708 959 2754 1093 daß es das Kind vmb Leben gebracht haben
1728 1065 2780 1164 sondern ist darauff verharret, daß es solches
1707 1134 2662 1267 zethun, auch nur nit im sum gehabt habe.
1700 1260 2773 1394 Solle dan sagen, auf was weis und manier
1572 1300 1683 1415 2
1713 1364 2285 1455 es kindbetteren worden.
1716 1422 2789 1567 Es seye gestanden, da es kindbetteren worden.
1552 1456 1650 1577 R
1710 1559 2782 1682 Worauff ihme abermahlen vorgehalten worden,
1563 1593 1654 1732 2
1708 1647 2740 1757 daß Ja eben hierauß zu schließen, daß es
1722 1721 2767 1848 auf die Meis begehrt habe, sein Kind vmbs
1698 1808 2098 1941 leben zu bringen.
1695 1904 2714 2028 Es ist aber widermahlen darauff verharret,
1531 1888 1648 2026 N.
1700 1987 2640 2107 dlas es solches nie im zum gehabt habe.
1690 2088 2773 2204 orumb es dan dem kind die näbelschnur
1519 2111 1633 2248 2
1695 2167 2676 2289 abgehauben, vnd so verbluten laßen.
1533 2258 2780 2416 A. Die nabel schnur habe es war abgehauwen,
1719 2348 2734 2466 allein es könne, gar nit sagen, daß das kind
1686 2432 2182 2569 Lebendig gsin seÿe
1691 2509 2791 2656 Ob das kind sich dan gar mit verruert habe?
1555 2555 1612 2658 z
1713 2610 2783 2731 Es könne nit sagen, daß es sich verruert habe
1546 2635 1682 2744 .
1698 2681 2697 2800 so seye ihmme auch, nachdeme es kind betteren
1681 2768 2770 2889 worden, Vnd die nabel schnur abgehauwen, wehr
1678 2843 2604 2947 Worden, daß es aufs strahlo gefallen
1680 2947 2734 3098 zu Melcher Zeit dan, er das kind das letste
1562 2980 1632 3098 d
1701 3054 2581 3168 mahl, als gebendig, verspürt habe.
1727 3115 2772 3252 Es könne nit sagen, daß es am tag zuvor
1549 3147 1666 3291 .
1710 3218 2200 3350 sich verruert habe.
1682 3311 2802 3448 Es müeße. Ja etwas böses im sein gehabt haben
1520 3338 1635 3491 2
1665 3403 2773 3512 Weilen es auch deren Leichten, so am abend, da
1694 3475 2806 3599 es kinder betteren worden, ihns deßwegen anges
1667 3539 2756 3698 redt, gelaugnet, daß es schwanger seye.
2806 1806 2837 1883 b
