3024 4032
141 187 301 308 106.
577 268 1003 438 Jost Obersald.
570 423 703 552 von
231 570 1410 683 Welcher schon vor disem zur barmration Verfelt
301 635 1400 745 worden, die bannisation aber niemahlen angetreffen
278 715 1414 859 sonderen im land verbliben, ist widermahls von Megher
298 812 1377 933 Zur banniration erkent worden, also daß Ihme die
295 880 1401 1030 Eydt Tasselen vnd der bannations, Eydt vorgelassen,
285 986 1389 1123 und zu formalischer schweerung angehalten, auff ver¬
250 1080 1386 1214 Weigerende würkliche eydschlierung aber, selbigen
259 1167 1368 1298 E mit der commination daß wan er sich ohne Oberker
255 1242 1400 1377 begnädigung laider ins land gegeben und darin betretten
273 1329 1398 1441 wurde, er als ein meyneydiger werde angesehen werden,
268 1401 1381 1538 durch die profosen auff die Grentzen geführt worden,
270 1477 930 1608 solle. Actum 15. julii 1707.
448 1690 1206 1856 Anna Babi, das jungere
465 1793 912 1918 von Ottmansrechen
242 1838 479 1983 Ist, wegen
237 1924 1343 2086 biß auf scheinbahre beßerung ins schakenwerk überge
237 2026 1020 2173 ben worden. Acten 28. julii 1787.
633 2233 905 2388 Ahnell.
391 2344 1224 2493 Der alhier geleßen, wegen begangenen
1229 2396 1297 2463 .
213 2431 1296 2570 Ehebruchs aber entsetzte battelvogt, ist krafft ober
217 2508 1313 2664 keitlicher erkantnus von wegen er auß dem allmusen
192 2592 1249 2732 meldendet, für drey Monat lang von Statt vnd
167 2700 1281 2828 wand verlesen worden. Acten 29. julii 1707.
167 2796 1259 2965 Den novembris mai ist er von Meyern den
195 2918 1334 3028 Nächten widerumb begnädiget, vnd das Land ihme wider
180 2988 567 3107 geöfnet worden.
431 3045 1222 3203 Jud Moyses von hellschausen auß hoßen
141 3149 1327 3282 Welcher vor herren Landvogten von Wangen von wegen Er in Verdacht gefallen,
184 3242 1269 3325 daß er einem bauren den sekel nemmen wollen auß dem Hertzogenbuchser Mart
190 3297 1332 3387 eingesetzt, auf sein vorgeben aber, daß er zu unser Religion sich bekehren wolle, alhar
163 3353 1311 3465 geschikt worden. Ist wegen an ihme verspührten wenigen eysers und schlech
169 3422 1326 3525 ter erkantnus mit einer krefftigen remonitranz und betreüwung, so er weiters
166 3495 1320 3609 in megklen landen verspührt und erhascht wurde, er mit empfindlicher straff ver
163 3551 1296 3652 de beleget werden, durch die profosen auf die grentzen geführt worden.
148 3608 930 3732 Also erkent vnd exequiert den 13. July 1707.
2685 204 2860 297 407.
1960 319 2530 459 judith Leipra
1894 422 2444 547 Von St. Saphorin
1601 564 2835 755 Ist wegen diebstahls gegen Decano Michaus
1570 639 2861 850 begangen, in das schallenwerk geschmidet worden,
1625 753 2208 921 Den 24. Julii 1707.
1914 981 2690 1134 Jacob Gegen, von Nidaulo.
2159 1067 2281 1147 Vnd
1863 1107 2654 1286 Isaac Martii von Ligert.
1598 1269 2834 1431 Sind krafft oberker Erkantnus, als Ruchlose gesellen
1628 1373 2813 1512 mit eingen an ihren halßen ins schallenwerk überge-
1565 1448 2823 1580 ben worden, in meinung, daß vor außlauff zweyer
1611 1542 2788 1669 Jahren Sie nur umb keine gnad anzehalten haben
1599 1630 2506 1749 sollend. Acten 30. augusti 1707.
1838 1814 2432 1977 Michel Rost
1867 1953 1965 2041 Von
1544 2003 2780 2164 Welcher, weder die in seiner Scheuler geleßnen
1616 2107 2741 2228 Heußer angeben vnd nahmhafft machen, noch dem
1610 2208 2757 2323 bannisations- Eydt prostieren wollen, ist vermöge
1581 2269 2791 2400 Oberthr Erkantnus nach vorläsung deß bannisation,
1600 2347 2798 2469 Eydts, durch die Profosen auß die Grentzen geführt
1585 2434 2714 2567 Worden, mit der ernstlichen insinuation, daß Er
1600 2512 2794 2651 sich nit ins Buchenbergische als welcher Bezirk auch
1614 2591 2795 2726 im bannisations Ers begriffen begeben, Vnd wan er
1551 2680 2688 2816 Hierüberhin im land wider erdappet wurde,
1602 2774 2789 2908 er als ein meineydiger abgestrafft werden solle.
1592 2851 2193 2981 acte 31. augusti 1787.
1812 2979 2351 3153 Elsbeht Jost
1830 3113 2396 3237 von Großen hochstetten.
1542 3191 2753 3333 Ist, wegen begangenen zweyten Ehebruchs, nach
1592 3308 2763 3432 inhalt gesatzes eydlichen von Statt vnd Land banni¬
1587 3392 2746 3541 ciert worden. Alt 5. septembris 1707.
