3024 4032
195 123 318 238 138.
346 223 1502 512 mögen, sein Vatter aber seye ihme nachen glogen
322 371 1462 553 habe Haunsteten abbrochen und nach ihme ge
313 472 1471 649 worffen, sagend, es solle ihme warten oder
352 571 1033 747 nit mehr ins hauß kommen.
265 732 1469 929 D. Was sie im herren schwanden hölzli under
312 836 964 981 der Eych, sie gemacht.
258 986 1481 1147 R. Sein vatter habe ihns neben der Eych ein
311 1091 1414 1220 gezogen, aber wo es die fr dort gesehen,
305 1167 1448 1315 seye es hürtig wider aufgestanden und fort,
302 1257 1444 1427 gangen, habe den nobs dort auch gesehen.
233 1382 1440 1572 Fr. Ob es dem Vatter aldorten nit ein mund,
293 1516 691 1632 schen gegeben.
258 1619 1443 1776 R. Es könne wohl sein, es lauße es aber nit
318 1709 1403 1854 entlichen sagte es, es heige solches gethan,
286 1819 1251 1958 seinen Vatter darmit abzutädigen.
237 1953 1431 2090 2. Ob sein vatter ihns nit auch beym thürli in
256 2060 1394 2198 der Riederen nidergeworffen, geschleipfft, vmb
287 2150 1422 2297 einanderen zehrt und zogen und auch aufdeken
255 2223 476 2333 habe.
224 2346 1378 2499 12. ja, aber doch habe er ihns nit vast
285 2443 566 2573 aufdekt
244 2539 1362 2705 E. Ob das deß Nobsen stras gsin seye, loo
280 2648 844 2796 er ihnen nachgangen.
252 2784 1356 2953 2. Nein, er seye sonsten gang nahen kommen.
206 2948 1375 3109 Indt: Es erscheine darauß, daß es Negern
226 3054 1415 3215 gehabt habe, daß der nobs ihnen geng nachgangen.
208 3214 1400 3356 . Nein, es seye wohl zufriden gsein, daß er ihnen
228 3294 1375 3437 nahen kommen, es habe auch zu ihme geruffen, als
229 3390 1420 3513 Er sich verborgen und einen stein an hausen geworffen,
217 3475 1397 3613 Vnd gesagt, Er solle nur furhin komen, es ware
2744 237 2883 341 393
1684 329 2806 502 Ihme aber wohl angestanden, daß er ihne
1675 414 2890 576 sumbgeführt hette, weilen er ihne umb vatter
1664 498 2320 678 willen darumb gebätten.
1623 630 2865 855 . ob sie nach disem nit noch an einem anderen
1682 735 2806 877 ort zusamenkommen und es seinem vatter
1654 829 2870 986 daselbsten nit gelauset habe, vnd warumb es
1655 894 2877 1076 gloch das gethan und sich nit villmehr fortgemacht.
1668 1037 2882 1219 s. Der vatter seye ihme nachgloffen und habe
1678 1123 2861 1309 ihns wider bezogen, es habe ihme wohl müeßen
1666 1240 2883 1395 lausen, habe geert, er werde es etlian vergeßen
1626 1375 2880 1569 e. Worumb es aber damahls nit auch geschrauben.
1636 1528 2606 1724 R. Es habe frylich auch geschrauben.
1625 1667 2714 1859 a. Ob jemand die daselbst verjagt.
1633 1839 2828 2018 R. Nein, sie seyen lang da geholet, doch seye
1690 1955 2853 2065 entlichen deß herren Predicanten von Schupsten
1647 2052 2858 2179 sohn kommen und dannen Joß seye von Lindach
1682 2134 2291 2279 mit ihnen heimbgangen.
1646 2258 2789 2413 Ingt. Vnd wie solchem nach Ihme vorgestelt
1653 2370 2821 2491 worden, weilen es den vatter gebüßt, auch da
1664 2460 2853 2574 mahls als auf deß nobsen anmahnen, es in etwas
1661 2542 2857 2640 fortgeloffen, dennoch alzeit hinder sich gelugt, ob der
1665 2624 2864 2757 vatter nahen komme und dan beym thürli bey der
1648 2729 2885 2831 Riederen einen größeren kummer, umb die in henden
1654 2811 2852 2933 getragene fläschen, als aber vmb sich selbsten
1645 2904 2884 3025 gehabt, und sich also nit gewehrt, wie es wohl hette
1652 2992 2813 3132 thuen können, daß ja nohtwendig auß disem
1663 3098 2817 3217 allem scheine daß es an disen schandlichen sachen,
1661 3168 2774 3316 auch ein wohlgefallen getragen haben müeße.
1621 3256 2759 3435 N. Hat es hierüber stihll geschlagen.
1636 3413 2757 3573 jnst. Als es aber in fernerem krefftige
1651 3519 2814 3661 ermahnt worden, gott die ehre zu geben und
