3024 4032
186 254 306 363 186.
335 360 1497 566 E. Ob er niemahls zu Dedingen im Fryberger
418 479 832 623 gebiet gelesen.
331 614 903 755 f. Nein niemahlen.
339 772 1445 930 e. Was für Cameraden er im ostenhauß zu
416 878 1037 1014 Holgisried bey sich gehabt.
339 993 1490 1161 Z. Peter Mischler Vnd Gristen Pfander haben
418 1112 1469 1238 vom herren landvogt Millading patenten gehabt,
412 1199 1394 1327 ert zu suchen, die habind damahls auß dem
1394 1252 1436 1317 .
394 1267 1471 1426 Simmenthal und auß dem Mellichen land einiches
403 1387 1468 1506 Ertz mit sich gebracht, welches er Ihnen daselbst
412 1474 1412 1610 im ostenhauß habe hulffer schmeltzen, sonst
370 1549 1148 1700 Wüße Er von keinen sachen mit
280 1672 1473 1823 z ob er sich deß jenigen diebstahls nit theilhafft
387 1775 1454 1907 gemacht, so dem herren sekelmeistern Castelar
353 1856 1436 1996 von Frÿburg auf seinem Landgeht zu Ballis
411 1948 795 2068 Weil geschehen.
271 2021 1416 2163 . Er danke Gott, daß er damahlen, als diser
418 2128 1397 2241 diebstahl im Fryburg biet vorgangen, nit im
412 2202 1415 2330 land gsin, sondern vom schmeltzen herren ins
360 2297 1391 2422 Wollis land geschikt worden, da er dan mit
365 2372 1422 2512 hin und widergehen, acht tag zugebracht, auch
401 2456 1368 2596 nachdeme er anß Wallis widerkommen und
370 2544 1400 2689 zu Vnderseen, alda er selbiger Zeit haußheb¬
387 2637 1432 2780 lich gelorden, bey seinem weib und kinden bloß
378 2732 1415 2856 einmahl übernachtet, seye er in luterbrunnen
371 2810 1401 2948 gangen dem Schmeltzin herren wegen seiner
356 2881 1421 3047 Verrichtung beschetzt zu bringen, welcher Ihne
363 2972 1415 3132 zley oder drey Tag darnach widerumb
375 3075 1413 3194 Wegg, vnd auß einern zugeschikt, da er
370 3156 1420 3297 dan abermahlen mit hin und widergehen acht
384 3239 1412 3338 tag zugebracht, und dises könne er mit
387 3300 1397 3446 mehr dan zwentzig persohnen bescheingen.
231 3412 1388 3562 2. Auß was ursachen er das erstemahl zu
427 3514 1036 3648 tun eingezogen worden.
2643 310 2759 401 181
1679 412 2803 632 s. Er hauße nit auß laas für ursachen ver-
1791 562 2812 748 meine aber, daß es darumb beschehen, weilen
1786 641 2819 833 Der herr landvogt von Schwartzenburg gahn
1779 723 2794 889 Edun geschreiben, welches Vnder den leuten zu
1780 842 2485 995 Stestirburg ein rumor gegeben.
1677 963 2760 1126 e. War für sachen man damahls bey, und
1777 1070 2330 1216 hinder ihm gefunden.
1649 1178 2763 1348 f. Er hauße anders nichts, als ein maßer und
1761 1286 2715 1434 in seiner wohnung ein arzney Büechlich lie
1743 1369 2625 1506 auch etlian bey funst pfinderen bley ertz.
1669 1486 2748 1647 e. Ob er damahls nit auch ein zauberbüechli
1741 1592 2305 1702 gehabt und gebraucht.
1646 1685 2810 1847 R. Nein, Er habe dergleichen Büechli keins gehabt,
1758 1789 2129 1903 noch gebraucht.
1630 1883 2840 2036 2. Ob nit dergleichen Beichli hinder ihme gefunde
1741 1985 2820 2133 den worden, als man Ihne gefangen genommen.
1627 2070 1759 2244 f.
1791 2084 2794 2237 Es könte wohl sein, daß ein solches Büechli
1753 2184 2809 2319 dort gsin setze, allein es habind außert ihme
1759 2284 2796 2424 noch ander leüt mehr in selbigem haußgewohnt
1752 2371 2805 2528 einmahl wüße er gar nit von dergleichen büchli
1719 2468 2810 2592 Wohl aber habe er etliche chymische Buecher
1725 2566 2812 2683 gehabt, darvon er verlauhteren summer zwey
1707 2625 2799 2781 bey Heinrich Trüscher dem schloßer zu thun
1728 2730 2810 2876 Vmb 16 t bazen versetzt, das Ernte heißen deß
1687 2803 2806 2985 Künigs Hooff Apotek das ander Frater
1690 2920 2192 3081 Basilii Valentins
1626 3051 2792 3197 2. Ob er nit auch ein Buechli gehabt, welches
1702 3135 2749 3291 handle, wie man dem metall den silberthon
1705 3217 2490 3357 geben und leiß machen könne.
1616 3309 2812 3470 N. Es könne wohl sein, daß er ein solches zuecht
1723 3426 2766 3546 gehabt der Goldschmid schärer, habe auff
1732 3504 2816 3657 ein Zeit Ihme eins entlehet, das von dergleichen
2805 1229 2856 1295 e
2813 1572 2860 1635 e
