3024 4032
193 260 267 352 3
291 185 409 326 40.
383 248 1450 379 Bättend aber gott, eine hoche oberkeit und
390 337 1511 458 Alle die sie dardurch beleidiget umb verzeich
402 405 513 503 ung
376 460 1483 593 und obwohlen Miche Examinator hierauf
385 546 1453 650 Alles ernsts an sie gesetzt, und getrachtet
380 610 1477 716 ein mehrers von ihnen herauß zu bringen
357 668 1436 771 so beharreten sie dennoch vor an- und
380 727 1454 836 nach der Marter uf steis und vest daß sie
384 790 1478 907 in ihrer dißmahlen gethaner bekandtnuß
379 853 1451 957 die bloße wahrheit und alles außgesagt
374 932 1471 1041 waß ihnen bekannt seye, darbey keine
365 997 1459 1098 andere und mehrere diebs gestahnen oder
373 1062 1414 1169 Complices als offt gedachten Bartli und
368 1131 1472 1243 Jacob Kästli nit gehabt und gantz und gar
370 1199 1382 1301 einiche weitere Diebstähl nit begangen,
343 1261 1427 1356 wüßend auch nichts von einichen Charmes
349 1316 1407 1432 noch künsten darfür sie Gott behueten
348 1396 1458 1504 wolle. Dieses ist also das jenige Waß auß
340 1449 1458 1568 Ihr Befelch mit diesen gefangenen Verrich
341 1517 1160 1630 tet worden. Actum vorstaht.
2745 277 2854 371 41.
1948 328 2558 455 riminal Process
1742 420 2759 555 Henrich Wihrts von Rohrbis
2099 503 2202 585 und
1734 533 2766 655 Heinrich Kuntz von Waldern
1966 608 2741 739 Beÿd ußem Zürich gebieth.
1666 765 2866 920 In heil und göttlicher schrifften werden
1704 862 2857 970 Boßhaftige Menschen offtmahls dem mige
1666 928 2863 1034 stuhmen Meer verglichen, dann gleich wie das
1656 991 2878 1091 selben, wann es schon noch so still ist dennoch
1665 1055 2873 1122 liecht durch einen wind beweget wirdt, daß
1669 1133 2844 1218 es schaum und wellen außwirfften, gleicher¬
1673 1188 2859 1276 weiß laßen sich Gottlose Menschen liechtlich
2816 1264 2854 1305 .
1651 1238 2812 1344 durch den wind ihrer sündtlichen lusten be¬
1659 1306 2878 1384 wegen, daß sie in Veruebung allerhand Casten,
2241 1362 2432 1418 und wollen
1653 1366 2851 1443 ren gleichsam Schaum boser thaten von sich
1655 1431 2871 1523 werden. Danneicher Gott der Herr (welcher
1665 1493 2878 1577 dem muhtwilligen sunder in seinem Lauffmaß
1649 1588 2854 1653 und zihl stecket) denen im schlam der
1638 1639 2827 1746 Boßheit sich weltzenden Marischen durch sein
1662 1721 2865 1808 unfehlbahres wohrt vorlengsten betrohwlich
1647 1763 2840 1881 anzeigen laßen, daß ihnen die sonnen
1644 1832 2888 1938 umb Mittag und ergehen, sie Ihres Ruhestands
1638 1894 2819 1986 Beraubet, In große Trubzahl gestürtzt, Ja.
1645 1995 2848 2070 gar auß dem Landt der Lebendigen außge¬
1647 2035 2857 2150 rottet werden sollen. Zu dem end er als
1645 2108 2815 2208 der oberste Richter Himels und der Erden
1636 2181 2879 2276 eine Jede Landts oberkeit als seine Statthal¬
1638 2237 2870 2320 terin auf erden neben einem Ehren Scepter
1642 2306 2840 2407 zu belohnen Tugend und Fromkeit, sie auch
1648 2375 2858 2485 mit dem Nachschwert umb Gürtet, auff daß
1645 2454 2861 2551 dardurch Caster und Goßheit der Menschen
1642 2535 2885 2617 mit macht und ernst hinderhalten, confusionen
1626 2588 2889 2690 verwehret dargegen aber sicherheit und ruhw
1640 2645 2879 2734 imm land geeüßnet werden möge, Inmaßen
1629 2717 2866 2829 meyhen und oberen in tragung vätterlicher vor¬
1641 2775 2846 2893 sorg die ihrigen wider unbillichen gwaldt zu
1649 2845 2863 2957 schutzen und einen jeden in rühwigem possess
1638 2916 2885 3034 des seinen zu erhalten solche, die ander leü
1635 2987 2874 3093 then guht durch hochsträfftlichen raub und dieb
1632 3080 2848 3162 stahl gottloser weis an sich zeüchen als ver¬
1629 3135 2878 3228 stöhrer der menschlichen Societet und gemei
1633 3195 2881 3299 ner sicherheit mit erforderlicher rach und straff
1627 3262 2833 3353 belegend, wie dißmahl geschicht, da zu einem
1636 3326 2814 3429 abermahligen bedencklichen exempel und
1630 3397 2850 3510 jedermeiniglich zur Wahrnung vorgestellt
2569 3480 2807 3576 werden etc.
