3024 4032
132 171 283 290 44.
91 598 297 741 sage zeit.
333 182 1380 409 Hares Meyerhoffer auß dem
349 339 773 490 Zürich gebieten.
300 492 1474 654 Ist ohnlengst wegen vernebten diebstahls in in
316 588 1475 761 zweymahl nach einander alhier durch den scharpff
321 678 1365 833 richter mit der ruthen ausgeschmeitzt und des
321 770 1419 908 lands berissiert worden, weilen er aber wegen
327 847 1448 1004 ferneren vernebten war gringen) diebstahls
313 921 1392 1096 wider ergriffen und anharo gebracht worden.
317 1042 1356 1162 als ist nach angehebten examine befunden
322 1110 1438 1247 worden, das er nit gesunder sinnen und hiemit
303 1205 1368 1335 vergeblich ihne mit fernerer abstraffung
291 1295 1318 1446 zuzüchtigen deßwegen er von gmeind zu
312 1391 1398 1536 gmeind mit einem bericht seiner beschaffenheit
278 1492 1434 1640 halb bis in Zürich geführt worden, den 30. tag junii
278 1584 454 1667 1705.
1325 1612 1409 1781 d
319 1837 1348 2025 Gristina Arni sonsten das
219 1920 321 2025 swer
387 1943 1342 2075 handtgarben stim genandt auß
545 2036 1271 2133 Der kilchöri grembgardten
202 2093 1436 2265 Als ein unnütze burdi und verdächtige dienen
199 2200 1394 2364 und exposition ihres kinds, deßwegen es des
216 2301 1370 2455 lands bonisiert worden. Datum 11. tag junii
211 2413 376 2496 1705.
480 2596 689 2748 Jacob
187 2680 1308 2847 Hans Neumpreidt aus dem
334 2788 1310 2934 ambt Wangen
221 2872 450 2980 1
135 2932 1412 3115 Aber die vortrag merwehligen herren eines
188 3055 1377 3223 ehrsammen außeren stattgrichts, wie daß
177 3171 1391 3337 H Jacob Mumprecht die entschlagnus gegen
164 3253 1419 3454 herren alt vogt Gatschet nit erstatten wolle.
173 3393 1321 3561 habend ihr gnaden erkendt, daß er als ein
177 3485 1355 3669 betriegischer vorgeltstageter und ohne daß
2731 260 2842 379 45
1649 349 2768 513 wunge landtburdi Eydlich von Statt undt
1647 458 2771 591 handen verwisen werden solle, Actum
1594 561 2156 724 30. tag junii 1785.
1903 685 2015 779 1
2448 762 2641 890 det wor
1625 898 2639 1085 lerne Dumas und Marie
2532 986 2595 1063 e
1737 1052 2376 1185 gantelme
2439 1056 2617 1177 eressen
1676 1192 2725 1374 Aim schlimmes humpen und huren gsindle,
1682 1312 1731 1379 e
1708 1299 2780 1466 sind dato Eydlich von ihr Gnaden Statt vnd
1680 1387 2758 1561 hand verren worden. Den 4. tag julii 1705.
1726 1791 2612 1977 Barbli Eychelberger von
1909 1929 2136 2081 Rynach.
1658 2063 2827 2240 Die hievor schon ein fehler begangen dißmahlen
1692 2196 2751 2348 aber ihrer leibsfrucht, einen unbekandten
1682 2291 2851 2459 Soldaten, nahmens Ullrich Hochman von Zürich
1672 2402 2819 2547 zum vatter angegeben, so in kriegsdiensten sein
1711 2495 2760 2646 solle, deßwegen sy mit den kragen die
1658 2596 2836 2750 statt hin under geführt und des lands verwisen
1663 2703 2499 2851 worden, den 13. tag julii 1705
1842 2841 1921 2949 h
1873 2939 1916 2997 A
1853 2962 2807 3144 acques Herber von Duarrens
1690 3115 2748 3302 So sich in hiesiger gfangenschafft befind, ist
1688 3242 2855 3412 wegen seines störrigen kopfft in daß schallen
1672 3340 2817 3485 werck übergeben worden, den 20. julii 1705.
1565 3444 2892 3605 4 und ergerlichen conduitte, mit Marie deville von Fallen
