3024 4032
43 3349 132 3481 E
56 2568 163 2675 R.
83 1748 162 1862 d.
112 124 216 200 14.
249 200 1431 325 gehabt und berüffte sich nochmahlen auf der
418 267 458 331 e
249 276 1415 414 Mad. Pittinand vnd Menon bericht, welche
242 380 1453 507 gesechen Ihn die Locher an seinem strumpf wider
225 451 1440 619 Verneyen, zeigte auch verners in seinem Lingg
255 537 1409 688 handschen einen kleinen Schnitt, mit vorgeben
205 635 1465 790 daß er mit der hand einen den wegen gefaßet
210 738 1288 860 darvon ihme der schnitt gemacht worden.
227 844 1381 1013 befragt. Ob er nit damahlen truncken gein.
224 945 1127 1078 da sich dieser Tumuet zugetragen.
234 1069 1318 1222 antwort. Er habe zwar truncken gehabt,
221 1176 1401 1324 Dennach aber nit so truncken gsin, daß er nit
236 1271 1052 1407 gewußt, wie die sachen hergang.
228 1375 1386 1509 Ob er nit an selbigem sontag abends ander
203 1444 1403 1582 Schanplatz-gaßen gefluchet und gelesteret und
211 1553 1370 1714 Darauf jemandts zu Ihme kommen, der solches
184 1635 691 1753 ihme abgewehrt.
208 1733 1347 1868 Er wüße sich deßen gar nit zu versinnen.
243 1812 1406 1978 und glaube nit, daß jemand solches von ihme
211 1897 691 2019 vorgeben werde.
211 2003 1309 2133 ob er nit damahls als er an der Schauplatz
1310 2018 1339 2118 .
183 2084 1287 2223 gaßen also gelesteret, den wegen bey dem
193 2199 1382 2323 Bougnet haltend, gesagt, er seÿe die Statt auf
204 2273 1364 2410 vnd abgeloßen, vnd habe den Jenigen nicht finden
203 2360 1391 2508 können den ersuche, auch bald darauf einem
191 2460 1418 2586 Frantzosen nach gangen und mit ihme expostulirt,
174 2569 1385 2714 Dierinnen gescheche Ihm zu viel, er seye wohl
189 2659 1406 2794 einem brantzösischen schneider nachgangen, gegen
186 2764 1357 2873 Baren graben, welcher eine tochter gefuhrt
160 2855 1360 2985 de er gekant, allein nit der meinung einiche
158 2949 1296 3082 Vngelegenheit mit Ihme anzufangen, maßen
176 3043 1363 3180 er auch, als er zu ihme kommen, ihme die hand
152 3139 1396 3281 auf den Ruggen geschlagen, eine gute Nacht ge¬
149 3240 1117 3374 gwünschten und darmit vorthgang.
153 3334 1331 3447 Als er in dem tumult die statt abgeloffen
162 3421 1369 3562 ob er nit gehört, ihme nachriffen haltet den
161 3504 986 3667 d. h. schelmen ich binblessirt.
1175 3621 1327 3719 fr
1612 204 1717 270 15.
1635 278 1689 367 d
1614 525 1706 644 E.
1612 794 1689 923 R.
1754 231 2952 340 Er habe viel geschreys gehördt, aber er selber
1765 331 2938 435 habe auch geruffen, daß mann ihm zu hilff
1737 392 2024 544 kommen solle.
1747 500 2939 639 Ob er nit auch auf eben denselben tag zu Zimmer
1746 611 2893 728 bruthen gewesen vnd gefragt, ob mit ein
1753 700 2594 817 gewüßer Kerli verhanden seye.
1735 785 2851 943 Hierüber betheüwrete er hochlich, daß er
1702 892 2928 1024 selbigen tags keinen fuß niemahlen zu Zimmerleüth
1713 987 2928 1107 gehabt, einiger Jemands nachgefragt, dann vmb
1703 1073 2952 1204 den mittag seye er mit dem Bubar und den Josue
1720 1168 2879 1309 die statt abspatziert, nachwerts seyend sie biß
1714 1247 2915 1403 ohngefehrdt 6 Vhren zu Schutzen gelassen von dannen
1714 1357 2846 1489 die an die Schauplatz gaße gang und als sie
1705 1460 2894 1592 wider die statt hinunder wollen, habe auch bey
1683 1543 2882 1678 deß Lautenburgers Hauß die Vngelegenheit
1684 1647 1953 1780 zugetragen
1695 1729 2933 1872 exclamirte auch mit diesen worten, ach Gott
1689 1820 2869 1958 ich siche, daß mann in meiner abwesen,
1684 1912 2854 2060 heit kundschafft wider mich aufgenomen,
1701 2005 2844 2168 Vnd viel Vnwahrheiten von mir vorgeben.
1678 2132 2933 2281 Endtlichen beharret er nochmahlen vest daruf
1678 2220 2915 2350 daß er den anderen stoß erst vnder der gerwerge
1690 2305 2893 2466 Lauben gethan. Actum den 29. Janus 1706
1646 2462 2816 2659 Bey so bewanten sachen nun habend
1684 2615 2862 2761 Mehrlohrn die examinatores gesechen, daß
1694 2740 2909 2835 durch das verrichtete Examen das geschafft
1682 2827 2888 2946 noch nit so weit gebracht, daß selbiges ihre
1670 2896 2798 3042 gul könne hattsam vorgetragen werden.
1659 3023 2858 3155 sonderen nohtwendig erachtet, zu solchem ein
1643 3114 2829 3245 Weilen er Callaranne darinnen etwelcher
1668 3219 2856 3355 Persohnen vnd vmbstanden gedacht, so wohl
1882 3300 2022 3369 sonta
1646 3336 2891 3477 die Consumation der auf E. Gret. Befelch
1650 3429 2892 3559 eingezognen Tischmacher gesellen als angezeug
2674 3576 2846 3653 nüt
