3024 4032
140 208 241 315 80.
272 274 1433 476 Martis Banck gestanden, seye der mr Kön
310 387 1403 552 die Schaal aufkommen und sich Anfangs auch
290 480 1396 635 deß studers banck gesetzt von dannen
306 594 1401 728 gett er hinüber auf deß Heggis banck
292 669 1402 845 allwo der kohr ein s h kalb entweydet,
286 770 1377 928 da habe er walther gehört, daß der
264 868 1399 1033 sohr zu dem König gesagt, er hätte nicht
285 957 1422 1131 gemeint, daß er ihm an sein kalb schnen
267 1056 1418 1228 etzen wurde, er solte witziger feren und
285 1167 1416 1325 thun wie ein meister thun solle, da
274 1251 1391 1422 rauf der kingen gesagt, er solle schweigen
270 1340 1422 1514 und das maul halten oder er geb ihm
270 1456 1388 1594 uis der kohr aber zur antwort geben.
198 1556 1418 1699 Er solle ihn rühwigen laßen, deßen ohngeacht
255 1636 1388 1790 habe der köng ihn angriffen und zwar
279 1743 1397 1883 grad eben wie der Rohr das Kalb aufge¬
249 1834 1348 1984 schloßen, damahlen habe der kohr das
246 1925 1374 2075 Meßer in der hand und sich gegen dem boden
254 2030 1380 2165 gehabt, hierauf habe der Uster stoß und
258 2129 1379 2263 andere mehr den lang gehalten und ihme
243 2211 1328 2377 abgewehrt der mister Abrich am Marti
256 2296 1357 2473 auch sie beyderseits vermahnet friedlich
212 2397 1379 2564 zu seyn und keine ungelegenheit anzufangen,
242 2494 1359 2661 igen, also daß der kangen etwas nachgelaßen,
262 2592 1359 2730 aber bald hernach wider mit einanderen
257 2685 1317 2852 angefangen zu Zanggen, da habe der
207 2764 1391 2932 kung den kohr einsmahls widrumb an
239 2858 1368 3040 grichten und zu Boden gezogen, also daß der
219 2965 1326 3120 kohr der lange nach neben dem banck auch
226 3055 1341 3227 dem rucken gelegen und der kang seiden auf
228 3150 1379 3308 denselben gebuckt, sich aber bald wider auf
218 3229 1354 3389 gerichtet und geschrauwen offend mein
225 3327 1381 3499 Bauch, damahls nun habe ihr Walther
221 3402 1383 3612 nichts gesechen, wie der Rohr das Meßer ge¬
1010 3604 1259 3739 habt,
2718 156 2824 250 81
1632 223 2904 462 habt, wüße auch nit zusagen, wie der König
1640 377 2183 548 gestochen worden.
1584 587 2876 812 Bernhardin Blanck von Schaffhaußen
1616 735 2891 876 Mstr Rudolph Rübis knecht, sagte, daß alß
1600 803 2879 989 er verwidenen sonntag abends die schaal auf
1622 915 2865 1071 biß zu deß Rohes banck kommen, habe der bahr
1639 1012 2855 1160 grad eben ein kalb aufgehauwen, da sole er
1610 1101 2877 1267 glanck verstanden, daß der Köng mit dem
1607 1207 2878 1361 mohr angefangen ganggen und hab ihn an
1617 1295 2854 1468 greiffen wollen, allen der herren stooß und
1629 1383 2879 1556 andere mehr so zugegen waren, habend ab
1617 1489 2824 1656 gewehrt und wie es darauf wider still
1621 1587 2866 1750 worden, seye er glancksamber zu einem
1619 1675 2846 1834 anderen banck gangen und weiters nichts
1624 1781 2860 1939 mehr gesechen nochen gehört, alß biß der Köngen
1626 1906 2207 2040 angegangen gschwegen.
1594 2101 2862 2283 Author Benedict unser David He
1618 2222 2835 2373 medicts sohn zeügete, daß er selbigen sontag
1611 2306 2855 2439 Abends in der schaden seinem bruder Wilhelm
1587 2379 2842 2533 Benedict drey s 2 Kalber metzgen helffen
1627 2461 2838 2616 und in dem Gräbli nechst dem jenigen banck
1627 2547 2858 2711 gestanden, das der unglückliche fahl sich begeben,
1619 2640 2862 2801 da zwar er benedict den anfang nicht ge
1607 2725 2828 2887 sechen, sonderen erst da der Johannes kohr
1630 2825 2817 2984 mit dem mister Königen er anfangen starck
1599 2914 2846 3064 ze worten, habe er gehört, daß der kohr zum
1594 3016 2835 3169 Mstr Rang gesagt, laß nichtens frieden
1609 3117 2834 3252 Ich bin bey trierner arbeit, welche wort der
1596 3196 2811 3339 Rohr zum anderen mahl widerholt und genann
1597 3291 2811 3435 esprochen, daß mich mit frieder ich bin bey
1610 3374 2805 3489 meiner arbert, wann die wilt ein ver
1598 3466 2823 3623 ständiger meister seyn, so thue wie ein mstr
2467 3613 2643 3754 thun
