3024 4032
234 336 1408 539 Nerber, Jagues, v. Diariens, begen ärgerlicher Aufsich,
450 476 741 577 rung, M. 45.
232 554 1382 726 Stenenschlünder, Stillind, wied ald in Anfahlbaren des
471 657 988 802 Länder verliesten. 142.
553 750 1154 893 li, wegen Ehebruch. 233.
224 1177 1405 1353 Ith. Marte, v. St. Gallen, eine diene, bind und geschmeicht. 43.
212 1271 1403 1451 Oberbühler, Murig, v. Muri, wegen Andreißung uns dem
477 1391 879 1514 Schallerberk. 211.
201 1469 922 1623 Wenberger, v. Benger, Cathen.
208 1939 1280 2112 Peneveyre, Prangise, wird des Landt verbieten. 3.
206 2040 1364 2219 Peter Rudolf, auf dem Zürich gebiet, wegen Entbindung 109.
204 2145 1398 2303 Sapar, Jean millaume, bind in des Schallenberk erkennt. 162
186 2238 1379 2387 Portner, Peter u. Marin Keßler, seine Frau, beiden als
402 2340 1301 2476 uncherschweifende Leute verbieten. 174.
187 2406 365 2485 Dno.
195 2424 1413 2587 spante, Hans aus Buggerberg, begen Falschmünzen d
426 2535 766 2660 177. 187. 190.
176 2880 1099 3083 Stundligen Mann, begen diebstählen. 1.
166 3033 1119 3181 Rothentlich, Gabriel, wegen Ehebruch M. J.
159 3130 1181 3276 Reist, Hans, v. Aerbangen, wegen Ehebruch 46
160 3225 1332 3376 Roln, Joh. Burger u. Statgwaller, begen Tod schlag 11.
156 3305 928 3458 Rath Stichel wird beinfirt. 10.
149 3412 1318 3545 Ruß Margreithe, vnd Krättigen, begen Kind mord. M.
147 3504 1366 3661 Ruch, Joseph vnd Zurrenroth wegen leichtfertigen Lebens. 1614.
1681 405 2730 587 Reltermund hand von Rothenbach wegen Ehebruch 164
1683 520 2709 685 Rychen Catheis brütigen wegen diebstählen 166
2426 619 2523 668 uhel
1688 601 2752 759 Rohrbach, Sihl, der Bruchschneider, v. Erlenbach, wegen
1933 695 2677 844 schlechtem u. störrigem Verhalten. 218.
1675 1157 2540 1332 Scharnachthal, Maria, bind mit 3. Thalern
2660 1237 2786 1340 n des
1935 1270 2345 1397 Lander verliesten. 3.
1673 1304 2536 1491 Stettler, Cathri Meister Kühler des Glase
2670 1373 2756 1487 nau,
1932 1427 2364 1567 begen Ehebruch d. J.
1871 1501 2496 1648 Maria, wegen zeigenn ihr
2664 1536 2822 1632 Kindt.
1672 1592 2493 1754 Schlatter Sillhaus begen Richt bezahlung
2662 1622 2825 1717 adieren
1922 1681 2006 1766 32.
2704 1724 2817 1804 17. 108.
1684 1725 2507 1886 Stähli, Christia, v. Oberhalli wegen
2665 1778 2842 1882 3. 93.
1675 1818 2462 1978 Steffan Margreth wegen zu lignung her
2665 1864 2791 1950 B. 43.
1678 1925 2339 2060 Schaffroth finenel v. Killber
2660 1967 2812 2084 ay seine
1963 2008 2452 2137 Frau zu beschlafen. 2.
1677 2055 2498 2241 Steiner Elsbeth und Oberlegt, wegen habe
1678 2176 2489 2312 Stalder Hans wegen Lanndtrohung. 9.
1666 2268 2501 2385 Stuker, Uli und Trachsel bald lied alden
2657 2283 2796 2418 all
1922 2356 2498 2461 und Schallenwerk erkennt.
1666 2407 2441 2546 Scheurer, Rudi st. Jorgen, wegen ein
2666 2462 2842 2553 nolens. 10.
1659 2515 2536 2675 Schnell, der entstahte Kettelvogt, begen
2658 2538 2801 2665 detem
1954 2623 2302 2710 Allmusen. 106.
1856 2690 2597 2831 Albrecht, v. dern, wegen hinbruch. 10.
2657 2704 2725 2785 10.
1653 2787 2824 2928 Sommer, Michel, wird als ein unnüther Solum in Schal¬
1909 2881 2399 2977 lenwerk erkennt. 10.
1665 2919 2609 3076 Spilmann, Madle, wegen diebstählen 166.
1666 3025 2753 3185 Schneider Elsbeth v. Walleringen, wegen Ehebruch 1 l.
1669 3110 2716 3274 Schär, Stuerin, vnd Bürwenroth begen Ehebrich 197.
1654 3221 2788 3360 dn Second, Armund auf Langnadok, wegen diebstahl, 211.
1664 3310 2771 3459 Stäck, Christen, v. Walbringen, begen Eide übertre¬
1909 3406 2161 3510 tung 212.
1661 3450 2529 3614 Schragen, hund, wegen Bellung 212.
