3024 4032
355 402 1443 540 keines mehr: abe also gar keine thaler
388 509 1383 642 Ichmahlen gemacht, vnd auch keine rappen
413 600 1374 729 mehr, als was er bereits bekent, so
370 705 1395 816 habe auch niemand deßen, so er gemacht
412 799 1417 894 miche loußenschafft nit getragen, vnd
404 892 1359 1013 Wüße also von keinen mitthäteren
385 995 978 1124 gantz und gar nüt.
354 1107 1401 1225 Vnd weilen nun keine mehrere vmbstend
396 1198 1356 1330 zu seiner mehreren überzeugung, vnd
415 1288 1409 1405 verdachte machung nit eingelanget, als
389 1368 1427 1478 hat man weiters nit gehen können, son¬
400 1459 1425 1578 dern disere sach Mehlen hinderbringen
387 1552 1435 1652 Vnd mehreren befelchs darüber erwarten
360 1655 1255 1774 wollen Acten 14. junii 1710
2608 205 2735 345 227
1746 334 2576 532 Hans Großenbacher
1966 455 2421 554 von Schmidigen
1654 701 2775 847 Nachdeme des Vihler mißet haben halber
1696 800 2777 926 Verschreyte Hans Großenbacher von Schmidigen
1695 879 2724 1031 ambt Trachselwald im Solothurner gebiet
1727 972 2759 1138 erhascht und auf hiedigen standes ansuchen von
1711 1046 2763 1219 dort verabgefolget, vnd alhar naher Hern in die
1700 1124 2765 1291 gefangenschafft geführt worden. Ist auß ober
2715 1221 2743 1273 n
1704 1201 2713 1410 Ehr veranstaltung derselbige, anfengklichen
1720 1300 2757 1455 durch meinen hochgeehrten herren zaulherren
1733 1382 2779 1526 von Dießbach, hernach aber in deßen abloa¬
1718 1453 2734 1602 senheit durch Meinen hochgeehrten herren
1708 1533 2722 1710 geng herren von Bonstetten, mit zu thun
1717 1619 2811 1777 Molohlen Großleibel Wurstenbergers vnd
1718 1709 2777 1863 mein deß Grichtschreibers, den 20. 2 vnd
1720 1775 2802 1963 30. junii, wie auch den 14. julii diß lauffenden
1721 1877 2808 2021 1710 jahrs und zwar erstlichen nur eret,
1708 1965 2810 2116 wörtlichen, hernach aber auch peinlichen Vnd mit
1706 2056 2829 2218 dreymahliger anwendung der Einfachen oder
1737 2152 2807 2310 Luhren marter über eint vnd andere miße¬
1744 2248 2810 2392 thaben, derenthalb er in nit geringen verdacht
1743 2325 2764 2473 gefallen ware, examiniert, vnd dardurch
1752 2395 2842 2547 nachfolgende vergicht auß ihme gebracht worden.
1748 2555 1866 2615 als
1732 2547 2841 2743 Erstlichen, was jenigen an Hans Schnyder
1748 2643 2810 2798 auf Egk grichts Ursenbach den 2. augusti 1703.
1747 2712 2844 2876 nechtlicher wyll begangenen todtschlag betrifft
1710 2809 2812 2971 Reßenthalb über Ihne Hans Großenbacher
1728 2876 2829 3043 Weilen er darüberhin flüchtigen fueß gesetzet
1716 2963 2837 3125 Frey offentliche landtagen drunden zu Man¬
1748 3031 2817 3215 gen gehalten worden, so hatt er bekent,
1712 3126 2845 3281 daß, als Er mit vnder neben anderen bey der
1713 3204 2856 3381 Zehen hinleihung zu Korbach sich einbefunden, vnd
1734 3294 2852 3486 mit einichen bauloren widerheimblehren wollen
1710 3370 2864 3534 Vnderlags aber, vnd da sie biß auf Egt kommen,
1723 3485 2785 3620 veranlaßet worden, auf einen daselbst in
2786 605 2815 682 s
2799 1147 2843 1204 .
2807 1387 2837 1470 9
2807 875 2851 945 e
