3024 4032
121 188 225 300 76.
232 219 1429 460 Was nun den sich anbelange, habe er gezeigen,
276 352 1433 554 nit gesehen, wie solcher dem Ringen widerfahren
268 452 1398 612 dann solches alles sich gleichsamb in einem
267 533 1419 720 Augenblick zugetragen. Der kohr ge
258 638 1427 801 zimblich truncken gen und habe das meßer
280 743 1424 899 in der hand gehabt, da der kung ihne auch
267 832 1386 976 den boden gezogen, der Rang aber seye
267 932 1320 1100 seines erachtens nit truncken genn.
233 1169 1391 1340 Diesere deß Relis außfang ansechend
266 1277 1410 1438 die hergangenheit in der schaal bestächtigten
268 1369 1431 1522 auch durch auß beister David stooß der
237 1463 1426 1590 Roht gerister und mr Wilheler e
250 1552 1408 1736 medict der metzger unnd setzte m
227 1646 1393 1815 Benedict sinn der kohr habe zum können
260 1753 1395 1904 gesagt, er solle ihn in seinem zinß und in
265 1846 1259 1999 dem jungen mit frieden laßen.
259 2040 1395 2259 Solche Abraham Marti der Gottigen
266 2183 1382 2352 und aber Reütter und Susanna Marti
246 2275 1397 2446 seine tochter sagten einstimmig, daß alß
257 2378 1411 2544 er Marti Sonntag abends nach dem nacht
244 2474 1401 2626 eßen ohngefehr umb acht ehr in der schall
263 2567 1385 2737 bey seinem dunck ein s h kalb entwegen
249 2654 1398 2824 det und diese seine tochter ihme darzu ge
251 2754 1393 2904 zunter auch etwelche andere metzger alß
256 2844 1399 3029 der der Benedick und der unglückhafftigen
259 2932 1374 3103 Johannes Rohr jeglicher an seinem ohrt
255 3032 1363 3187 dergleichen arbeit verrichtet seye der
267 3108 1395 3297 entleibete kister Abraham Käng zu ihnen
222 3196 1362 3376 Marti kommen und ihne ein wenig in der
241 3289 1382 3486 seithen gefühlet und ein guten abend ge
223 3388 1383 3588 raacht, an dem er sarti gesagt, er sollen
1084 3577 1276 3718 sohn
1470 1332 1544 1426 .
2727 193 2852 310 77
1642 257 2888 455 ihn nicht k�tzlen, er habe gar ein mager
1641 371 2888 540 kalb, solchem nach seye der osten könne von
1638 439 2852 632 ihme Marti hinwegg und zu dem Rohr
1640 539 2887 717 gangen wald darauf solle er gezeüg gehört
1629 643 2876 794 den stren lang und rohr mit einanderen
1606 732 2892 923 Zanggen und wie er verstanden wegen eines
1634 835 2879 1025 15. 1 schunderligs wesswegen er gezeüg
1635 905 2893 1114 ihnen zugesprochen und gesagt, sie sollend an
1631 1027 2894 1195 eiem heil sonntag keine ungelegenheit an
1609 1127 2875 1289 stellen und das Zanggen ander wegen laßen
1613 1230 2827 1392 Darauffin sie ein weinigen still geschwiegen
1622 1319 2872 1484 aber bald hernach wider angefangen und
1622 1433 2869 1589 an einander gerahten, da dann der or
1583 1537 2827 1685 Köng alsobald angefangen zu schreyen.
1595 1631 2866 1780 Alius mein wand mein bauch, worauff
1626 1726 2871 1861 er gezeug gefragt, ob es ernst seye, der herren
1592 1802 2860 1972 Köng aber nochmahlen geschrauwen
1612 1921 2857 2074 lund mein bauch, darauf er ihne geheißen,
1602 2019 2822 2165 zum schärer lauffen auch einem letzger
1582 2106 2873 2266 knechts so allernechst darbey gestanden befohlen
1606 2207 2854 2363 olen, er solle dem König nachgehen, zu dem
1597 2290 2831 2465 Rohr aber habe er gesagte er solle sich zur
1607 2409 2852 2555 Schaal außpaiten, wie es aber mit dem
1632 2498 2858 2654 unglückhafftigen sich zugangen könne er gan
1626 2601 2855 2749 nit sagen, dann er den angrifft nit gesehen
1603 2698 2860 2845 so seye er auch über diese geschwinde wegen
1615 2779 2843 2929 benheit der maßen bestürzt worden, daß
1606 2879 2842 3032 er selbsten nicht gewüst, was er ihme oder
1620 2959 2825 3129 mache. Im übrigen seyen beyde der
1576 3064 2774 3227 bdag und kohr seine nache verwandte.
1566 3308 2815 3545 Cathrina Laufferante mister Heggin deß
1575 3474 2806 3647 Metzgers dienstmagt sagten, daß es
2478 3645 2694 3738 dem
