<?xml version="1.0" encoding="UTF-8" standalone="yes"?>
<PcGts xmlns="http://schema.primaresearch.org/PAGE/gts/pagecontent/2013-07-15" xmlns:xsi="http://www.w3.org/2001/XMLSchema-instance" xsi:schemaLocation="http://schema.primaresearch.org/PAGE/gts/pagecontent/2013-07-15 http://schema.primaresearch.org/PAGE/gts/pagecontent/2013-07-15/pagecontent.xsd">
    <Metadata>
        <Creator>prov=University of Rostock/Institute of Mathematics/CITlab|PLANET AI GmbH/Gundram Leifert/gundram.leifert@planet-ai.de:name=German_Kurrent_XVI-XVIII_M1(htr_id=19584)::::v=2.6.7
prov=University of Rostock/Institute of Mathematics/CITlab|PLANET AI GmbH/Tobias Gruening/tobias.gruening@planet-ai.de:name=de.uros.citlab.module.baseline2polygon.B2PSeamMultiOriented:v=2.6.7
prov=University of Rostock/Institute of Mathematics/CITlab|PLANET AI GmbH/Tobias Gruening/tobias.gruening@planet-ai.de:name=/net_tf/LA73_249_0mod360.pb:de.uros.citlab.segmentation.CITlab_LA_ML:v=2.6.6
Transkribus</Creator>
        <Created>2020-11-29T22:51:13.862+01:00</Created>
        <LastChange>2022-09-09T14:40:49.634+02:00</LastChange>
        <TranskribusMetadata docId="1334841" pageId="52362188" pageNr="96" tsid="114643988" status="IN_PROGRESS" userId="9570" imgUrl="https://files.transkribus.eu/Get?id=FQTFRUDTYATZXGSMXKZGOACS&amp;fileType=view" xmlUrl="https://files.transkribus.eu/Get?id=RRQAYDCFJVBKDPIECMGSXBEY" imageId="17821852"/>
    </Metadata>
    <Page imageFilename="IMG_4968.jpg" imageWidth="3024" imageHeight="4032">
        <ReadingOrder>
            <OrderedGroup id="ro_1687513679253" caption="Regions reading order">
                <RegionRefIndexed index="0" regionRef="r1"/>
                <RegionRefIndexed index="1" regionRef="r2"/>
                <RegionRefIndexed index="2" regionRef="r3"/>
                <RegionRefIndexed index="3" regionRef="r4"/>
            </OrderedGroup>
        </ReadingOrder>
        <TextRegion orientation="0.0" id="r1" custom="readingOrder {index:0;}">
            <Coords points="185,215 185,373 240,373 240,215"/>
            <TextLine id="r1l1" custom="readingOrder {index:0;}">
                <Coords points="180,348 188,347 193,341 204,343 208,337 215,340 219,337 226,343 233,338 250,338 237,244 228,246 218,257 213,253 207,257 196,255 184,268 169,268"/>
                <Baseline points="185,323 212,320 240,315"/>
                <TextEquiv>
                    <Unicode>184</Unicode>
                </TextEquiv>
            </TextLine>
            <TextEquiv>
                <Unicode>184</Unicode>
            </TextEquiv>
        </TextRegion>
        <TextRegion orientation="0.0" id="r2" custom="readingOrder {index:1;}">
            <Coords points="180,447 180,3692 1455,3692 1455,447"/>
            <TextLine id="r2l1" custom="readingOrder {index:0;} place {offset:25; length:6;}">
                <Coords points="268,562 529,494 788,498 853,550 984,501 1035,539 1118,496 1385,521 1385,427 1116,354 866,439 448,412 376,366 268,419"/>
                <Baseline points="276,500 331,499 386,498 441,497 496,495 551,495 606,494 661,493 716,492 771,492 826,491 881,491 936,491 991,491 1046,492 1101,492 1156,494 1211,495 1266,496 1321,497 1377,500"/>
                <TextEquiv>
                    <Unicode>E: Wie sehl Silber Er in Zurich verkauft</Unicode>
                </TextEquiv>
            </TextLine>
            <TextLine id="r2l2" custom="readingOrder {index:1;}">
                <Coords points="306,648 390,702 505,666 718,696 835,666 888,705 1139,645 1463,658 1463,587 1319,563 1137,596 1025,556 945,618 875,569 795,613 505,524 306,570"/>
                <Baseline points="314,650 371,650 428,650 485,650 542,648 599,648 656,647 713,646 770,645 827,644 884,644 941,642 998,642 1055,642 1112,642 1169,642 1226,644 1283,645 1340,647 1397,650 1455,653"/>
                <TextEquiv>
                    <Unicode>E. Zwey stengli Vnd ein stumpli, darfür habe</Unicode>
                </TextEquiv>
            </TextLine>
            <TextLine id="r2l3" custom="readingOrder {index:2;}">
                <Coords points="258,691 265,695 269,693 272,697 279,697 315,688 326,694 348,650 337,644 326,646 321,644 317,633 312,631 312,628 299,633 290,628"/>
                <Baseline points="291,641 333,662"/>
                <TextEquiv>
                    <Unicode>.</Unicode>
                </TextEquiv>
            </TextLine>
            <TextLine id="r2l4" custom="readingOrder {index:3;}">
                <Coords points="391,789 450,808 562,757 716,808 795,761 901,784 1171,733 1438,760 1438,685 1252,666 1172,716 1083,653 927,710 679,668 478,723 390,698"/>
                <Baseline points="399,746 450,747 502,749 553,749 605,749 657,749 708,749 760,747 811,746 863,744 915,743 966,743 1018,741 1069,740 1121,740 1173,740 1224,741 1276,742 1327,744 1379,747 1431,750"/>
                <TextEquiv>
                    <Unicode>Er funfftzehen Cronen bekommen, das Todt</Unicode>
                </TextEquiv>
            </TextLine>
            <TextLine id="r2l5" custom="readingOrder {index:4;} person {offset:14; length:10;}">
                <Coords points="388,863 511,848 657,906 772,854 854,888 925,857 1000,898 1188,842 1362,885 1445,863 1444,792 1268,797 1210,753 1043,806 940,766 387,817"/>
                <Baseline points="396,840 448,844 500,847 552,849 604,849 656,849 708,848 760,846 812,845 864,843 916,840 968,839 1020,836 1072,833 1124,833 1176,831 1228,830 1280,831 1332,833 1384,834 1437,839"/>
                <TextEquiv>
                    <Unicode>a. 13. b. der Hans Furer seye damahls auch</Unicode>
                </TextEquiv>
            </TextLine>
            <TextLine id="r2l6" custom="readingOrder {index:5;} place {offset:15; length:6;}">
                <Coords points="389,936 733,991 943,955 981,990 1032,960 1100,980 1237,934 1303,974 1436,964 1436,895 1241,854 1035,907 912,882 867,910 779,855 656,906 529,872 389,901"/>
                <Baseline points="396,923 447,929 499,934 550,938 602,940 654,941 705,942 757,942 808,942 860,941 912,939 963,938 1015,937 1066,936 1118,935 1170,935 1221,935 1273,936 1324,938 1376,941 1428,944"/>
                <TextEquiv>
                    <Unicode>mit ihme naher Zürich gangen, So habe er nach-</Unicode>
                </TextEquiv>
            </TextLine>
            <TextLine id="r2l7" custom="readingOrder {index:6;}">
                <Coords points="352,1072 598,1094 755,1045 863,1098 968,1057 996,1085 1142,1047 1310,1071 1435,1052 1436,1022 1336,963 1269,1000 1112,974 1056,1002 945,957 874,1010 806,964 735,993 353,967"/>
                <Baseline points="360,1031 413,1034 466,1037 520,1038 573,1040 627,1040 680,1041 733,1041 787,1041 840,1041 894,1041 947,1041 1000,1040 1054,1040 1107,1040 1161,1040 1214,1040 1267,1040 1321,1041 1374,1043 1428,1044"/>
                <TextEquiv>
                    <Unicode>Wehrts auch ein Stumpli von disem Gratz, dem</Unicode>
                </TextEquiv>
            </TextLine>
            <TextLine id="r2l8" custom="readingOrder {index:7;}">
                <Coords points="346,1154 571,1161 729,1210 826,1154 920,1196 1093,1150 1212,1189 1393,1139 1393,1106 1250,1070 900,1119 750,1060 718,1090 346,1080"/>
                <Baseline points="354,1133 405,1137 457,1139 508,1141 560,1143 612,1143 663,1143 715,1143 766,1143 818,1143 870,1142 921,1142 973,1140 1024,1140 1076,1139 1128,1138 1179,1137 1231,1137 1282,1137 1334,1137 1386,1139"/>
                <TextEquiv>
                    <Unicode>Hrn Goldschmid nötiger alhier umb einen Thaler</Unicode>
                </TextEquiv>
            </TextLine>
            <TextLine id="r2l9" custom="readingOrder {index:8;}">
                <Coords points="349,1230 412,1251 437,1241 459,1255 504,1239 538,1263 585,1243 627,1267 629,1170 589,1177 562,1161 549,1170 517,1166 484,1187 463,1171 409,1180 372,1153 351,1151"/>
                <Baseline points="356,1226 382,1228 409,1231 435,1233 462,1235 488,1235 515,1235 541,1235 568,1235 594,1233 621,1232"/>
                <TextEquiv>
                    <Unicode>Verkaufft.</Unicode>
                </TextEquiv>
            </TextLine>
            <TextLine id="r2l10" custom="readingOrder {index:9;}">
                <Coords points="342,1371 523,1426 600,1384 751,1420 811,1375 869,1403 939,1365 1084,1366 1154,1407 1246,1363 1401,1374 1414,1319 1286,1292 1169,1320 1059,1275 940,1311 875,1259 635,1258 342,1332"/>
                <Baseline points="350,1374 402,1371 455,1368 508,1366 561,1364 614,1362 666,1361 719,1361 772,1361 825,1359 878,1359 930,1360 983,1361 1036,1361 1089,1361 1142,1361 1194,1362 1247,1362 1300,1362 1353,1362 1406,1361"/>
                <TextEquiv>
                    <Unicode>Ob er nit auch in thun einiche fengli Silber</Unicode>
                </TextEquiv>
            </TextLine>
            <TextLine id="r2l11" custom="readingOrder {index:10;}">
                <Coords points="221,1449 257,1445 271,1452 310,1432 333,1439 335,1294 313,1296 266,1337 237,1331 223,1335"/>
                <Baseline points="230,1388 262,1392 294,1391 326,1391"/>
                <TextEquiv>
                    <Unicode>2</Unicode>
                </TextEquiv>
            </TextLine>
            <TextLine id="r2l12" custom="readingOrder {index:11;}">
                <Coords points="372,1515 486,1491 671,1526 758,1465 948,1497 1065,1450 1249,1479 1349,1460 1348,1384 476,1429 370,1384"/>
                <Baseline points="378,1451 426,1454 474,1456 522,1458 570,1460 618,1460 666,1460 715,1460 763,1459 811,1458 859,1457 907,1455 955,1454 1003,1452 1052,1451 1100,1449 1148,1449 1196,1449 1244,1449 1292,1449 1341,1451"/>
                <TextEquiv>
                    <Unicode>Verkaufft, Wein Vnd Wie theur das Lodt¬</Unicode>
                </TextEquiv>
            </TextLine>
            <TextLine id="r2l13" custom="readingOrder {index:12;} place {offset:39; length:7; continued:true;}">
                <Coords points="276,1612 376,1648 495,1603 552,1647 601,1602 648,1633 877,1602 976,1651 1061,1606 1209,1644 1295,1597 1399,1643 1431,1555 1300,1514 1033,1532 980,1485 621,1556 505,1506 275,1519"/>
                <Baseline points="284,1608 341,1604 398,1601 455,1599 512,1598 569,1595 626,1593 683,1592 740,1592 797,1592 854,1590 911,1590 968,1591 1025,1592 1082,1592 1139,1593 1196,1593 1253,1595 1310,1596 1367,1598 1424,1599"/>
                <TextEquiv>
                    <Unicode>R. Dem Goldschmider Lantzerin, vnd dem Nideren</Unicode>
                </TextEquiv>
            </TextLine>
            <TextLine id="r2l14" custom="readingOrder {index:13;} place {offset:0; length:8; continued:true;}">
                <Coords points="357,1752 469,1689 597,1731 720,1688 948,1743 1262,1697 1331,1750 1399,1727 1399,1647 1306,1619 1192,1646 1146,1609 990,1661 895,1618 785,1640 602,1603 557,1646 446,1624 358,1653"/>
                <Baseline points="365,1689 416,1688 467,1688 518,1686 570,1686 621,1686 672,1686 724,1686 775,1686 826,1686 878,1687 929,1688 980,1688 1031,1689 1083,1689 1134,1689 1185,1689 1237,1689 1288,1689 1339,1689 1391,1689"/>
                <TextEquiv>
                    <Unicode>Apoteker habe er jedem auch zwey Steegli</Unicode>
                </TextEquiv>
            </TextLine>
            <TextLine id="r2l15" custom="readingOrder {index:14;}">
                <Coords points="355,1792 702,1792 770,1832 820,1794 1356,1795 1450,1826 1451,1762 1383,1727 922,1753 732,1716 635,1751 561,1709 356,1752"/>
                <Baseline points="363,1779 417,1781 471,1782 525,1784 579,1784 633,1784 687,1785 741,1784 795,1784 849,1784 903,1784 957,1784 1011,1784 1065,1784 1119,1784 1173,1784 1227,1785 1281,1787 1335,1790 1389,1792 1443,1796"/>
                <TextEquiv>
                    <Unicode>verkaufft, allein weilen sie nit so gehe, sondern</Unicode>
                </TextEquiv>
            </TextLine>
            <TextLine id="r2l16" custom="readingOrder {index:15;}">
                <Coords points="360,1892 553,1872 646,1911 808,1909 974,1877 1175,1912 1381,1868 1381,1815 1310,1845 1097,1797 802,1838 581,1790 360,1813"/>
                <Baseline points="368,1862 418,1866 468,1870 518,1872 569,1874 619,1875 669,1875 719,1875 770,1874 820,1873 870,1872 920,1871 971,1869 1021,1867 1071,1866 1121,1865 1172,1863 1222,1862 1272,1862 1322,1863 1373,1863"/>
                <TextEquiv>
                    <Unicode>gantz brüchig gsein, so habend sie ihme nit</Unicode>
                </TextEquiv>
            </TextLine>
            <TextLine id="r2l17" custom="readingOrder {index:16;}">
                <Coords points="319,1989 354,1973 414,2015 551,1976 625,2010 684,1966 843,1995 933,1972 989,2002 1056,1970 1056,1920 998,1895 967,1921 904,1889 859,1913 652,1917 597,1888 533,1907 472,1888 319,1919"/>
                <Baseline points="326,1959 362,1959 398,1959 434,1961 470,1961 506,1961 542,1962 579,1962 615,1963 651,1964 687,1964 723,1965 759,1965 795,1965 832,1965 868,1965 904,1965 940,1964 976,1962 1012,1962 1049,1959"/>
                <TextEquiv>
                    <Unicode>Wolen 13 bz. Vmbs Todt geben.</Unicode>
                </TextEquiv>
            </TextLine>
            <TextLine id="r2l18" custom="readingOrder {index:17;}">
                <Coords points="212,2179 403,2122 772,2163 1094,2104 1222,2159 1332,2121 1422,2174 1438,2074 1039,2000 879,2064 715,2006 571,2059 211,2058"/>
                <Baseline points="219,2130 279,2127 340,2123 400,2121 461,2118 521,2116 582,2114 642,2112 703,2111 763,2109 824,2109 885,2109 945,2109 1006,2109 1066,2109 1127,2111 1187,2112 1248,2114 1308,2115 1369,2118 1430,2121"/>
                <TextEquiv>
                    <Unicode>E. Wo vnd bey wein, Er also gelehret Silber schmelten</Unicode>
                </TextEquiv>
            </TextLine>
            <TextLine id="r2l19" custom="readingOrder {index:18;}">
                <Coords points="371,2203 656,2222 692,2255 907,2234 965,2196 1045,2197 1147,2253 1244,2206 1244,2169 1144,2128 1056,2162 846,2147 801,2180 731,2144 650,2171 581,2134 371,2143"/>
                <Baseline points="378,2184 420,2187 463,2190 506,2192 549,2194 592,2195 635,2196 678,2196 721,2196 764,2196 807,2196 849,2196 892,2196 935,2196 978,2196 1021,2196 1064,2198 1107,2198 1150,2199 1193,2201 1236,2202"/>
                <TextEquiv>
                    <Unicode>Vnd mit dergleichen sachen vmbgehen.</Unicode>
                </TextEquiv>
            </TextLine>
            <TextLine id="r2l20" custom="readingOrder {index:19;}">
                <Coords points="214,2338 272,2314 390,2359 482,2303 712,2357 905,2298 1079,2344 1250,2326 1295,2363 1341,2335 1341,2259 1299,2244 1192,2274 921,2224 698,2270 507,2227 368,2275 315,2235 214,2248"/>
                <Baseline points="222,2309 277,2308 333,2307 388,2306 444,2304 500,2304 555,2303 611,2303 666,2301 722,2301 778,2301 833,2301 889,2301 944,2301 1000,2301 1056,2301 1111,2303 1167,2303 1222,2303 1278,2304 1334,2306"/>
                <TextEquiv>
                    <Unicode>f. Er habe dem Goldschmid schärer sel ein</Unicode>
                </TextEquiv>
            </TextLine>
            <TextLine id="r2l21" custom="readingOrder {index:20;}">
                <Coords points="328,2467 446,2408 520,2434 707,2390 877,2445 985,2396 1432,2424 1432,2344 1156,2331 1053,2364 968,2319 786,2329 738,2368 431,2322 328,2372"/>
                <Baseline points="335,2397 389,2397 444,2397 498,2397 553,2396 607,2396 662,2394 716,2394 771,2394 825,2393 880,2393 934,2393 989,2393 1043,2393 1098,2393 1152,2394 1207,2394 1261,2396 1316,2397 1370,2400 1425,2402"/>
                <TextEquiv>
                    <Unicode>Suplonen geben, daß er Ihne gelehrt mischene</Unicode>
                </TextEquiv>
            </TextLine>
            <TextLine id="r2l22" custom="readingOrder {index:21;}">
                <Coords points="289,2552 448,2494 694,2499 778,2555 881,2552 990,2491 1393,2497 1392,2450 1260,2412 955,2464 606,2413 527,2469 427,2414 288,2466"/>
                <Baseline points="296,2498 350,2498 404,2496 459,2495 513,2494 568,2493 622,2492 677,2491 731,2490 786,2489 840,2489 894,2487 949,2487 1003,2486 1058,2486 1112,2484 1167,2484 1221,2484 1276,2484 1330,2484 1385,2486"/>
                <TextEquiv>
                    <Unicode>Sagengefeß vnd Ringger großen, Vnd weilen</Unicode>
                </TextEquiv>
            </TextLine>
            <TextLine id="r2l23" custom="readingOrder {index:22;}">
                <Coords points="339,2614 720,2578 785,2610 999,2587 1064,2624 1166,2597 1263,2634 1393,2584 1393,2523 999,2511 786,2561 678,2508 533,2541 413,2514 339,2549"/>
                <Baseline points="347,2583 398,2582 450,2580 502,2579 554,2579 606,2579 658,2579 710,2579 762,2579 814,2579 866,2579 917,2580 969,2580 1021,2580 1073,2580 1125,2580 1177,2580 1229,2580 1281,2579 1333,2577 1385,2576"/>
                <TextEquiv>
                    <Unicode>er stihl bey disem Goldschmid gewesen, habe</Unicode>
                </TextEquiv>
            </TextLine>
            <TextLine id="r2l24" custom="readingOrder {index:23;}">
                <Coords points="325,2726 487,2692 567,2707 658,2670 715,2703 805,2668 886,2703 1018,2674 1158,2700 1174,2625 839,2597 737,2618 686,2593 449,2605 410,2634 378,2605 325,2637"/>
                <Baseline points="333,2669 374,2669 416,2669 457,2667 499,2667 541,2667 582,2667 624,2666 666,2666 707,2666 749,2666 791,2667 832,2667 874,2667 916,2669 957,2669 999,2670 1041,2672 1082,2673 1124,2675 1166,2676"/>
                <TextEquiv>
                    <Unicode>Er auch gelehrnet selber schmeltzen.</Unicode>
                </TextEquiv>
            </TextLine>
            <TextLine id="r2l25" custom="readingOrder {index:24;}">
                <Coords points="196,2887 364,2858 446,2894 704,2838 764,2877 1031,2822 1157,2828 1222,2884 1281,2841 1435,2866 1399,2772 926,2779 838,2724 682,2786 610,2746 196,2758"/>
                <Baseline points="204,2837 265,2834 326,2832 387,2831 448,2829 510,2828 571,2826 632,2825 693,2823 754,2823 816,2822 877,2822 938,2822 999,2822 1060,2823 1122,2825 1183,2826 1244,2829 1305,2831 1366,2834 1428,2838"/>
                <TextEquiv>
                    <Unicode>A. War ihme geholffen, die silberstängli gießen,</Unicode>
                </TextEquiv>
            </TextLine>
            <TextLine id="r2l26" custom="readingOrder {index:25;}">
                <Coords points="191,2995 223,2982 330,3003 361,2977 458,2959 492,2971 530,2952 629,2947 650,2966 721,2944 719,2895 687,2883 597,2919 520,2880 482,2905 358,2926 290,2882 188,2927"/>
                <Baseline points="197,2954 222,2954 248,2954 274,2954 300,2954 326,2952 352,2952 377,2951 403,2949 429,2948 455,2947 481,2945 507,2945 533,2943 558,2942 584,2941 610,2940 636,2940 662,2940 688,2940 714,2940"/>
                <TextEquiv>
                    <Unicode>2 gar niemand.</Unicode>
                </TextEquiv>
            </TextLine>
            <TextLine id="r2l27" custom="readingOrder {index:26;}">
                <Coords points="189,3157 406,3079 527,3114 773,3072 842,3120 935,3068 1113,3115 1423,3075 1421,3017 1072,2985 1017,3019 509,2983 362,3045 267,3005 186,3041"/>
                <Baseline points="195,3108 256,3098 317,3089 378,3082 439,3077 500,3072 561,3069 622,3066 683,3065 744,3063 805,3063 866,3063 927,3064 988,3065 1049,3065 1110,3066 1171,3066 1232,3066 1293,3065 1354,3063 1415,3062"/>
                <TextEquiv>
                    <Unicode>. Ob er nit auch etwan underweilen etlaas gelte</Unicode>
                </TextEquiv>
            </TextLine>
            <TextLine id="r2l28" custom="readingOrder {index:27;}">
                <Coords points="346,3163 422,3151 573,3209 738,3149 1081,3175 1334,3145 1333,3097 1301,3091 1081,3124 934,3090 843,3121 800,3087 696,3126 615,3080 525,3129 430,3084 346,3125"/>
                <Baseline points="354,3146 402,3147 451,3147 499,3149 548,3149 597,3150 645,3150 694,3150 742,3150 791,3150 840,3150 888,3150 937,3149 985,3149 1034,3149 1083,3149 1131,3147 1180,3147 1228,3147 1277,3147 1326,3146"/>
                <TextEquiv>
                    <Unicode>oder muntz auß dem Silber gemacht.</Unicode>
                </TextEquiv>
            </TextLine>
            <TextLine id="r2l29" custom="readingOrder {index:28;}">
                <Coords points="192,3306 260,3316 313,3276 439,3303 481,3265 530,3294 564,3269 610,3289 674,3267 702,3279 754,3265 753,3221 676,3196 611,3232 544,3221 495,3237 425,3185 363,3208 293,3178 189,3212"/>
                <Baseline points="198,3269 225,3269 252,3270 280,3270 307,3270 335,3269 362,3269 389,3267 417,3266 444,3264 472,3264 499,3261 526,3260 554,3260 581,3258 609,3258 636,3257 663,3257 691,3258 718,3258 746,3260"/>
                <TextEquiv>
                    <Unicode>E. Nein niemahlen.</Unicode>
                </TextEquiv>
            </TextLine>
            <TextLine id="r2l30" custom="readingOrder {index:29;}">
                <Coords points="187,3445 695,3387 826,3427 991,3379 1209,3447 1436,3389 1433,3292 1337,3338 898,3264 714,3361 264,3314 184,3352"/>
                <Baseline points="195,3420 256,3413 318,3408 379,3403 441,3399 503,3396 564,3392 626,3389 688,3387 749,3384 811,3383 873,3381 934,3380 996,3379 1058,3378 1119,3377 1181,3377 1243,3377 1304,3375 1366,3375 1428,3375"/>
                <TextEquiv>
                    <Unicode>2. Nohar aber er das gelt genommen, Silbergrötz,</Unicode>
                </TextEquiv>
            </TextLine>
            <TextLine id="r2l31" custom="readingOrder {index:30;}">
                <Coords points="346,3505 407,3479 507,3513 579,3498 687,3516 804,3475 862,3469 903,3492 967,3472 966,3424 898,3390 829,3427 680,3397 596,3413 521,3397 465,3437 387,3410 345,3433"/>
                <Baseline points="353,3476 383,3474 413,3474 443,3473 474,3471 504,3471 534,3471 565,3470 595,3470 625,3470 656,3470 686,3470 716,3470 746,3468 777,3468 807,3468 837,3467 868,3465 898,3465 928,3462 959,3461"/>
                <TextEquiv>
                    <Unicode>und Bleyers zu kauffen.</Unicode>
                </TextEquiv>
            </TextLine>
            <TextLine id="r2l32" custom="readingOrder {index:31;}">
                <Coords points="173,3659 696,3597 783,3634 1153,3608 1265,3652 1347,3607 1347,3566 1177,3492 1021,3549 927,3512 852,3541 810,3502 635,3559 283,3524 171,3579"/>
                <Baseline points="180,3618 238,3613 296,3607 354,3603 412,3599 470,3596 528,3593 586,3591 644,3590 702,3588 760,3587 818,3587 876,3587 934,3587 992,3587 1050,3588 1108,3588 1166,3588 1224,3588 1282,3590 1340,3590"/>
                <TextEquiv>
                    <Unicode>1. Wan man arbeiten wolle, so habe man</Unicode>
                </TextEquiv>
            </TextLine>
            <TextLine id="r2l33" custom="readingOrder {index:32;}">
                <Coords points="334,3699 383,3719 421,3696 451,3691 486,3707 555,3691 576,3670 661,3670 659,3611 625,3610 559,3640 503,3609 470,3629 415,3616 332,3636"/>
                <Baseline points="341,3671 367,3672 393,3674 419,3672 445,3672 471,3671 497,3670 523,3669 549,3668 575,3666 601,3666 627,3666 653,3666"/>
                <TextEquiv>
                    <Unicode>allzeit gelt.</Unicode>
                </TextEquiv>
            </TextLine>
            <TextEquiv>
                <Unicode>E: Wie sehl Silber Er in Zurich verkauft
E. Zwey stengli Vnd ein stumpli, darfür habe
.
Er funfftzehen Cronen bekommen, das Todt
a. 13. b. der Hans Furer seye damahls auch
mit ihme naher Zürich gangen, So habe er nach-
Wehrts auch ein Stumpli von disem Gratz, dem
Hrn Goldschmid nötiger alhier umb einen Thaler
Verkaufft.
Ob er nit auch in thun einiche fengli Silber
2
Verkaufft, Wein Vnd Wie theur das Lodt¬
R. Dem Goldschmider Lantzerin, vnd dem Nideren
Apoteker habe er jedem auch zwey Steegli
verkaufft, allein weilen sie nit so gehe, sondern
gantz brüchig gsein, so habend sie ihme nit
Wolen 13 bz. Vmbs Todt geben.
E. Wo vnd bey wein, Er also gelehret Silber schmelten
Vnd mit dergleichen sachen vmbgehen.
f. Er habe dem Goldschmid schärer sel ein
Suplonen geben, daß er Ihne gelehrt mischene
Sagengefeß vnd Ringger großen, Vnd weilen
er stihl bey disem Goldschmid gewesen, habe
Er auch gelehrnet selber schmeltzen.
A. War ihme geholffen, die silberstängli gießen,
2 gar niemand.
. Ob er nit auch etwan underweilen etlaas gelte
oder muntz auß dem Silber gemacht.
E. Nein niemahlen.
2. Nohar aber er das gelt genommen, Silbergrötz,
und Bleyers zu kauffen.
1. Wan man arbeiten wolle, so habe man
allzeit gelt.</Unicode>
            </TextEquiv>
        </TextRegion>
        <TextRegion orientation="0.0" id="r3" custom="readingOrder {index:2;}">
            <Coords points="1542,2428 1542,2716 1686,2716 1686,2428"/>
            <TextLine id="r3l1" custom="readingOrder {index:0;}">
                <Coords points="1533,2565 1563,2556 1569,2561 1592,2539 1618,2545 1660,2537 1661,2421 1619,2397 1612,2404 1586,2397 1578,2405 1535,2417"/>
                <Baseline points="1542,2507 1569,2504 1597,2504 1625,2505 1653,2507"/>
                <TextEquiv>
                    <Unicode>2</Unicode>
                </TextEquiv>
            </TextLine>
            <TextLine id="r3l2" custom="readingOrder {index:1;}">
                <Coords points="1573,2721 1603,2720 1626,2736 1650,2731 1677,2737 1712,2611 1697,2610 1690,2604 1680,2610 1640,2587 1618,2591 1610,2587"/>
                <Baseline points="1599,2657 1628,2663 1657,2675 1686,2678"/>
                <TextEquiv>
                    <Unicode>R</Unicode>
                </TextEquiv>
            </TextLine>
            <TextEquiv>
                <Unicode>2
R</Unicode>
            </TextEquiv>
        </TextRegion>
        <TextRegion orientation="0.0" id="r4" custom="readingOrder {index:3;}">
            <Coords points="1617,339 1617,3736 2846,3736 2846,339"/>
            <TextLine id="r4l1" custom="readingOrder {index:0;}">
                <Coords points="2694,413 2744,412 2762,401 2782,408 2791,418 2809,413 2817,340 2806,341 2794,330 2780,338 2763,338 2748,324 2736,329 2725,315 2704,321"/>
                <Baseline points="2705,381 2738,385 2771,390 2804,390"/>
                <TextEquiv>
                    <Unicode>85</Unicode>
                </TextEquiv>
            </TextLine>
            <TextLine id="r4l2" custom="readingOrder {index:1;}">
                <Coords points="1690,552 1845,500 1943,560 2128,498 2236,573 2331,513 2678,567 2764,538 2767,464 2562,502 2433,440 2321,467 2259,424 2180,444 2041,397 1929,447 1696,418"/>
                <Baseline points="1700,510 1752,504 1805,498 1858,495 1911,492 1964,491 2016,491 2069,492 2122,494 2175,497 2228,501 2280,505 2333,508 2386,513 2439,518 2492,522 2544,526 2597,529 2650,533 2703,536 2756,537"/>
                <TextEquiv>
                    <Unicode>Wormit er sich, als er das erste mahl zu</Unicode>
                </TextEquiv>
            </TextLine>
            <TextLine id="r4l3" custom="readingOrder {index:2;} place {offset:0; length:4;}">
                <Coords points="1720,603 2242,594 2326,644 2731,646 2733,595 2650,549 2558,576 2322,535 2235,572 2157,524 1950,560 1807,506 1723,532"/>
                <Baseline points="1728,585 1777,583 1827,582 1877,581 1927,581 1977,581 2026,582 2076,583 2126,585 2176,586 2226,588 2275,591 2325,593 2375,596 2425,599 2475,603 2524,606 2574,611 2624,615 2674,618 2724,623"/>
                <TextEquiv>
                    <Unicode>thun gefangen gsin, von den eyserne banden</Unicode>
                </TextEquiv>
            </TextLine>
            <TextLine id="r4l4" custom="readingOrder {index:3;}">
                <Coords points="1682,721 1838,702 1913,727 1984,703 2131,732 2171,693 2210,689 2209,650 2175,649 2097,598 2041,634 1959,615 1898,650 1847,644 1805,602 1682,643"/>
                <Baseline points="1689,690 1714,688 1740,685 1765,683 1791,682 1817,681 1842,680 1868,680 1894,680 1919,680 1945,680 1971,680 1996,680 2022,681 2048,681 2073,682 2099,683 2125,683 2150,684 2176,684 2202,684"/>
                <TextEquiv>
                    <Unicode>lattmachen können.</Unicode>
                </TextEquiv>
            </TextLine>
            <TextLine id="r4l5" custom="readingOrder {index:4;}">
                <Coords points="1620,885 1695,835 1802,867 1877,806 1925,837 2301,819 2370,862 2491,826 2807,852 2808,773 2693,808 2497,749 2301,776 1944,712 1622,784"/>
                <Baseline points="1628,827 1686,819 1745,813 1803,809 1862,806 1920,804 1979,803 2037,803 2096,804 2154,806 2213,807 2272,810 2330,813 2389,816 2447,821 2506,823 2564,825 2623,828 2681,830 2740,832 2799,833"/>
                <TextEquiv>
                    <Unicode>s. Er habe sich nit loosgemacht, sondern seye die</Unicode>
                </TextEquiv>
            </TextLine>
            <TextLine id="r4l6" custom="readingOrder {index:5;}">
                <Coords points="1708,941 2096,900 2718,937 2757,882 2600,847 2351,868 2286,828 2167,874 2127,833 2022,822 1880,823 1709,881"/>
                <Baseline points="1716,902 1767,900 1819,897 1870,895 1922,894 1974,893 2025,893 2077,894 2128,894 2180,896 2232,897 2283,899 2335,902 2386,904 2438,906 2490,909 2541,911 2593,914 2644,915 2696,917 2748,920"/>
                <TextEquiv>
                    <Unicode>gantze Zeit in der gefangenschafft verbliben</Unicode>
                </TextEquiv>
            </TextLine>
            <TextLine id="r4l7" custom="readingOrder {index:6;}">
                <Coords points="1723,1012 1797,990 1854,1036 1930,1039 1995,1002 2064,1024 2209,987 2383,1022 2552,981 2552,926 2411,953 2341,921 2148,956 2018,919 1901,960 1723,936"/>
                <Baseline points="1731,987 1771,986 1812,983 1852,981 1893,981 1934,980 1974,978 2015,977 2056,977 2096,977 2137,977 2178,977 2218,978 2259,978 2300,980 2340,981 2381,983 2422,985 2462,988 2503,990 2544,993"/>
                <TextEquiv>
                    <Unicode>Wie man Ihne angemacht gehabt</Unicode>
                </TextEquiv>
            </TextLine>
            <TextLine id="r4l8" custom="readingOrder {index:7;}">
                <Coords points="1609,1199 1835,1119 1999,1163 2076,1120 2153,1165 2377,1117 2582,1162 2853,1140 2853,1098 2487,1025 2227,1076 1804,1033 1608,1100"/>
                <Baseline points="1617,1152 1678,1143 1739,1135 1801,1129 1862,1124 1924,1122 1985,1118 2047,1116 2108,1116 2170,1116 2231,1116 2292,1118 2354,1119 2415,1121 2477,1122 2538,1124 2600,1125 2661,1127 2723,1128 2784,1128 2846,1128"/>
                <TextEquiv>
                    <Unicode>den wo vnd bey Wenn er sich aufgehalten, nachdeme</Unicode>
                </TextEquiv>
            </TextLine>
            <TextLine id="r4l9" custom="readingOrder {index:8;} person {offset:7; length:8;} person {offset:20; length:6;} place {offset:30; length:10;}">
                <Coords points="1717,1259 1911,1199 2240,1221 2331,1283 2487,1221 2812,1248 2813,1166 2479,1148 2435,1187 2323,1188 2261,1140 2118,1171 2064,1129 2016,1168 1867,1133 1817,1171 1718,1162"/>
                <Baseline points="1725,1211 1779,1208 1833,1206 1887,1205 1941,1205 1995,1203 2049,1203 2103,1203 2157,1203 2211,1205 2265,1206 2319,1206 2373,1208 2427,1209 2481,1211 2535,1212 2589,1212 2643,1214 2697,1215 2751,1217 2805,1217"/>
                <TextEquiv>
                    <Unicode>Er dem Stettler und Bauman zu Schwartzen,</Unicode>
                </TextEquiv>
            </TextLine>
            <TextLine id="r4l10" custom="readingOrder {index:9;} place {offset:0; length:4;}">
                <Coords points="1712,1361 1752,1364 1825,1322 1900,1302 1971,1302 2057,1338 2111,1323 2109,1257 2033,1241 1985,1268 1948,1233 1907,1228 1800,1276 1710,1279"/>
                <Baseline points="1719,1304 1744,1300 1770,1297 1795,1295 1821,1295 1846,1293 1872,1293 1897,1292 1923,1292 1948,1292 1974,1292 1999,1292 2025,1293 2050,1293 2076,1293 2102,1292"/>
                <TextEquiv>
                    <Unicode>burg entrunnen.</Unicode>
                </TextEquiv>
            </TextLine>
            <TextLine id="r4l11" custom="readingOrder {index:10;} place {offset:23; length:8;}">
                <Coords points="1616,1493 1821,1512 2051,1441 2185,1503 2341,1428 2679,1456 2831,1435 2831,1369 2613,1389 2329,1321 2263,1364 1814,1347 1615,1397"/>
                <Baseline points="1623,1448 1683,1442 1743,1437 1803,1433 1863,1430 1923,1428 1983,1426 2043,1425 2103,1424 2163,1424 2223,1424 2283,1425 2343,1425 2403,1427 2463,1427 2523,1428 2583,1428 2643,1430 2703,1430 2763,1430 2823,1430"/>
                <TextEquiv>
                    <Unicode>R. Er habe sich nacher Langnauw begeben und alda</Unicode>
                </TextEquiv>
            </TextLine>
            <TextLine id="r4l12" custom="readingOrder {index:11;}">
                <Coords points="1699,1560 2042,1533 2171,1566 2335,1529 2614,1567 2827,1546 2827,1470 2648,1495 2565,1451 2417,1454 2224,1504 2024,1451 1699,1520"/>
                <Baseline points="1707,1544 1762,1539 1818,1535 1873,1531 1929,1527 1985,1526 2040,1524 2096,1524 2152,1524 2207,1524 2263,1526 2319,1526 2374,1527 2430,1529 2486,1530 2541,1532 2597,1533 2653,1535 2708,1536 2764,1536 2820,1536"/>
                <TextEquiv>
                    <Unicode>bey einem Schumacher gearbeitet, da haben Ihn die¬</Unicode>
                </TextEquiv>
            </TextLine>
            <TextLine id="r4l13" custom="readingOrder {index:12;}">
                <Coords points="1719,1658 1960,1628 2037,1658 2109,1623 2317,1673 2452,1629 2506,1656 2663,1633 2714,1668 2777,1639 2778,1582 2699,1564 2626,1606 2511,1563 2289,1598 2227,1546 2178,1579 1952,1557 1894,1594 1720,1562"/>
                <Baseline points="1727,1628 1779,1626 1831,1624 1883,1623 1935,1622 1987,1622 2039,1622 2091,1622 2143,1622 2195,1623 2248,1623 2300,1624 2352,1625 2404,1626 2456,1626 2508,1627 2560,1628 2612,1628 2664,1628 2716,1628 2769,1628"/>
                <TextEquiv>
                    <Unicode>schumacher von dorten am kalten marit zu</Unicode>
                </TextEquiv>
            </TextLine>
            <TextLine id="r4l14" custom="readingOrder {index:13;}">
                <Coords points="1717,1734 2809,1743 2809,1692 2692,1658 2513,1694 2445,1657 2376,1695 2235,1653 2200,1680 1717,1658"/>
                <Baseline points="1725,1719 1778,1719 1832,1719 1886,1719 1940,1721 1994,1721 2047,1721 2101,1722 2155,1722 2209,1722 2263,1722 2316,1722 2370,1722 2424,1722 2478,1722 2532,1722 2585,1721 2639,1721 2693,1719 2747,1718 2801,1716"/>
                <TextEquiv>
                    <Unicode>Edin angeben, Vnd dan man darauffhin Ihne</Unicode>
                </TextEquiv>
            </TextLine>
            <TextLine id="r4l15" custom="readingOrder {index:14;} place {offset:23; length:4;}">
                <Coords points="1694,1835 2797,1818 2768,1761 2547,1786 2455,1736 2140,1777 2066,1736 1981,1781 1915,1746 1848,1782 1802,1749 1694,1766"/>
                <Baseline points="1701,1811 1755,1809 1809,1809 1864,1808 1918,1808 1973,1808 2027,1808 2081,1808 2136,1809 2190,1809 2245,1809 2299,1809 2353,1811 2408,1811 2462,1811 2517,1812 2571,1812 2625,1812 2680,1812 2734,1812 2789,1812"/>
                <TextEquiv>
                    <Unicode>Widerumb gefangen nach thun führen wollen, vnd</Unicode>
                </TextEquiv>
            </TextLine>
            <TextLine id="r4l16" custom="readingOrder {index:15;}">
                <Coords points="1690,1928 2085,1899 2211,1942 2377,1893 2749,1936 2830,1914 2831,1835 2696,1875 2242,1828 1863,1870 1786,1832 1691,1848"/>
                <Baseline points="1698,1895 1754,1894 1810,1893 1866,1893 1922,1893 1979,1893 2035,1893 2091,1894 2147,1895 2203,1895 2260,1896 2316,1898 2372,1898 2428,1899 2484,1901 2541,1901 2597,1902 2653,1902 2709,1904 2765,1904 2822,1905"/>
                <TextEquiv>
                    <Unicode>Wegen seines Verleundten beins auf ein Roß gesatzt</Unicode>
                </TextEquiv>
            </TextLine>
            <TextLine id="r4l17" custom="readingOrder {index:16;} place {offset:36; length:8;}">
                <Coords points="1710,2052 2092,1979 2168,2030 2252,1988 2788,2035 2841,2014 2842,1936 2587,1953 2527,1910 2340,1966 2083,1909 1711,1927"/>
                <Baseline points="1719,1985 1774,1986 1830,1986 1886,1986 1942,1986 1997,1986 2053,1986 2109,1986 2165,1986 2220,1986 2276,1986 2332,1986 2388,1986 2443,1988 2499,1989 2555,1989 2611,1991 2666,1992 2722,1995 2778,1997 2834,2000"/>
                <TextEquiv>
                    <Unicode>Vnd fortgeführt, Seye er außerthalb dießbach</Unicode>
                </TextEquiv>
            </TextLine>
            <TextLine id="r4l18" custom="readingOrder {index:17;}">
                <Coords points="1695,2117 1855,2084 1956,2130 2064,2087 2150,2150 2200,2107 2357,2086 2480,2138 2607,2092 2761,2137 2776,2042 2723,2064 2534,2018 2427,2060 2374,2020 2264,2053 2116,2012 1696,2060"/>
                <Baseline points="1704,2078 1757,2078 1810,2078 1863,2078 1916,2078 1970,2078 2023,2078 2076,2078 2129,2079 2182,2079 2236,2079 2289,2081 2342,2081 2395,2082 2448,2084 2502,2085 2555,2087 2608,2088 2661,2090 2714,2093 2768,2096"/>
                <TextEquiv>
                    <Unicode>bey einem Eychbäldlin, als der Einte das Roß</Unicode>
                </TextEquiv>
            </TextLine>
            <TextLine id="r4l19" custom="readingOrder {index:18;}">
                <Coords points="1690,2194 1973,2163 2235,2179 2326,2224 2403,2190 2445,2229 2724,2192 2794,2229 2840,2143 2705,2116 2636,2153 2556,2102 2486,2138 2199,2107 2138,2151 2047,2102 1958,2139 1868,2099 1691,2128"/>
                <Baseline points="1698,2162 1754,2162 1811,2162 1868,2162 1924,2162 1981,2163 2038,2164 2094,2165 2151,2166 2208,2168 2265,2170 2321,2172 2378,2174 2435,2174 2491,2175 2548,2177 2605,2178 2661,2178 2718,2180 2775,2180 2832,2180"/>
                <TextEquiv>
                    <Unicode>geführt, vnd der ander dem fußlag nachgangen</Unicode>
                </TextEquiv>
            </TextLine>
            <TextLine id="r4l20" custom="readingOrder {index:19;}">
                <Coords points="1702,2281 1939,2263 2124,2301 2192,2266 2698,2317 2776,2272 2778,2211 2455,2249 2001,2174 1889,2223 1824,2187 1704,2206"/>
                <Baseline points="1710,2250 1765,2249 1821,2247 1877,2247 1932,2247 1988,2249 2044,2250 2100,2253 2155,2256 2211,2259 2267,2262 2323,2265 2378,2267 2434,2270 2490,2271 2546,2271 2601,2271 2657,2270 2713,2268 2769,2264"/>
                <TextEquiv>
                    <Unicode>ohnvermerkt ab dem Roß gesprungen, vnd habe</Unicode>
                </TextEquiv>
            </TextLine>
            <TextLine id="r4l21" custom="readingOrder {index:20;}">
                <Coords points="1683,2368 1958,2349 2056,2386 2251,2355 2413,2403 2692,2380 2694,2320 2280,2328 2176,2283 2105,2315 2064,2286 1792,2280 1685,2316"/>
                <Baseline points="1692,2345 1741,2342 1791,2340 1840,2340 1890,2340 1940,2340 1989,2342 2039,2344 2089,2345 2138,2348 2188,2351 2238,2354 2287,2357 2337,2359 2387,2361 2436,2363 2486,2364 2536,2364 2585,2364 2635,2364 2685,2361"/>
                <TextEquiv>
                    <Unicode>sich in der nacht finstere darvon gemacht.</Unicode>
                </TextEquiv>
            </TextLine>
            <TextLine id="r4l22" custom="readingOrder {index:21;}">
                <Coords points="1690,2497 1800,2546 2032,2483 2270,2568 2783,2510 2785,2439 2663,2411 2511,2470 2441,2416 2371,2440 1919,2383 1855,2415 1762,2378 1693,2407"/>
                <Baseline points="1698,2489 1751,2486 1805,2484 1859,2483 1913,2483 1967,2484 2021,2485 2074,2487 2128,2489 2182,2491 2236,2493 2290,2496 2344,2498 2398,2501 2451,2503 2505,2504 2559,2505 2613,2507 2667,2507 2721,2507 2775,2505"/>
                <TextEquiv>
                    <Unicode>Ob Er ist auch zu Ihrnach gefangen gsin, vnd</Unicode>
                </TextEquiv>
            </TextLine>
            <TextLine id="r4l23" custom="readingOrder {index:22;}">
                <Coords points="1696,2578 1794,2561 1918,2606 2027,2561 2055,2588 2120,2583 2151,2609 2225,2592 2249,2606 2281,2601 2286,2502 2193,2529 2104,2521 2028,2485 1954,2529 1902,2513 1794,2545 1698,2514"/>
                <Baseline points="1704,2564 1732,2562 1761,2561 1789,2561 1818,2561 1846,2561 1875,2562 1903,2564 1932,2564 1960,2566 1989,2567 2017,2568 2046,2570 2074,2571 2103,2574 2131,2574 2160,2577 2188,2579 2217,2580 2245,2581 2274,2582"/>
                <TextEquiv>
                    <Unicode>alß was fur ursachen.</Unicode>
                </TextEquiv>
            </TextLine>
            <TextLine id="r4l24" custom="readingOrder {index:23;} place {offset:35; length:10;}">
                <Coords points="1743,2683 2811,2722 2824,2608 2738,2630 2698,2598 2588,2651 2423,2598 2269,2601 2227,2637 2099,2593 2012,2624 1745,2607"/>
                <Baseline points="1752,2666 1805,2666 1858,2666 1911,2667 1964,2667 2017,2670 2070,2672 2123,2674 2176,2676 2229,2679 2283,2682 2336,2684 2389,2685 2442,2688 2495,2690 2548,2690 2601,2691 2654,2691 2707,2690 2760,2689 2814,2687"/>
                <TextEquiv>
                    <Unicode>Es habe ein gelaußer Fryburger von Plastetzen</Unicode>
                </TextEquiv>
            </TextLine>
            <TextLine id="r4l25" custom="readingOrder {index:24;}">
                <Coords points="1732,2765 1922,2750 2051,2815 2250,2742 2316,2790 2414,2764 2538,2824 2621,2767 2780,2764 2795,2720 2641,2705 2513,2743 2379,2697 2279,2732 2192,2685 1881,2680 1733,2723"/>
                <Baseline points="1740,2741 1792,2741 1844,2742 1897,2742 1949,2744 2001,2746 2054,2748 2106,2750 2158,2752 2211,2754 2263,2756 2315,2758 2368,2759 2420,2760 2472,2762 2525,2762 2577,2762 2629,2760 2682,2759 2734,2756 2787,2753"/>
                <TextEquiv>
                    <Unicode>der dißmahls in frauw. Diensten sich befinden</Unicode>
                </TextEquiv>
            </TextLine>
            <TextLine id="r4l26" custom="readingOrder {index:25;}">
                <Coords points="1708,2853 1798,2835 1845,2871 1929,2831 2065,2886 2138,2851 2210,2880 2435,2842 2557,2877 2743,2840 2815,2875 2825,2810 2749,2772 2514,2822 2436,2773 2314,2791 2248,2742 2059,2811 1992,2765 1709,2768"/>
                <Baseline points="1716,2822 1771,2824 1826,2826 1881,2828 1936,2829 1991,2831 2046,2832 2101,2834 2156,2834 2211,2835 2266,2835 2321,2837 2376,2837 2431,2838 2486,2838 2541,2840 2596,2840 2651,2840 2706,2841 2761,2841 2817,2843"/>
                <TextEquiv>
                    <Unicode>ihme zu Deren fryberger Gebiets ein Pferd über-</Unicode>
                </TextEquiv>
            </TextLine>
            <TextLine id="r4l27" custom="readingOrder {index:26;}">
                <Coords points="1690,2929 1996,2958 2094,2918 2165,2953 2378,2928 2433,2957 2537,2924 2616,2972 2754,2943 2755,2881 2694,2859 2534,2894 2444,2857 2346,2892 2145,2860 2062,2887 2015,2856 1691,2881"/>
                <Baseline points="1698,2907 1750,2909 1802,2910 1855,2912 1907,2913 1960,2915 2012,2916 2065,2916 2117,2918 2170,2918 2222,2919 2274,2919 2327,2919 2379,2921 2432,2921 2484,2921 2537,2922 2589,2922 2642,2924 2694,2924 2747,2925"/>
                <TextEquiv>
                    <Unicode>geben, mit Befelch selbiges das land hinab ze führen</Unicode>
                </TextEquiv>
            </TextLine>
            <TextLine id="r4l28" custom="readingOrder {index:27;}">
                <Coords points="1711,3023 2819,3040 2820,2988 2726,2950 2639,2983 2489,2937 2337,2979 1713,2941"/>
                <Baseline points="1719,2991 1773,2995 1828,2997 1882,3000 1937,3002 1992,3004 2046,3006 2101,3006 2155,3008 2210,3009 2265,3010 2319,3011 2374,3011 2428,3012 2483,3012 2538,3012 2592,3012 2647,3012 2701,3012 2756,3012 2811,3012"/>
                <TextEquiv>
                    <Unicode>Vnd zu verkauffen, Vnd das gelt, so er darauß er¬</Unicode>
                </TextEquiv>
            </TextLine>
            <TextLine id="r4l29" custom="readingOrder {index:28;}">
                <Coords points="1687,3131 1906,3113 1968,3160 2185,3111 2451,3148 2810,3123 2809,3054 2718,3042 2671,3076 2516,3032 1686,3041"/>
                <Baseline points="1695,3099 1750,3101 1805,3101 1861,3102 1916,3102 1971,3102 2027,3102 2082,3102 2137,3102 2193,3102 2248,3102 2303,3102 2359,3101 2414,3101 2469,3099 2525,3099 2580,3098 2635,3096 2691,3096 2746,3095 2802,3095"/>
                <TextEquiv>
                    <Unicode>Lösen werde, Ihme ordenlich einzuhendigen, mit Ver¬</Unicode>
                </TextEquiv>
            </TextLine>
            <TextLine id="r4l30" custom="readingOrder {index:29;}">
                <Coords points="1668,3239 1747,3204 1807,3254 1890,3200 2056,3257 2094,3225 2179,3257 2273,3196 2446,3232 2609,3199 2673,3242 2830,3208 2815,3120 2414,3156 2156,3126 2094,3167 1667,3132"/>
                <Baseline points="1676,3197 1733,3198 1790,3198 1847,3199 1905,3200 1962,3200 2019,3198 2077,3198 2134,3198 2191,3197 2249,3197 2306,3195 2363,3194 2420,3194 2478,3192 2535,3192 2592,3192 2650,3191 2707,3191 2764,3191 2822,3191"/>
                <TextEquiv>
                    <Unicode>sprechen er wolle Ihme so vill Lohn darvon geben</Unicode>
                </TextEquiv>
            </TextLine>
            <TextLine id="r4l31" custom="readingOrder {index:30;}">
                <Coords points="1665,3323 1809,3294 2003,3339 2141,3300 2367,3340 2468,3296 2721,3312 2748,3242 2346,3216 2179,3257 1880,3226 1806,3255 1754,3224 1666,3272"/>
                <Baseline points="1673,3296 1726,3293 1779,3291 1833,3290 1886,3290 1940,3289 1993,3288 2046,3290 2100,3290 2153,3290 2207,3291 2260,3291 2313,3293 2367,3293 2420,3293 2474,3293 2527,3293 2580,3293 2634,3291 2687,3291 2741,3288"/>
                <TextEquiv>
                    <Unicode>daß er seine sach ordenlich haben solle. Das es</Unicode>
                </TextEquiv>
            </TextLine>
            <TextLine id="r4l32" custom="readingOrder {index:31;} person {offset:9; length:9;}">
                <Coords points="1656,3416 1782,3382 2039,3444 2283,3397 2424,3445 2613,3384 2670,3426 2783,3416 2838,3398 2839,3348 2748,3311 2406,3310 2364,3345 1778,3302 1657,3342"/>
                <Baseline points="1665,3374 1723,3375 1781,3375 1839,3375 1898,3377 1956,3377 2014,3377 2073,3378 2131,3378 2189,3380 2248,3380 2306,3380 2364,3381 2422,3381 2481,3383 2539,3383 2597,3384 2656,3384 2714,3386 2772,3386 2831,3387"/>
                <TextEquiv>
                    <Unicode>habe der Fryburger ihme Pfenti etliche tag zuvor</Unicode>
                </TextEquiv>
            </TextLine>
            <TextLine id="r4l33" custom="readingOrder {index:32;} place {offset:3; length:10;}">
                <Coords points="1693,3466 1915,3516 1992,3471 2174,3505 2250,3473 2328,3513 2412,3470 2555,3473 2637,3524 2774,3483 2774,3447 2649,3412 2421,3444 2282,3396 2045,3453 1693,3426"/>
                <Baseline points="1701,3458 1754,3462 1807,3467 1860,3470 1914,3471 1967,3473 2020,3473 2073,3473 2127,3473 2180,3472 2233,3471 2286,3470 2340,3469 2393,3468 2446,3467 2499,3467 2553,3467 2606,3467 2659,3468 2712,3471 2766,3473"/>
                <TextEquiv>
                    <Unicode>im Guggisperg gesagt, hernach aber als er das</Unicode>
                </TextEquiv>
            </TextLine>
            <TextLine id="r4l34" custom="readingOrder {index:33;}">
                <Coords points="1671,3596 1832,3552 2099,3599 2574,3563 2693,3600 2749,3558 2824,3596 2825,3490 2746,3532 2488,3487 2175,3531 2044,3492 1672,3520"/>
                <Baseline points="1680,3551 1736,3554 1793,3556 1850,3558 1907,3559 1964,3560 2021,3561 2077,3561 2134,3561 2191,3561 2248,3561 2305,3561 2362,3560 2419,3560 2475,3561 2532,3561 2589,3561 2646,3563 2703,3564 2760,3567 2817,3569"/>
                <TextEquiv>
                    <Unicode>pferdt an die hand genommen, Vnd mit demselben lib</Unicode>
                </TextEquiv>
            </TextLine>
            <TextLine id="r4l35" custom="readingOrder {index:34;} place {offset:5; length:7;} place {offset:17; length:11;}">
                <Coords points="1689,3675 1799,3626 1897,3681 1989,3637 2359,3666 2553,3639 2669,3676 2808,3646 2809,3596 2726,3575 2673,3607 2564,3564 2360,3609 2229,3573 2113,3601 1847,3557 1690,3592"/>
                <Baseline points="1698,3620 1753,3623 1808,3624 1863,3626 1918,3627 1973,3629 2028,3630 2084,3632 2139,3632 2194,3633 2249,3633 2304,3633 2359,3634 2414,3635 2470,3635 2525,3635 2580,3636 2635,3636 2690,3636 2745,3638 2801,3639"/>
                <TextEquiv>
                    <Unicode>nach Hornach ins solothurner gebiet kommen, habe</Unicode>
                </TextEquiv>
            </TextLine>
            <TextLine id="r4l36" custom="readingOrder {index:35;}">
                <Coords points="1675,3713 1787,3764 2066,3739 2138,3770 2227,3739 2307,3765 2557,3723 2558,3639 2433,3651 2354,3696 2294,3660 2215,3689 2119,3645 1921,3685 1852,3634 1810,3672 1675,3681"/>
                <Baseline points="1683,3707 1726,3706 1769,3705 1813,3705 1856,3705 1899,3707 1943,3707 1986,3707 2029,3708 2073,3708 2116,3710 2159,3711 2203,3711 2246,3713 2289,3713 2333,3714 2376,3716 2419,3716 2463,3717 2506,3717 2550,3717"/>
                <TextEquiv>
                    <Unicode>man ihne angehalten und eingesetzt</Unicode>
                </TextEquiv>
            </TextLine>
            <TextEquiv>
                <Unicode>85
Wormit er sich, als er das erste mahl zu
thun gefangen gsin, von den eyserne banden
lattmachen können.
s. Er habe sich nit loosgemacht, sondern seye die
gantze Zeit in der gefangenschafft verbliben
Wie man Ihne angemacht gehabt
den wo vnd bey Wenn er sich aufgehalten, nachdeme
Er dem Stettler und Bauman zu Schwartzen,
burg entrunnen.
R. Er habe sich nacher Langnauw begeben und alda
bey einem Schumacher gearbeitet, da haben Ihn die¬
schumacher von dorten am kalten marit zu
Edin angeben, Vnd dan man darauffhin Ihne
Widerumb gefangen nach thun führen wollen, vnd
Wegen seines Verleundten beins auf ein Roß gesatzt
Vnd fortgeführt, Seye er außerthalb dießbach
bey einem Eychbäldlin, als der Einte das Roß
geführt, vnd der ander dem fußlag nachgangen
ohnvermerkt ab dem Roß gesprungen, vnd habe
sich in der nacht finstere darvon gemacht.
Ob Er ist auch zu Ihrnach gefangen gsin, vnd
alß was fur ursachen.
Es habe ein gelaußer Fryburger von Plastetzen
der dißmahls in frauw. Diensten sich befinden
ihme zu Deren fryberger Gebiets ein Pferd über-
geben, mit Befelch selbiges das land hinab ze führen
Vnd zu verkauffen, Vnd das gelt, so er darauß er¬
Lösen werde, Ihme ordenlich einzuhendigen, mit Ver¬
sprechen er wolle Ihme so vill Lohn darvon geben
daß er seine sach ordenlich haben solle. Das es
habe der Fryburger ihme Pfenti etliche tag zuvor
im Guggisperg gesagt, hernach aber als er das
pferdt an die hand genommen, Vnd mit demselben lib
nach Hornach ins solothurner gebiet kommen, habe
man ihne angehalten und eingesetzt</Unicode>
            </TextEquiv>
        </TextRegion>
    </Page>
</PcGts>
