3024 4032
94 1885 163 2035 6
168 229 244 344 .
303 227 1298 405 Madle Großen hauß von
542 361 869 524 Battenberger
269 475 1483 677 hat im Coneri Hauß alhier ein ehr willen
276 604 1376 763 entwannet, deswegen sy mit der gygen
278 698 1333 847 am halß und etwas gestohlenen zangs
259 790 1423 970 durch die Trummen, die statt hinwendern und
246 920 1437 1086 hinauß vors Burgeren sicht geführt worden.
219 1035 1450 1207 und auff gnad hin die statt und statt zihl
174 1135 1410 1286 verbotten, doctum 4. tag aprilis 1784.
367 1256 1247 1385 burde e g werde des rete
759 1341 1225 1490 welche
229 1429 304 1531 1
179 1486 1326 1714 Anna Augspurger und der
273 1643 1234 1848 bruchschneider bättelvogt Futz.
518 1771 626 1887 .
1154 1857 1217 1910 e
190 1882 1275 2097 über den vortrage mir herren rahtsherren vor
225 2030 1424 2168 Graffenends als despectoren der seinstuben.
765 2139 797 2198 1
700 2132 740 2221 d
206 2158 1348 2324 Waßmaßen Anna Augspurger von Worb
642 2248 677 2290 .
707 2258 770 2309 u
240 2257 1415 2451 so sich vor etwas zeithen mit dem außgetroffen
195 2360 1442 2559 gands frömbden Johannes Brüsch einem 16 jährigen
180 2512 1430 2675 knaben verheürathet, seithar sich in spittal begeben,
189 2625 1308 2812 Eine schwangerschafft erdichtet, vnd von dem
207 2726 1370 2922 battelvogt Futz darzu auff gewisen, vnd die
188 2847 1399 3031 imposius, so weith getriben worden, das er gutz auch
165 2966 1453 3149 für diß montisch, als eine in langwirigen kindt
197 3082 1380 3239 nöthen ligende weibspersohn in dem allgmeinen
179 3182 1416 3365 gebatt batten laßen, habend ihr gnaden erkendt,
159 3321 1408 3479 das sy Anna Augspurger mit dem fragen zur statt
155 3433 1425 3603 hinauß geführt und auff dem land sausiert worden.
1590 181 1681 314 3.
1784 237 2828 450 solle in ansehen des Battelvogt Futzen
1761 364 2917 550 halben, habend 3 lb den selben wohl verdienter
1772 474 2924 636 massen entsetzet und für ein halb ehr lang
1758 576 2841 733 für das Burgeren zihl hinauß erkendt.
1735 676 2659 852 Actum 26. tag junii 1704.
1666 992 2588 1222 Maria Scharnachthal
1599 1225 2814 1446 Damit selbige nach vorhandenen Ordnungen
1698 1392 2867 1554 und bereids ergangenen befelchen, sich von
1730 1495 2786 1664 himmen desto williger begeben thür habend
1708 1577 2900 1741 G. G. ihro acht thaler, darvon einer alhier
1687 1683 2812 1826 zu klagsfelden gween und zu erbork
1723 1791 2822 1942 die übrigen 5. thaler entrichtet werden.
1728 1882 2846 2038 sollend, verordnet, auch herren großweibel
1720 2003 2747 2155 Spurler aber befelchen wollen disere
1728 2110 2863 2280 Scharnachthalerin vor Eich zu bescheiden, daß
1728 2219 2895 2381 sy sich darüberhin auss dem landmache, widerge
1718 2328 2898 2488 fahls sy schmächlich darauß geführt werden, solle.
1700 2429 2396 2589 Actum 3. tag julii 1704.
1645 2737 2492 2957 rancosse Beneverre
2341 2909 2507 3027 Endlich
1635 2905 2779 3112 Dim faule fernen, ist dato von ihr gnaden
1638 3058 2873 3222 statt und landt verwisen und durch den scharff
1644 3166 2761 3317 richter mit der ruthen außgestrichen worden
2583 3267 2699 3435 1
1564 3274 2445 3465 Actum den 26. tag decembris 1794.
