3024 4032
211 226 251 326 9
397 359 1470 518 aber, als Er den Zedel geläsen, habe grau
387 469 1406 600 alsobald erkent, daß Er haltsch seye, vnd
363 559 1429 734 ihne deßwegen in die Keßli setzen laßen.
384 717 1430 886 In ansehen deßfallschen Scheins kan, so der
378 847 1451 971 schulmeister von Vatter kinden, gleichmäßig auch
363 942 1415 1074 sein Haßlibachers angeben geschriben haben
375 1049 1414 1192 soll, hat er die hergangenheit diser
370 1136 1394 1304 sach dahin bekent, daß Jacob Hügli von
368 1245 1418 1393 Ruegsaulo gebürtig mit einer weibspersohn
352 1344 1442 1469 deren geschlechts nahmen Ihme Vnbekant, mit der
368 1441 1439 1570 Taufnahmen aber sein heiße zu ihm kommen,
362 1540 1448 1655 Vnd weilen das mentsch groß schlanger ware
314 1610 1385 1754 Habe der H�gli selbiges bey ihme haßli
331 1704 1391 1842 Bacher gelaßen, und zugleich ihne haßlin
338 1802 1442 1934 bacher angesprochen, daß Er das kind tausen
338 1882 1431 2020 laßen solle; und ie nun das mentsch kin¬
311 1978 1393 2123 Betterin worden, habe er ihme fürgenommen,
320 2082 1422 2240 solches zu Pätterkinden tauffen ze laßen, das
328 2178 1403 2294 mit er aber solches desto liechter ins Werk
322 2260 1432 2411 setzen könne, habe er seinen eignen heimahl
318 2364 1387 2489 schein zu Ihm genommen, sich darmit zu dem
307 2453 1354 2589 schulmeister zu Pätterkinden sich begeben.
322 2568 1354 2685 Vnd denselben, mit dem Vorgeben, daß der
316 2661 1385 2789 Statthalter und der Amman Ihme solches be¬
316 2741 1382 2884 fohlen, angesprochen, daß Er sein haßli¬
288 2838 1414 2960 Bachers Schein abschreiben anstatt sein haß,
280 2938 1413 3073 Hubachers nahmen aber den Jacob Hügli ein
298 3026 1391 3155 setzen solle, welches der Schulmeister auf
309 3116 1387 3243 obgedachtes sein vorgeben, auch gantz guthaillig
299 3207 1391 3359 gethan, darfür habe er dem schuhlmeister
288 3313 1360 3452 Alden bazen geben: hernach aber habe Er
273 3400 1362 3513 disen Schein genommen, Vnd selbigen, wie auch
287 3489 1396 3621 keinen eignen schein dem herren Predianten
1638 2194 1681 2268 C
2728 214 2854 327 170
1702 348 2878 504 gebracht und das kindt als ehrlich einschreibe
1704 450 2388 593 Vnd Tausen laßen
1717 567 2848 759 Was dan die faltschen Gultbrieffen, so
1740 659 2819 835 Er haßlibacher aufrichten laßen, be¬
1752 742 2884 887 trifft, so hat er bekent, daß er drey faltsche
1726 824 2561 982 Gultbrieffen machen laßen.
1659 972 2848 1138 Vnd zwar erstlichen von einer Wittfrauwen
1738 1085 2856 1224 Von Graffenried, so an der Metzgergaßen
1725 1171 2872 1278 obenhalb der schahl wohne, habe er drysig
1718 1244 2862 1411 cronen empfangen, ihro darfür einen gult,
1728 1349 2865 1459 brieff durch einen Schreiber, den disere mitt
1722 1440 2875 1578 fraulo selbsten berusten, schreiben, sich darin
1719 1538 2860 1681 als schuldner einsetzen und zu Underpfen,
1717 1617 2860 1763 Deren seines Vatters sel guht einverleiben
1706 1716 2830 1835 laßen, welches guht aber er niemahlen in
1698 1807 2785 1934 besitzung gehabt, sondern es seye solches nach
1678 1897 2826 2029 seines Vatters sel absterben Verkaufft, vnd
1696 1999 2840 2138 Er haßlibacher erst Sechs leuchen nach sein
1690 2077 2858 2225 nes Vatters sel todt an die Welt gebohren
1685 2178 1987 2284 worden.
1683 2266 2841 2424 Zein anderen seye er Haßlibacher mit vnder
1681 2384 2851 2513 neben einem mentschen, so sich für Catri Stalder
1672 2469 2764 2613 Von Ruegsauld außgeben, vnd Er zu dem
1672 2576 2830 2701 ind angesprochen, zu dem hr. schreiber zitt
1665 2677 2822 2800 liger gangen, vnd demselben vorgeben, daß
1657 2748 2844 2897 die Stalder Ihme Haßlibacher fundt vnd Ploen
1666 2861 2795 2979 zig Cronen schuldig seye, weilen Sie aber
1659 2924 2829 3068 ihne mit bahrem gelt nit zahlen könne, sie
1644 3045 2826 3167 Ihme Haßlibacher einen Fultbrieff darfur
1665 3136 2813 3259 aufrichten, und zur sicherheit diser sum ihren
1654 3233 2818 3366 hinder Ruegsaul ungenden hard einsetzen wolle.
1644 3313 2830 3440 Und wie dises Galtbriefflin darusthin auß
1667 3394 2763 3524 gefertiget worden, habe Er haßlibacher
1649 3492 2751 3631 solches zu seinen handen genommen, etwas zeits
