3024 4032
125 195 255 338 74
109 388 257 513 Johlnes
94 487 254 592 Roht
431 233 1356 415 Gericht und kundtschafft
398 271 467 379 .
265 346 1436 544 Wegen deß sonntags den 8ten maii 1707.
292 458 1458 642 Abends ohngefahr umb acht uhren in der klegen
283 536 1444 728 Schaal alhier durch Josarieres Rohr Burgern
294 624 1447 797 und metzger knechten an osten abra
272 722 1416 894 harer König, auch burgeren und sosten
291 826 1426 993 deß metzger handwercks alhier begangenen
267 902 1424 1085 Todtschlags, wie solcher auß Oberkl
281 1033 1421 1177 befelch vom 9 obgedachten monats und
261 1116 1406 1275 jahrs durch meinen wohlgeehrten herren
261 1203 1426 1363 Großweibel besset und den grichten
255 1312 1428 1459 schreiber den 9. a 3 und 20. dito mit allen
264 1410 1418 1567 fleiß aufgenommen und nach beschechener mehr
253 1522 1419 1678 mahliger vorlahung, auch vorläuftig geren
249 1596 1425 1757 thanem erforderlichem erinneren und kraffen
256 1697 1413 1830 stigem zusprechen, daraufhin mit leiblichen
277 1782 1392 1931 und gelehrten eyden bestächtiget worden.
231 1865 992 2011 vers zwar erstlichen
231 2050 1387 2242 gler Steli ein metzger knecht gebührtig
238 2164 1394 2333 von Biel zeüget, daß alß verwichenen
224 2270 1383 2418 sonntag abends umb acht uhren der for
232 2375 1382 2505 sannes Rohr in der schaal ein sich 1 kalb
240 2439 1410 2608 entweydet und er gegang, wie auch Rude
239 2540 1401 2694 und statt der richt gerwer von ohngefehrn
234 2629 1403 2790 sich aldes befunden, seye der mr Abraham
241 2724 1361 2894 Köng, daher kommen und bey dem kohr
228 2798 1381 2980 siner geschneutzt, da habe der kohr gesagt,
239 2923 1389 3084 was er ihme ein sollen schunderlig anzu
224 3004 1393 3159 werden habe darauf der köngen geantworten
218 3094 1385 3252 tet, wo er dann einen habe, solches sagend sollen
226 3171 1380 3336 der kingen den kohr etwas gegen dem liecht
229 3255 1381 3422 gezogen und besuchtiget, aber alle ins ge
209 3342 1366 3512 sambt nit befunden, daß der Rohr etwas
213 3446 1350 3616 an ihme gehabt, auf das hin sagte der
996 3599 1247 3738 Rohr
2729 212 2867 307 75.
1624 295 2904 471 Rohn zum sie bring, er solle ihn rühwig
1660 371 2845 555 laßen, wann er ein meister seyn wolle
1657 475 2890 620 so solle er witziger seyn und nit machen wie
1669 574 2891 723 buben demme der lang geantwortet, er sollen
1655 661 2885 831 schweigen, er habe dan nichts an ihn geworffen
1640 745 2897 912 wo nicht so laßet er ihme eines mit der hand
1646 842 2887 1003 lauffen der Rohr aber geantwortet, gib mir
1638 927 2881 1089 amnen, hierauf seyen sie mit worten fern
1632 1017 2879 1180 mers an einander kommen, also daß der Konge
1635 1129 2864 1270 den kohr angreiffen wollen, Allein der
1608 1209 2813 1360 mr David Straß habe den köng gehalten.
1638 1317 2825 1461 und er gezeug habenden kohr, so sich etwas
1633 1413 2867 1558 umbgekehrt bym arm ergriffen darinnen
1613 1496 2791 1646 er das meßer gehabt und ihne geheißen.
1625 1589 2877 1715 daßelbige einstecken, wie nun der mr Abrah
1632 1677 2861 1836 sam marti und mr Wilhelm Benedick
1630 1775 2839 1935 so zu beyden seithen auch geglicher ein kalb
1629 1864 2857 2028 entweydet, das wegen gehört habend sie ihnen
1641 1967 2821 2117 abgewehrt und vermahnt friedlich zu seyn.
1627 2059 2840 2201 darauf sie etwas nachgelaßen aber bald
1627 2149 2843 2293 wider angefangen zu zanggen, da dann der
1602 2241 2861 2388 Rang den wahr hinderwarts bym Haar er
1626 2333 2823 2490 griffen und auf den boden gezogen, Alß
1630 2423 2846 2580 nnn der kung dem kohr nach sich undergeben
1608 2515 2838 2666 buckt (doch also daß er nit auf dem kohr
1630 2607 2838 2771 gelegen habe er alsobald angefangen zu
1617 2706 2774 2862 schreyen. Alius mein auch mein such,
1631 2796 2812 2953 wormit er die hand auf dem buch haltend
1598 2890 2833 3054 zur schnal auß gegen herren schärer Langs hauß
1620 2980 2819 3148 geloffen, er gezeug seye ihm alsobald nach
1612 3091 2787 3226 gangen und ihne in ermelten herren köngs
1613 3158 2786 3317 haußgang angetroffen, da er nichts mehr
1634 3261 2765 3408 geredt und grad inder enken wollen.
1617 3348 2786 3510 welchen er mit hieß herren holtzen, so eben
1606 3428 2775 3595 darzu kommen bey den armen gehalten.
2382 3574 2636 3701 Fas
