3024 4032
144 2852 252 2928 11.
124 255 245 389 160
196 338 1417 500 8. Seye es Schiltwacht gestanden, als das Ers
306 448 1399 596 Porteniert einem Kücher in Herren Bennern
324 567 1405 693 fischers sel matten eingebrochen, vnd Vih
320 649 1365 784 gelt entloendt, darvon habe es auch seinen
304 739 1385 895 anteil bekommen. Der Kücher aber habe ihm
315 849 1344 986 ins Fryburg geburt nachgesetzt und auf
315 947 1414 1086 erdapen zu Fryburg in gefangenschafft setzen
282 1014 502 1152 faßet.
323 1139 1394 1295 habe es vor ohngfahr dreyen Jahren zwüschen
203 1179 321 1296 9.
334 1258 1323 1400 Thieracheren vnd Ansoltingen auß einem
339 1337 1365 1483 Bauleren hauß die Pfund garn, der pfund
324 1433 1408 1588 Anken, Vier pfund rysten, vnd dru hembder
303 1533 1372 1672 Wie auch etlaas gelts, lauße aber nit wie vill
325 1626 559 1726 entlandt.
321 1730 1414 1890 Im Normans Baad Hinder signauw haber
161 1782 277 1862 10
330 1833 1410 1960 einen rot zwey fürtuecher, ein bahr strumpf
336 1940 913 2049 Vnd ein hembd genommen.
171 2019 1358 2198 Hierüber seye es ergriffen, gahn signaulo
352 2148 1328 2261 ins Schloß, von daselbsten in alhiesige ge¬
341 2229 1365 2354 fangenschafft, vnd nochmahlen, als nunmehro
330 2310 1421 2462 zum Vierten mahl ins Schallenwerk geschei¬
326 2402 1422 2536 det worden. Nach verfließung dreyer buchen
306 2481 1393 2629 habe es durch zween Meltsch gen Schallenlorck den
324 2558 1399 2717 ring widerumb abfylen laßen, und sich fortge-
319 2671 486 2769 macht.
323 2762 1364 2923 habe es mit hulff eines Karlis auß dem
333 2856 1350 3013 Schangnaulo nahmens Pierri dem Hans
337 2972 1357 3126 Ballmer zu Haßli gelt und tuch genommen,
340 3073 1402 3188 Wie wohl gelt es aber gsin seye, wüße
340 3145 1447 3275 es nit allein seye es mehr dan Zehen Cronen
307 3230 1384 3383 ghe, Vnd da es nach Berubten die bstahl
301 3326 1405 3486 gegen Vnderwalden zuflichen, Vnderstanden
294 3420 1465 3559 habe man ihme nachgesetzt, ihns wider ergrißen
299 3523 1448 3637 das geraubete gelt Ihme abgenommen, vnd
1583 938 1698 1042 12.
1613 2586 1694 2682 15.
1615 3013 1701 3101 16.
1618 1564 1705 1644 13
1633 2035 1731 2154 19.
2629 280 2731 387 207
1722 350 2804 522 abermahlen alhar und zlaar zum teüfften
1741 464 2711 592 mahl allhar ins schallenwerk geführt,
1713 548 2769 718 darinnen es bey zwey und viertzig wuchen
1744 653 2691 807 Verbliben, darnach den ring widerumb
1737 733 2760 886 abfeilen laßen, und sich darvon gemacht.
1764 887 2768 1033 Seye es bey der Rohten Scheur alhier
1763 1013 2778 1114 vor der Statt schiltwacht gestanden, da
1756 1073 2809 1222 ietzlouschen Anna Schlegel von Utendorff
2737 1178 2770 1224 2
1728 1173 2837 1316 seine diebs gesellen ins hauß gestigen, Vnd einen
1753 1255 2758 1406 trag gelt und zeug entloendt von welchem
1728 1347 2767 1497 gelt es sechs Tronen, vnd etwas Zeugs fur
1735 1429 2283 1566 seinen anteil bekommen.
1734 1510 2814 1686 Habe es zu Sariß weyl dem wihrt dan
1747 1625 2818 1772 selbsten, ein dat beht, ziehen, ein haubtkuß
1777 1705 2843 1859 ziehen, ein wullhembd und ein mantel entlom
1789 1811 2845 1940 Von deßentwegen es zu Biel eingezogen, vnd
1771 1900 2515 2029 mit dem eyd verwisen worden.
1773 1997 2835 2132 Dem haußman in der fr Stärleren matten
1761 2105 2800 2234 habe genommen, zween Rot ein schulthembd,
1780 2180 2786 2304 ein furtuch, Sechs Ellen auch, vnd an gelt ein
1774 2265 2827 2397 thaler, zwen drey Creuzler vnd etliche Vierer
1769 2353 2788 2477 darvon es dem Elsi Parteiner einen rot
1773 2436 2718 2571 geben und den anderen dem Christen Rupp
1740 2538 2785 2685 habe es mit zu thun deß Land garben Stins
1725 2641 2791 2784 zu Arch im ambt Buren auch etliches zeüg und
1701 2739 2838 2861 sachen genommen, welche aber es denen so sie zuge¬
1726 2820 2834 2966 fordt, als sie ihme nach geeilet wider zugestelt.
1723 2953 2758 3125 Alß ohnlengstens der Christen Rupp zu
1724 3088 2809 3220 Niderrieder in einem Bauleren, hauß über einen
1751 3170 2845 3328 trag gebrochen, vnd darauß einen rot, Ein hemb¬
1746 3256 2822 3418 wey beheziehen, vnd etwelche kleine stübli zug
1745 3372 2792 3515 entloendt, habe er solchen diebstahl Ihme
1739 3459 2835 3621 Stey geben und zugestelt Elweil die that
