3024 4032
362 264 1493 481 Ihro er die Schaam betastet und beschauwet,
369 371 1497 543 Vnd darzu gesagt, sey ich ein kätzer, zu hast
356 468 1494 642 schon haar daran, Wie nun er Nobs solcher
338 555 1494 716 gehört und naher hinzukommen, habe die tochter ihne
345 645 1489 787 gesehen, vnd angefangen vmb hulffreßen, auch sich
333 726 1486 887 Von dem vatter Loosgemacht, Worauff er hobe
346 809 1478 965 Sie beyde, Vnd sonderlich den Vatter diser Vnkru¬
320 900 1512 1085 schen schandthat halber bestrafft und zu dem vatte
345 989 1433 1134 gesprochen Oler, Oler, was machste, Er
328 1094 1464 1222 geantwortet, was es Ihn angehe, daruber
317 1171 1468 1315 hin Er Gurtner sich gegen seiner tochter gantz
312 1259 1454 1401 Zorung gestelt, vnd gebalget, vmb Ihne Nobs auf
304 1353 1427 1490 den wahr zu bringen, als wan er etwas anders
304 1460 1410 1600 vorgehabt. Nachdeme sie nun aufgestanden
305 1541 1451 1668 habe der Vatter die Tochter in der Weiche bey
298 1641 1428 1754 der Juppen ergriffen, welche sich aber wide¬
331 1723 1436 1842 rumb von ihme loosgemacht auf den boden ge-
310 1809 1434 1941 saßen vnd grinnen, vnd gesagt, er solle Ihns
310 1893 1457 2020 gehen laßen, daß es sich wider könne ein preisen
305 1994 1390 2113 und nit jederman sehe, was für einen schlimmen
268 2072 1391 2208 Wandel erführe, dan deß Meitlis brust tuch
280 2165 1424 2315 sambt dem preißnestel, seye alles osten gsin und
304 2268 795 2385 über aber gehanget.
241 2369 1455 2544 Disem nach habe der Gürtner noch an einem anden
306 2479 1420 2604 ven ort under einer Eych beym herrenschwanden
271 2557 1381 2692 Holtz gedeute seine Tochter widerumb auf den
261 2674 1414 2778 boden nidergezogen, wie nun er habs sie von
220 2750 1424 2877 Weitern gesehen, und näher hinzu gehen wollen, seye
265 2838 1424 2958 ihme eine arme frauw von Herrenschlander, so sonde
289 2904 1432 3043 aufgeläsen, begegnet, welche dem Gurtner Vnd seiner
287 2996 1328 3144 Tochter eine Weil zugelugt, disere fr habe Er
261 3085 1441 3214 Nobs gefragt, ob der Gurtner das meitli inderzeige
266 3184 1414 3314 darauß Sie gesagt, Ja, er seige es inder Vnd Ihme
249 3262 1393 3376 Das gwand biß under die armen aufgedekt, auch
214 3352 1389 3482 Habe sie gehört, daß der Gurtner der tochter ein
287 3443 1412 3567 mundschi geheüschen, die Ihme eins geben, das frey
272 3517 1369 3664 klopfft, er Nobs aber habe solches nit gesehen,
2785 192 2874 299 39
1692 270 2817 441 Sonderen, wie gemelt, von diser frauwen
1716 412 1875 542 gehalt
1682 472 2903 667 Hierauff seye der Gärtner mit seiner tochter fort
1723 586 2907 728 durchs holtz außgangen, und er Nobs ihnen allge-
1721 665 2878 793 nach biß zum thurli bey der Riederen nachge¬
1702 739 2890 886 Volget, daselbsten habe Er Jobs sich im holtz Ver¬
1716 814 2905 967 eket hinder einen stok gestelt, Ihnen zugelegt und
1712 883 2897 1046 gesehen, daß der Gärtner das meitli hinder das
1702 991 2880 1155 Th�rli geworffen, selbiges ummen und ohnen getröhlt
1695 1052 2889 1240 und mit offt widerhalten worten zu ihme gesprochen
1696 1174 2886 1312 will volgen, durnst volgen, zu hast ja gesagt,
1697 1240 2795 1401 zu wollest volgen. Das Meitli aber habe eine
1700 1339 2866 1486 fläschen in der hand gehabt und allzeit geschrauwen
1693 1430 2864 1572 , die fläschen, die Fläschen, Ja ich will Volgen, wie
1712 1503 2891 1666 er nun eine weil das meitli, so ummen tröhlt und selbigen
1694 1601 2832 1738 ges biß in die straß gezehrt, habe der Vatter etliche
1707 1678 2846 1838 mahl zu ihme gesagt, wilt in dies wilt in dise
1700 1766 2877 1905 (nemblich ins holtz, das Meitli aber habe nichts da¬
1710 1855 2887 1992 raus geantwortet, sondern grantzen vnd briegget
1695 1939 2902 2083 Als er entlich das meitli daselbsten aufs bort außen
1690 2036 2847 2153 gebracht, vnd abermahlen indergeborsten, seye Er
1675 2126 2831 2263 der Lenge nach auf Ihns gelägen, Jehdoch seye das
1677 2222 2822 2357 Meitli damahls nit über die kine entblößt gsin
1693 2313 2880 2428 auch habe Er Kobs niemahlen, wieder das Erste, andere
1693 2404 2799 2510 nach dritte mahl den vatter entblößt gesehen.
1674 2487 2820 2619 Da die nun in solchem stand waren, habe er nebs
1688 2560 2889 2704 mit seinem stäten stark an einen stat geschlagen, darauff
1672 2658 2885 2778 das meitli geruffen, war du biß komb füren, solchem
1689 2736 2871 2871 nach seye er hinzugangen, und habe dem vatter aber
1693 2813 2853 2963 mahlen scharpff zugeredt, welcher das meitli noch
1679 2918 2861 3052 allzeit gehalten, vnd gar nicht gehen laßen wollen, bis
1700 3005 2843 3138 er nobs entlichen mit gewalt, auch mit herzurückung
1694 3091 2834 3232 eines fürüber reitenden Meltschen herrens, solches
1673 3186 2815 3303 von Ihme gezogen, vnd geheißen fort vnd heimbgehen,
1672 3277 2857 3421 es seye aber nur Langsamb fortgangen, vnd habe
1677 3361 2788 3513 Ad hinder sich gelugt, vnd wie Er Nobs hernach
1684 3461 2849 3563 vernommen, seyen die bald wider beyeinanderen gsin.
1636 3542 2856 3670 Das meitli habe zwar ihne nobs geheißen mit ihnen
2756 3675 2861 3771 geh
