3024 4032
360 263 1084 486 Barbara Ring
290 423 1316 647 Ist dato auß dem vorhauß in die ober
313 545 1422 739 gfangenschafft geführt worden und gleichen tags
318 645 1347 828 nach lauth ihr gnaden befelchs, eydlich von
314 762 1408 928 ihr gnaden statt und land verwichen und durch
331 874 1435 1040 den schopffrichter mit der rethen außgeschweitzen
321 981 1157 1129 worden, Actum 3. tag julii 1794.
339 1228 1243 1423 Christina Weinman.
510 1405 819 1517 von Arni
343 1495 1351 1677 So zum offteren sich des stühlens ergeben, ist
366 1617 1246 1768 dato mit einen rung am halss in daß
360 1701 1318 1863 Schallenwerch übergeben worden, actum
340 1809 875 1975 24. tag junii 1702.
348 2113 1086 2303 Maria Rudliger
321 2317 1317 2501 Deme wegen diebstahlen und schlinen herr
332 2457 1309 2592 wandels die statt alhier offters verbotten,
349 2539 1308 2700 worden, denoch aber wider hin eingekommen, ist
347 2656 1299 2778 mit einem rung am hals in das Schallenwerck
330 2725 1390 2911 übergeben worden Actum 3. tag martii.
327 2839 482 2921 1704.
418 2974 1059 3187 Barbara Brugger
482 3127 873 3248 von Ursenbach.
279 3168 1398 3395 Ist v. dato wegen begangenen zweigen erbruchen,
263 3306 1338 3483 nach lauth gsetzes, eydlich von ihr gnader
274 3414 1402 3577 statt und land verwisen worden. Den 9. tag decembris.
279 3522 425 3648 1704.
1543 221 1626 315 5.
1726 193 2787 407 Anna Härtig von Heinswyl.
1865 337 2428 517 hnder solle huren
1699 466 2879 655 so zu kilchiores kinds nider kommen und unbekante
1710 586 2760 750 persohnen der ehehalben anspricht, ist dato
1718 688 2796 864 eydlich von ihr geren statt und land verwisen.
1710 800 2518 957 worden. Den 6. tag jenner 1705
1670 1047 2789 1283 Heinrich Mathys er metzger.
1637 1295 2770 1478 wegen seiner brudalisch und unmantschlichen
1671 1435 2789 1575 fractamenten, welche er immerhin an seinen weib
1654 1513 2864 1664 und kinden ungeacht gegen ihme villfaltig gethaner
1659 1600 2869 1749 abmahnungen, verüebt, ist dato bis auff scheinbare
1671 1698 2828 1839 beßerung eydlich von ihr gen statt und landen
1661 1779 2752 1938 vorwisen worden. Den 8. tag januarii 1705
1580 2065 2825 2260 Peter Wäber der metzger von Arberger
1738 2240 2844 2406 So als ein großer flucher und trunckenbotten, der
1738 2349 2778 2485 weib und kind mit stoßen und schlagen übel
1722 2435 2786 2571 fractiert und die kirchen gar selben besucht
1735 2519 2878 2659 und an dem alle villfaltig angewendte veren
1738 2602 2831 2742 mahnungen und gefangenschafft und andere
1727 2673 2836 2834 straffen nichts verfangen und noch darzu gegen
1727 2774 2812 2918 alhiesigen vorgricht sich ungehorsam erzeigt
1707 2864 2775 3016 und also als ein sehr euchloser und ärgerlicher
1726 2969 2891 3124 möntsch ihr gnaden vorgestelt worden, ist dato
1710 3067 2728 3211 biß auff scheinbahre beßerung, deßen er
1708 3164 2862 3292 authentische zeügsamme auffzuweisen haben solle.
1702 3259 2739 3420 Eydlich von ihr gnaden statt und handern
1666 3381 2843 3523 verwisen worden. Actum 15. tag jenner 1705.
