3024 4032
220 219 311 308 20
346 211 1490 342 mit ihm heimbgetrag. In übrig bezeüge er
322 303 1508 420 höchlich, daß keiner von Ihnen einichen wegen, sonderen
326 396 1489 527 wie gesagt, der verstorbene einen Mantel, die vbrig
315 461 1500 595 drey aber stecken gehabt. Er gezeüg habe nicht
310 574 1462 681 gesechen, wo vnd anwelchem ohrt der abgeleibte
317 658 1503 774 verwundt worden, allein, da er ihn nachwährts
322 761 1487 876 in der schul berucht, habe er selbsten ihme ange-
340 834 1476 987 zeigt und gesagt, das er schon in der statt droben
327 937 718 1028 blessirt worden.
328 1043 1443 1167 Nach befolchenem Abtritt deß Kinders ward
317 1123 1401 1281 hinein berusten Hans Ulrich Herispergers
321 1223 1374 1344 von Winterthur der dritte Tischmacher gefell
1387 1290 1417 1363 .
296 1318 1457 1450 welcher zeügete, daß an bemeltem sontag der
286 1397 1436 1536 abgeleibte Johannes Hebler vnd der nochlebende
285 1485 1485 1619 verwundte mit ihme gezeüg und dem hagenauwer
281 1575 1418 1714 Abendts ohngefehrdt vmb halb Siben Vhren von einem
279 1674 1467 1844 gehaltenen gsellen, gott zu zimmerleüth hinweg gang
297 1789 1450 1913 vnd jeder nach Haußgewolt, hab der verstorbene
259 1866 1443 2002 ihme gezeugen und deß mr Sellmers gefellen angen,
258 1961 1425 2112 ehalten, mit heimb zukommen, er wolle ihnen einen
266 2051 1440 2174 trunck bezahlen und als sie darüberhind mit ein
257 2155 1419 2290 anderen die Statt hinauf gangen, seÿend zu end
238 2240 1456 2382 Der lauben bey der kefi ihrer zwen ihnen begegnet
255 2358 1455 2490 deren einer mit einem weißen Rock im vorbey
225 2440 1441 2596 gehen den Hagenauwer Michel kinder gestoßen
222 2555 1497 2676 Deßtlegen der Hagenaulder ihn gefragt, warumb
224 2645 1442 2788 er ihn stoße, ob dann nit platz gnug seye. Indem
231 2741 1445 2882 aber diese beide hierüber mit einanderen geredt
208 2831 1420 2983 seye der andere von diesen beiden Fürsten mit
210 2924 1400 3078 einem dunckelen rock gleich zurückgangen, und
202 3036 1448 3174 ohne einiches wortzureden mit entblößtem degen
206 3123 1454 3251 auf den nach lebenden Motthys zugestoßen, welcher
204 3211 1496 3368 mit bey sich gehabtem stecken zwey auf ihne gethane
185 3311 1416 3467 st�� au�geschlagen. Wie nun der abge
185 3419 1400 3583 storbene solches gesehen, habe er alsobald dem
1625 251 1726 334 21
1670 286 2872 428 Hagenauwer seinen mantel geben, dem veren
1680 389 2854 504 wundten den stecken genommen und ihm wehren
1690 482 2895 606 wollen. Inzwüschen habe der nach lebende ver-
1672 556 2870 688 wundte einen stoß in die hufft bekommen und
1670 646 2924 788 geschraulden er seye gestochen und verwundt, der
1685 747 2926 886 Thäter aber hierauf die flücht genommen, demme
1684 819 2864 972 der verstorbene nachgelassen, er gezeüg seye
1677 947 2881 1065 ihnen auch gefolget biß zu end deß Gäßlins und
1672 1023 2903 1159 da er nicht mehr gelaußt, wo sie hinkommen, seye
1690 1132 2864 1265 er mit dem Hagenaulder, welchen er im Gäßlin
1689 1236 2876 1333 angetroffen und deß abgeleibten mantel gehabt
1668 1299 2853 1432 widerumb zuruck vnd heim gangen, Er bezeug
1689 1409 2886 1549 aber für seine Persohn habe nit gesehen, wo vnd an
1689 1514 2864 1631 welchem ohrt der verstorbene blessirt worden
1687 1605 2816 1748 Allein wie er nachwärts neben mr Lutstorff
1679 1691 2871 1839 selbigen in der Insul besucht vnd der Matthyas
1695 1809 2893 1940 hne gefragt, wo er verwundt worden, hab er
1680 1907 2876 2047 ihnen angezeigt, daß solches schon droben bey der
1692 2011 2885 2151 Ref geschechen seye, vbrigens Zeugete dieser
1677 2133 2823 2261 Ulrich Herisperger gleich vorigen beiden Tisch.
1679 2234 2921 2363 macher gefellen, daß keiner von ihnen einichen wegen
1676 2332 2936 2482 gehabt, maßen ihre handwercks-ordnung vermögen,
1644 2417 2919 2558 daß wann sie eine Vmbfrag vnd Potthalten, wie
1666 2512 2916 2658 sie selbigen Abends eines gehabt. Dorffe keiner
1663 2612 2865 2765 von Ihnen einich seitzig gewehr oder degen
1674 2717 2016 2850 bey sich haben.
1660 2807 2917 2967 Vber obige 3. Tischmacher gsellen, sind auch verhört
1677 2933 2939 3060 und mit ihme allaranne confrontirt worten
1702 3017 2790 3157 Mr Jacob Haußler der Todtengreber
1803 3120 2808 3259 vnd Anthorne Chamben, welche
2121 3204 2480 3327 Gezeuget
1659 3207 2861 3411 Daß als sie beide den 27. decembris. so da
1690 3363 2902 3522 ware an einem Sontag Abends gegen 1 Vhren
2665 3507 2881 3691 bey
