3024 4032
418 402 1275 609 Hans Uli Leib und gaht
436 553 1273 682 sonst gegger Hans Ulli genant von
607 663 961 772 Melchnanlo
368 755 1373 938 Ist wegen deß auf Ihne gefallenen Ver¬
368 889 1354 1004 dachts deß faltschen muntzens durch Meinen
359 984 1369 1096 Wohlgeehrten herren Groß leibel Wur¬
359 1060 1391 1202 stenberger, Vnd den Grichtschreibern den
356 1167 1384 1280 14. junii 1710 examiniert, und auf gantz
348 1243 1375 1377 ernstloortliches zusprechen nachfolgende Be¬
348 1331 1312 1473 kantnuß auß ihme gebracht worden.
343 1431 1427 1577 Namblichen, Als der Krämer Peter Gruber
352 1539 1345 1669 Von Melchnaulo von den schulden hefftig ge¬
355 1632 1366 1747 truket worden, Vnd deßentwegen seine sachen
339 1724 1388 1843 außtragen und in zücherheit setzen, zu dem end
349 1809 1363 1946 auch eine trocken in sein leib vnd guts hauß
323 1911 1347 2043 tragen laßen, habe er, weilen die trucken
329 2003 1372 2127 so schlaas gsin, auß wunder gebigkeit selbige
333 2087 1394 2222 aufgethan, vnd darinnen neben einichem Keßler
306 2169 1397 2303 Zeug in einem Lumpen eingelounden einen eyser
340 2269 1342 2394 nen rappenstempstel gefunden, Vnd weilen
310 2353 1356 2480 Kupferblich auch verhanden gsin habe solches
334 2443 1333 2577 Ihne Veranlaßet zu probieren, was es doch
341 2542 1339 2663 geben werde: Wie er aber anfengklich
358 2629 1336 2761 ins mit einem sammer auf den Stempfel
338 2722 1365 2823 geschlagen, So habe nichts druß geben wollen
322 2794 1414 2905 hernach aber, als er ein Giel genommen, vnd mit
324 2883 1358 3016 dem Ohrj druß geschlagen, habe es etwas be¬
340 2973 1377 3100 ings geben, doch aber seye Ihme nicht mehr, als
335 3067 1351 3183 fur vier batzen vnd Vier rappen gerahten
325 3153 1356 3276 das übrige so nit gerahten habe er wegge¬
316 3242 1426 3378 Worsten, über die Jenigen rappen dan, so geraht
316 3332 1389 3462 habe er mit einem kolben zihn geschliegget
289 3436 1384 3557 Hernach habe er dise rappen Vnder Jenige
312 3521 1444 3664 so er von einem schnuertreger herren langenthal
2655 219 2786 316 235
1683 364 2782 528 aufgelechßlet, gemischlet, vnd einiche darvon
1671 503 2731 639 zu hutteil vmb bronts geben: disen
1684 577 2818 725 Keßlerzeng vnd den Rappenstempel habe
1699 688 2793 803 er in vier wuchen lang in seinem hauß ghan und
1685 779 2727 909 seye etwan in 3 oder Vierrung drob gsin.
1663 865 2796 1015 Vnd da der Kremer Peter disen Keßler zeug
1714 974 2794 1099 und stempstel widerumb bey ihme abgehalt
1691 1072 2763 1197 habe er selbigem Verdeutet, er solle disere
1681 1162 2823 1287 sach abschaffen, es gebe sonst mit guts, worüber
1683 1247 2794 1404 selbiger Ihme geantwortet, ja es müeße noch
1698 1341 2811 1468 leüt abgeschaffet werden, wüße aber nit, ob er es
1709 1409 2816 1560 gethan oder nit. Anbey habe diser kramer
1700 1523 2785 1666 Ihme vorgeben, daß er disen stempfel zu Solo¬
1702 1624 2808 1771 thurn von einem krämer, so bey der sollbrugk
1702 1712 2733 1843 zu Grüenen bey Sumißwald sich aufhalte
1702 1820 2016 1950 überkommen.
1685 1896 2812 2027 Was den Jennigen thalte betrifft, so er auf
1714 1987 2825 2138 dem rahthauß zu Huttheil zu bezahlung der
1720 2077 2770 2217 terti geben, so wüße er nit, daß selbiger
1708 2141 2774 2289 faltsch seye, es habe zwar der Wihrtin Sohn
1715 2246 2834 2385 vermeint, waßer nit gut, weil er so glat setze
1701 2347 2822 2457 Wie er Ihme aber darüberhin verdeutet, wan
1715 2417 2836 2539 er nit gut, so solle er Ihme selbigen vmmen geben
1701 2509 2759 2631 damit er solchen dem jenigen wider zu stellen
1718 2569 2808 2717 könne, der Ihme selbigen gegeben, habe die
1692 2684 2794 2801 wihrtin darußhin den thaler genommen und
1704 2760 2818 2897 behalten: disen thaler, sambt noch zweyen
1703 2846 2813 2978 anderen, Vnd fur 21. tagen rappen, habe
1719 2920 2757 3082 er gegen dargebung Sechstrente holz vnd
1704 3030 2833 3198 zleyer frantz ohn halbthaleren von einem schnuer
1712 3120 2858 3248 treger zu Langenthal aufgeloeßlet, gemelte
1705 3205 2842 3333 6. Trenter Holz und 2 halb thaler dan, habe der
1970 3282 2830 3436 Graub, wihrt zu Lotzweil Ihme
1682 3392 2782 3537 umb ein kühli geben, außert disem gelt
1695 3469 2800 3634 habe er noch einen Thaler gehabt, vnd sonst
