3024 4032
299 277 1498 550 E. Ob Er nit aldortig in der Gefangenschie
392 447 1465 638 gelarten, vnd warumb man ihn eingestell
333 564 1459 806 f. Da er seye fründen mit einichen anderen
335 682 1492 877 Soldaten im anrat gsin, weilen er angeklagt,
431 796 1483 987 worden, daß Er einem Schreiner Vohl sachen
440 848 1454 1037 geschendt habe, deßen er aber gantz Vnschul¬
429 962 1438 1101 big gsein und sich auch bey gethaner nachfor
422 1053 1458 1200 schung nit erfunden habe, maßen man ihme
393 1152 1414 1274 hernach das geloehr widergeben, vnd habe
417 1225 1462 1364 Er darüberhin biß gegen wienachten gedienet,
325 1357 1450 1558 . Ob er nit drunden in den Wald stetten auch
218 1483 1399 1637 von diebstahls wegen eingesezt worden, und
365 1587 1181 1718 dorten auß den Feslen gerißen.
261 1707 1406 1886 2. Nein er seye dorten nit wegen diebstahls
366 1856 1458 1947 sondern, daß er, wie angezeigt einem schreiner
367 1908 1453 2032 sachen verderbt haben solle, angeklagt worden.
354 1995 1436 2137 so seye er auch nit auß den landen gerißen
397 2089 1414 2223 söndern man habe Ihne wider ledig gelaßen, vnd
375 2164 1438 2303 ihme bald hernach für 14 tag lang nach hauß
364 2247 1430 2402 zugehen bewilliget, da er dan wegen ihme zuge-
366 2352 1390 2491 stoßener Langloewigen krankheit nicht wider
355 2441 762 2579 smundergangen.
375 2544 1407 2698 Was er damahls für zeug auß den Wald
161 2527 308 2711 2
387 2656 1421 2781 Stellen mit ihme nach Schwartzenburg gebracht,
365 2738 992 2871 Vnd dorten Verkaufft habe.
209 2829 327 2957 R.
361 2828 1393 2975 Er habe drunden einem Fragoner, so zu Ihren
363 2933 1372 3068 ins quartier kommen, etwas wenigs seydenen
325 3000 1359 3134 zengs gekaufft, welches er mit ihme naher
331 3109 1396 3252 Schwartzenburg gebracht, Vnd dorten wider Ver¬
341 3181 510 3289 kauft.
169 3298 1376 3483 E Ob, vnd warumb er zu Schwarzenburg
329 3409 779 3517 eingezogen worden.
210 3489 1345 3636 R. Er habe Christen Meschler der Krämer
146 3576 258 3665 s
336 3580 1381 3713 im Guggisperg ihne Pfendi bey dem
2733 187 2851 343 39.
1687 326 2866 541 Damahligen herren landvogten Billistorff
1745 483 2824 609 beklagt, daß er ihme nachts in laden ge
1730 581 2847 709 brochen Vnd Tuch entlendt Er seye aber die
1720 662 2869 796 her sach halber gantz unschuldig, vnd dieselbe
1731 755 2808 881 nacht, da solches geschehen niemahlen fur sein
1700 835 2839 982 Hauß tach hinaußkommen. Und wie solchem nach
1729 947 2874 1069 er eines abendts mit dem Christen Liener auß
1704 1024 2800 1188 dem holtz heimbkommen, habe der Weibel zu
1690 1131 2849 1292 Guggisperg ihme angezeigt, daß er ins schloß
1682 1223 2888 1363 zum herren landvogten gehen solle. Da er nun gahn
1695 1321 2885 1432 Schwarzenburg ins schloß kommen, habe der
1695 1414 2835 1549 Herr landvogt ihne deß einbruchs halber zu
1706 1506 2827 1652 red gestelt, er aber habe der that, die er nit
1704 1612 2841 1766 Gethan, nit bekantlich sein können, sondern begehrt
1712 1713 2782 1839 daß man ihme seinen Anklegern under augen
1720 1789 2835 1915 stellen woruff der herr landvogt gesagt, er
1707 1878 2821 2018 seye dißmahls der kleger er wolle ihn schon
1714 1976 2855 2098 zur Bekantnuß bringen, inmaßen Er Ihne darun
1716 2054 2823 2174 berhin in gefangenschafft gesetzt und mit der
1714 2145 2851 2259 Marter betreület: Vnd da er gesehen, daß seine
1688 2224 2827 2367 frund nüt für Ihne nahen gangen, vnd aber deß
1710 2335 2851 2468 Christen Kieners frund (:der auch mit Ihme eingen
1707 2411 2872 2551 setzt worden) denselben bald wider ledig gemacht
1696 2504 2855 2628 Seye er verdrußig worden, vnd habe am heiten
1714 2594 2810 2724 ren Tag ein eysen vor einem hoch mit dem fueß
1697 2678 2813 2812 Weggestoßen, Vnd durch daßelbe sich darvon
1698 2766 2183 2885 und hinleggemacht.
1626 2904 2860 3076 e. War ihme zur loos würkung geholffen oder
1705 3014 2191 3142 Weglweisung geben
1722 3111 1973 3249 siemand.
1599 3127 1718 3286 f
1726 3260 2833 3420 Ob im Brachmonat 17 ob er mit einem sak voll
1579 3274 1725 3426 E.
1705 3373 2701 3506 zeug nit über das schwartz waßer gangen.
1569 3462 2819 3576 R. Ja vnd das manchmahl dan er allwegen druber
1683 3536 2774 3677 gangen gahn brott kauffen, vnd solches in einem
1719 3624 2197 3730 ab heimbgetragen
