3024 4032
1215 3817 1319 3907 d
1617 207 1719 302 A.
1882 189 2265 334 Ao: 1705.
2388 267 2459 383 .
1721 407 2876 648 Daniel ange der elter ein refigierter
1812 545 2811 725 franzoß, so von ihr graden in einem
1781 659 2837 828 hands kind ratione siech und angenommen,
1783 761 2906 917 worden, ist bereidt ein lange zyt mit herren
1773 846 2849 1020 Henri Glis von Neüwenburg in einem
1797 956 2905 1123 srald gestanden, endlich aber von meinen
1583 1053 2874 1223 de her gnädig herren und oberen nicht undt
1754 1155 2930 1336 Burgers gegen herren seig umb alle kösten
1785 1271 2825 1408 verfelt worden, also daß selbige nach
1785 1369 2857 1536 gehaltener ober moderation sich auff ein
1781 1465 2827 1645 sehr hohe damm beloffen, deßwegen dann
1771 1567 2900 1751 herren gar endlich genötiget worden, ihne longe
1773 1691 2838 1857 wegen mangel zahlung gefencklich alhier
1792 1802 2888 1964 einsetzen zu laßen, nach demme aber diser
1770 1915 2950 2096 Daniel Fonge seines beruffs ein Marchand
1787 2030 2949 2194 vill monat lang alhier gefencklich enthalten,
1778 2123 2888 2239 gewesen, und in dessen aber niemands mit
1797 2216 2929 2394 Herren gut abgeschaffet noch bezahlt, als
1781 2328 2954 2518 halte herren gar endlich by ihr gnaden angehalten,
1793 2453 2920 2620 daß diser congen nach lauth gsatzes, endlich
1779 2554 2872 2705 von 3 gnaden stath und land verwisen
1797 2671 2926 2826 werde, so lang, biß er lang ihne herren
1785 2780 2911 2934 hupt werde befridiget haben, welches dann
1785 2888 2932 3055 H. G. verwilliget, deßwegen er lang den
1748 3005 2908 3207 3. tag octobris 1785 den bannisations eyd
1778 3158 2233 3332 ppraestiert
