3024 4032
111 3156 210 3259 nach
167 3466 224 3587 .
191 267 291 369 144
296 312 1293 437 und auffem dorff gahn kindts ligen.
226 421 1485 548 Den, ob als es vor etwas zeits auff dem ghor
291 495 1492 626 hauß gsin, es damahlen nicht gewüßt, daß er
286 572 709 679 schwanger seye.
256 641 1484 791 R. Es habe zwar wohl gewüßt, daß es schwan
321 724 1412 851 ger seye, doch aber seye das Kindt nicht
297 795 885 919 buffer Zuschper gsin.
269 880 1421 1014 d. Ob es nit etwann vermeint, daß es
288 965 1431 1090 ein todtnes kindt bey ihm trage undt
276 1033 1455 1145 gedenckt, wann selbiges todt an die weldt
270 1100 1198 1223 komme, wolle es solches abschaffen.
280 1171 414 1249 Mein
279 1190 1410 1315 Solches habe es nicht gedenckt dann
288 1278 1489 1409 wann es das kindt hätte begehrt abzuschaften
271 1333 1313 1465 fen wäre es wohl weiters gangen.
267 1421 1442 1586 . Ob es dann seine schwangerschafft gar
291 1515 964 1628 niemanden angezeiget
230 1566 1455 1746 R. Niemand, als der Krämerin, Namens
249 1676 1444 1829 ummer seini zu krättigen, so einsmahls
271 1762 1432 1889 bey ihme gelegen, habe es bekennt, daß
251 1817 746 1936 es schwanger seye
761 1834 807 1911 .
235 1912 1422 2058 e. Warumb es aber der hebammen
267 2014 1397 2122 die ihns seiner schwangerschafft halben
252 2057 1416 2207 auff dem thor hauß befragt, nit auch an
242 2135 1143 2264 gezeiget, daß es schwanger seye
236 2229 1394 2369 . Es seye ihm leidt es hätte solches thun
250 2307 459 2404 sollen.
243 2384 1417 2556 Hierüber nun wardt ihme von Menschen
236 2475 1367 2609 examinatoren ernstlich vorgehalten
238 2557 1411 2678 daß auß allen umbständen heiter erhalt
234 2631 1424 2769 daß es vorhabens gsin, das kindt abzu
237 2697 1427 2840 schaffen, solle derowegen Gott die Ehr geben
238 2774 1102 2889 und die Wahrheit bekennen.
226 2844 1379 2985 Ist aber alles ernstlichen zusprechens
242 2930 1347 3046 ohngeachtet beständig darauff beharret
218 3025 1392 3100 daß es niemahlen im sum gehabt, das
210 3071 763 3190 kindt abzuschaffen
991 3080 1457 3221 Vnd ist solchem
229 3145 937 3251 weiters befragdt worden.
396 3216 505 3293 hann
214 3226 1374 3356 vons selbigen tags als es das kindt
224 3305 1348 3449 gebohren hingewoldt, daß es zum thor
223 3384 700 3487 hinauß gangen.
233 3471 1382 3621 Es habe bym neüwen hauß einen korb
255 3531 657 3640 reichen wollen
1235 3680 1310 3775 .
2753 255 2900 312 165
1587 305 2645 481 d er den korb dorthin getragen.
1604 414 2795 593 R. sein Vetter der Peter Möschberger, so in
1648 503 2853 609 einem dorff 2 stund von hier wohne habe
1637 561 2195 708 ihn dahin getragen.
1701 642 2861 764 umb welche zeit es zum thor hinauß und
1567 678 1645 824 A
1686 721 2608 832 widerumb in die Statt gangen.
1658 814 2845 936 Vor Mittag seye es auß der Statt vndt
1573 847 1651 975 d
1658 889 2906 1039 nachmittag etwann umb ein uhren widrumb
1634 993 2089 1093 hinein gangen.
1629 1050 2875 1185 warumb es aber weilen es gewüßt, daß
1634 1133 2873 1275 die zeit der genist vorhanden zum thor
1620 1193 2881 1331 hinaußgangen und sich also von den leüthen
1623 1289 2844 1408 weg begeben anstatt es zu den leüthen
1622 1347 2495 1474 gechen und hilff suchen sollen
1557 1446 2879 1591 seiner Rechnung nach, seye das kindt 14
1644 1528 2864 1636 tag zu frühe kommen und seige als zum thor
1623 1613 2858 1719 hinauß gangen nit gemeint, daß es schon
1649 1677 2542 1792 darumb ze thun seyn werde.
1536 1766 2873 1924 E. Ob nit aller nechst im Haußlin, da es das
1624 1854 2642 1974 kindt gebohren leüth gewesen seyen
2640 1866 2703 1950 6
1556 1932 2882 2093 R. Im Haüßlin darbey seyen leüth gsin, aber
1650 2022 2281 2155 imm Scheüwrlin nicht.
1647 2106 2867 2253 Warumb es dann nit zu denen Leüthen
1566 2108 1658 2244 d
1639 2199 2829 2331 gangen oder ihnen geruffen, weilen
1639 2274 2400 2389 Sie so nach bey ihme gsin
1575 2343 2440 2495 f. Es hätte solches thun sollen.
1689 2465 2824 2604 darauffhin ist ihme kreftig vorgestellt
1614 2509 2891 2686 worden, daß hierauß ja noch alle zeit erhält
1620 2608 2727 2745 daß es das kindt begehrt abzuschaffen
1608 2681 2884 2836 Antw, Es habe gar nicht imm sinn gehabt
1632 2764 2851 2898 das kindt abzuschaffen, sonderen es habe.
2173 2859 2254 2913 nohe
1629 2832 2879 2981 damahlen in seiner gott angeruffen, daß
1607 2920 2897 3062 er ihm helffen wolle, dann wie es seye zum
1617 2978 2908 3115 Scheürlin kommen und sich daselbsten auff einiche
1605 3059 2840 3188 Laden gesetzt, habe es den Rugiken an die
1632 3134 2866 3271 wand gestürtzt, darauß ihme so wehr worden
1624 3206 2826 3322 daß es gantz von sinnen gsin und wie es
1614 3276 2892 3415 wider zu ihme selber kommen, seye das kindt
1621 3368 2885 3467 und alles beysamen am boden Gelegen, dar¬
1619 3411 2867 3544 außhin habe es das kindt auf die Schoos ge¬
1631 3500 2886 3611 nommen und beschantet, aber gar kein leben
1622 3571 2847 3692 nach weinen oder verrühren an ihme ge
2636 3660 2839 3761 spührt
