3024 4032
399 506 528 593 203.
620 547 1487 701 Mentschliche ratur durch vurmischung
624 644 1521 751 ersulbin mit ohnternünffigen und un
647 695 1519 803 einig thüren so schandtlichen prozti
638 750 1542 870 milten und buflunknn, daß alles Mar
646 809 1517 932 segen war ohnmengschsichen und en
643 874 1545 979 gestrlichen inreingkeit, für gar nichts
619 933 1514 1031 zuruchung ist noch vol womnger ander
610 984 1532 1088 der muntschlichen kusaflschafft sollen noch
627 1040 1523 1127 kommen gewaldet Barden. daher dar
631 1106 1517 1194 kenm und Kuilinn Gott der zwar den
636 1163 1537 1267 War auß der muntschlichen knsullschaff
633 1209 1554 1325 bannisiert, aber dennoch nit zum leben
639 1275 1542 1396 anfft zu abschaffung diser abchei
636 1333 1536 1448 lichen traurumb, grunddelis vnd osurii
636 1392 1520 1511 nigkeit zu rettung seiner h ehr und
634 1458 1546 1568 bnantligung sean gerechten nach vnl
631 1514 1500 1639 zu vorguiten die Canamtir eben auch
628 1575 1499 1695 umb diser sund willen hartigklich ge
628 1641 1513 1744 troffen gebotten hatt, daß nun solcher
638 1695 1521 1812 Verkehiter und der Muntschheit abgesag
632 1772 1492 1857 ur binnd und bößwicht dar sich hocher
623 1820 1535 1927 bider gott und die Katur nit halle der
625 1888 1490 2001 geßen konnen und daminhar ein
625 1946 1539 2051 verfluchter gehinßen wört. Sentz 27 cap
611 1998 1521 2095 d 24 am lebeg gestrafft werden solle.
599 2058 1524 2169 Ain enod 22. cap 19 v geschriben stalt
629 2181 1486 2309 ann dann durch besondern Gottliche
611 2270 1523 2374 fürsechung (welche dergleichen drenwel
575 2334 1500 2446 durch allerley Millel an tag zubringen
591 2401 1504 2499 Weiß) eun solcher durmusenar Cestiali
608 2459 1458 2564 thur sunder genant Jacob Loche
601 2508 1530 2623 hindor stehend auß dur kilchzor dochin
604 2572 1536 2691 gen guburtig von 29 jahren alturb der
588 2628 1547 2750 Jochen oberreit in durhand gefallen, alß
606 2700 1494 2826 hatt selbige zu Erstallung Göttlichen
604 2764 1520 2876 beuulchs nit umbaehen wennen, Dunsel
611 2836 1491 2939 bigen in gefunnkliche verhaffungz
598 2899 1452 2998 nemen und solchen dach die Herre
592 2961 1521 3071 ceistlichen allhier zur bekantuu sin.
609 3025 1527 3133 nur sunden dispenierin zu laßen, wel
599 3082 1525 3209 ther folgentwo in dem mit zum gehalteng
606 3156 1475 3273 eaminl gutt- und einwillig bnkent.
590 3220 1504 3360 aß er auß eingebung deß satans din ohn
605 3309 1554 3420 naturliche und ohnhristenliche hat der vestia
2782 438 2899 505 204
1885 497 2919 669 liter zuteruben zu fier underschiden.
1897 589 2903 730 lichen mahlen den bößen und grüwlichen
1884 653 2878 807 vorsaz gehabt, Wie zu dann allemahl in
1899 707 2888 875 selihem willen mit einem sinen im sank
1896 772 2830 921 umb die testren darmit anzubinden von
1894 842 2805 1011 haußgangen aber allwegen darvon
1874 869 2916 1061 duach ankunft der tühten abgehalten worden.
1884 979 2864 1164 dns muffemahl aber kabe er die that
1900 1067 2846 1203 wnderlaacklichen mit einer braumen
1878 1121 2910 1276 juteg letstaengangung taustagen Mor¬
1890 1168 2914 1336 gens umb v uhrin in der annemen weyd
1886 1248 2910 1391 obenthalb stetllin nambt und vollbracht.
1870 1371 2859 1504 umb diser bestialischen hinmit höcht ab
1885 1448 2868 1588 theüwlichen that willen, Hutte nun hohn
1876 1524 2849 1635 oberkeit disen mehr dann ißsetzigen
1882 1592 2885 1729 muntschen samt seinen klinderen labundig
1842 1652 2917 1771 zum setor und scheiterbuigen zuerkennen
1884 1708 2878 1851 ursach gehabt. Nnach der angewohnten
1876 1781 2868 1915 gnag aber und umb seiner fagen be¬
1881 1850 2812 1967 kantumb billen, auch damit insmun
1884 1912 2886 2046 buß biß i den 20te dusto meurigua Aini-
1888 1978 2871 2105 ban Lounn habend nghl und oberi
1884 2034 2886 2144 raht und sturger in angestaltem blut
1885 2105 2814 2220 gungt nach geburlichen erlugung deß
1888 2158 2876 2284 chwahren habruchumb in gnetzigem dr¬
1889 2232 2783 2338 inen aknnt, daß e Jagge witer
1898 2289 2842 2395 nder küffigem zusangen und misich-
1886 2357 2886 2466 sung einer senli Gott dem Zurrin, welch
1799 2421 2881 2528 Innmb deß thuren vordmnsis insp Christi willen
1888 2479 2881 2596 ahln ein sunden und mißethatm gnädigklich
1895 2546 2881 2667 verzeichen wolle, dem scharofrichter über
1884 2613 2792 2733 geben werden solle, darinn oben ds
1888 2675 2892 2790 uff gewohnte Grichtstatt Zuhrin, zum daselb¬
1897 2739 2863 2850 ii mit dem schwert das kanost abschlagen,
1868 2803 2803 2905 darnach der oraur samt dem kaupf uf
1858 2860 2853 2982 die scheiterbeigen geworffen und zu Tischen
1886 2927 2844 3035 umbrant und also nach desens tobe samtis
1870 2978 2830 3087 hern zingheiten vam laben zum rodt hin.
1871 3045 2867 3172 gerichtet worden sölle. Acte 19. julii 1687
