3024 4032
359 472 445 579 19.
485 595 1502 720 zugesetzt mit aller ersimnlicher vorsellung, umb
489 670 1432 779 is zu bekantns der Garznit zu bittongen
493 721 1441 818 aber alleis umbsonst und Bergubumb, dann
482 809 768 911 1ß bekagen
449 844 1460 974 Wur derlekart by einem Neiser guonsen
479 923 1364 1041 . Rinmand. Wurter sei Fe. und Eib
473 1000 1451 1133 An ward für ynsellschafft in uin meitar gu
490 1074 1457 1189 lichen, d In Limmg ußert seinen h
473 1131 1412 1271 Ob Es den grand framocs gekunt . Ja
484 1224 1140 1335 lnße aber mit bösens von tum¬
748 1306 789 1356 6
477 1288 1459 1419 Wosemn mr m dray silberne tahsen überkommen
481 1355 1405 1473 habe. Habe selbige zu Straßburg von
492 1428 1028 1543 einem Soldatum tauff.
448 1527 1426 1660 Wab sein m fur sierrerics gehabt.
475 1608 1295 1713 segind so künffer Ringen gewüsen
448 1688 1355 1827 Watl am übrigen von seinen Meisturi
490 1759 1459 1850 Ameradin thun und Laßten, deß Maniles
478 1812 1481 1939 halb ohngnacht zum das von inderlhen allhar
479 1876 1437 1984 geschiden Nugeli Marie Magdeteine ser
465 1938 1412 2044 tlich nachmahlen ander das gesicht nicha
448 2019 1467 2119 daß is deß manucle Magd gewesen und allher
467 2054 1391 2188 hr sern zmm gehulffen sunkelsgmiden
467 2123 1409 2239 auch übriger gsellen, und dem, wais in be¬
473 2178 1418 2303 uedts heuuor zu underschidenlichen mahln
470 2244 1415 2367 inrerrogiert worden, amt gesagen wollen,
475 2314 1409 2411 bndern inderzeit gor un- und nach der
464 2341 1397 2508 Marter Win dann ins dißmahlen munst
469 2415 1427 2551 jahr und ninmahl mit der 25  lbg issgnho
461 2485 1348 2616 gen Borden uff der regatio murharret.
519 2747 1422 2866 micher Maßen hatt auch der Tormentin
444 2834 1435 2947 Beleher geschorten, einmahl lähr, nunmahl mit
455 2891 1468 3012 Dem 25. tgl und dann auch nimahl mit dem
220 2958 1475 3081 Formeniir 10 loge seine uffgezogen und torturiert vorn,
468 3030 1450 3137 vber nochmehlige recteration der zuuor an
458 3090 1459 3206 Inn getrunkte fragen nüt geständig sein wollen
451 3148 1445 3289 öndern alless verlaugnet, wußen elso wal durch
426 3229 1468 3350 den nuch burgischen bericht alß danurch die obge
448 3309 1453 3428 melten parsohnen von Luldenburg üourzugetworen
424 3382 1466 3498 alß das er nimahlen zu H. Aubin übernachtet,
1586 1159 1760 1255 ompert
1823 596 2763 734 von keiner andern andere gesullschafft alß
1825 698 2805 799 nime hrren villwonniger muchen Cameradum
1808 757 2820 873 in auch von den losses gar mit wüßen will
1793 830 2815 923 Darby Das Meitli von sudrin gesag, das diser gar
1823 872 2833 980 mit der Mannda, als welchen es wol imn suge
1845 951 2787 1082 Reichföruig ist auch Pierre Compert
1822 1020 2811 1163 geschönem ninmahl jahr, linmahl mit 25 under
1805 1091 2807 1197 hann einmahl mit 50lbger glacht uffyegogn
1825 1158 2790 1258 worden, aber nommunzig us seinum dor¬
1818 1221 2807 1341 langen und maummnn vrcharret, ohngnach
1801 1289 2807 1407 er durch den nuzbargischen beauche, so wal alß
1799 1337 2838 1462 die ostag darim von zewmburg underschiden
1815 1415 2791 1530 licher embstanden halber alß das formentin
1806 1466 2765 1554 sein meister seye Barnts vor minem tahl
1819 1493 2843 1634 by zum zu Allmaningen gan, auch zu Poctetort
1824 1586 2802 1676 zu gart und h auben on zum gewousen seyn etc.
1809 1650 2161 1705 eberlagen lart b
1803 1652 2807 1767 Alte 20 mai 1685  das mindli
1808 1702 2829 1817 aber von udretin will inn nit für den lapuie
1812 1758 2675 1880 munn, alß welchen ins wol imn thuge
2037 1939 2479 2048 ecription
1832 2022 2828 2143 Deß hierre Formentius sonst deß
1898 2112 2788 2222 vermeinten Vierre la Manuele
1893 2189 2488 2294 oder hierre dexgon.
1761 2324 2845 2459 Datt sch wartz Hraußn Harr gehabt, dißmahlen
1804 2406 2761 2522 aber geschörren mit einem schwaczen
1797 2480 2846 2581 ihneng vnd angbraute, bramun angeg
1800 2537 2821 2657 rohtlungk im angesicht, In rechter Maub
1809 2589 2830 2722 lange, von ohngefahr 35 jahren alters
1792 2665 2780 2795 I. von Montpelier, sein Frauwo heißt
1775 2736 2815 2860 Marie ei tochter Genis Maderers von
1774 2807 2852 2925 Bahte Brugburger guintis, Hatt im Schram
1792 2874 2846 2991 am ruchten Banken Im angesicht nach bym
1780 2942 2854 3059 mund von abüber zwarchn, ist mit einem
1794 3012 2757 3128 Bruch behattet und hatt hinden uff der
1785 3078 2760 3199 rechten schulterin zin auch in der dinkn
1765 3152 2831 3278 daß rechten Schminkulds um Weistes Zeuchn.
1913 3252 2532 3420 Deß Jean Girards
1770 3363 2800 3493 s ein junger gfüll von 24 jahim sin
1782 3434 2848 3542 nin vergeben nach geburtg von Verdun
