3024 4032
314 543 421 643 129.
537 654 1399 790 wann ein büüffli machen allein die sach
527 729 1412 821 seyn alß hergegangen, alß er von herren gr
530 788 1443 891 Hoff von Graffenrindt habe gult entlihen
529 851 1433 937 wollen, habe er von demselben die antwort
538 921 1438 1023 unefangen, daß er daßelbe obgemeltem
572 983 617 1026 8
522 988 1410 1077 Brenweibel fur einen seinem sallezin be¬
526 1042 1409 1141 kits zneßrochen habe, imfahl er aber
518 1094 1431 1209 selbigen nit nummen warde, alß dann wollen
509 1162 1443 1257 zl von Graffeindt imme nug gelt geben
501 1225 1461 1335 Sahero e den Bnyweibel also angeredt umb
526 1290 1425 1390 von demselben zuvermunnn, ob a das
517 1355 1409 1468 gelt von hrn von Graffmaind empgahen
706 1419 1431 1517 Wie dann solches h von Graffen
518 1436 625 1510 wolle.
628 1467 702 1531 1
525 1484 996 1592 undt auch onfirniert.
497 1601 1380 1728 Ob e noch nüt von dem silbergschem
504 1686 1386 1797 wüßen wolle, so sein schwöster bym Sad
503 1749 1388 1876 hauß uffgestelt haben und von zum har
509 1836 1371 1925 kommen solle, dann ins seyn gewüßer
507 1889 1332 1998 benicht vorhanden, das dunn alß eyn
507 1951 1395 2047 kein darvon wüße er gar ant und werde
505 2022 1202 2127 getonßlich diesach nit also erfinden.
488 2126 1408 2249 arauff guttfunden worden gleichwol der
491 2210 1392 2334 sach nachzuforschen, umb zusuchen, ob endas
495 2278 1380 2395 grunds darhinder und daruff zufüßen
490 2342 1391 2466 seyn, und ist derdwagen beschmkt Voren
477 2405 1362 2528 Jacob Hortinus, alß dur solches geredt
486 2498 736 2604 haben solle.
493 2605 1374 2727 sulcher aber uff dermahnen, was el diß
479 2697 1380 2794 octs wüße, solches in güllen zeutden anzu
463 2744 1407 2876 zeigen, disen bericht gab, daß er von Han
488 2808 1362 2904 omen sellmar einem studioso habe, das er
487 2864 1392 2990 von geweßen töchterin by denn er zu kalt
492 2932 1381 3051 süe seyn, vernomen habe, alß selbige mit
473 2997 1370 3112 deß lönigs schwoter im stadhanß gebadet
462 3066 1383 3175 Da habind selbige allhander silberg gur geen
482 3125 1392 3233 sechen, also das sy sich deßen geschändt und mit
490 3185 1409 3295 lich gefragt, wohar sy solches habe darauff
475 3248 1406 3351 sy geantwortet er stander Saldmon habe ns
481 3309 1407 3435 Au Keruhrt, Gohar Er aber selbiges habe, das
479 3395 732 3501 wüße sy nit.
1783 612 2817 804 Alß nun er Kellmer auch beschinckt vnd au
1795 683 2721 870 bedutet worden, wass das fur Tochteren
1809 771 2797 913 eind, by denn 2 zu alt gewesen und vor
1810 803 2819 974 welchen er solches zarnomin, hatt er nit mir
1812 883 2744 1034 von leinem töchteren nit unßen wollen
1812 929 2792 1091 und den also erzelt zu haben gestehen wollen
1792 985 2746 1143 sondern emnfaltig geredt zu haben, daß er von
1798 1056 2810 1234 einem discipulo justo sieiger einem naben
1795 1128 2763 1272 von 12 jahrin gehört, das er geredt, das solches
1799 1166 2834 1357 gewuße tochterin gesagtdach habind, jedoch in
1803 1229 2772 1415 alß, Wie Hortinus bezhüget, sondern das die
1803 1328 2796 1484 zuschier außwundig Jrdisch Inwundig aber gar
1795 1407 2295 1541 erslich gewesen suzind.
1773 1590 2821 1737 Ob 2. vermitlest ertheillenden Berichtis wegen
1791 1672 2784 1778 den Tällen den stanhren nit habe wider din
2493 1705 2823 1815 Lemn Has suge
1796 1759 2379 1836 oberbint actecierin wollen.
1794 1793 2791 1931 gar nit, dann was a deßwegen hinnor ge
1799 1838 2814 1976 sagt, das seyn allein beschechen welen ea¬
1784 1919 2825 2038 zumahlen noch nit im Ium gehabt etwas weibers
1833 2007 1868 2055 e
1777 2018 2030 2117 zubekunnen.
1772 2122 2808 2244 Oba nit bereits schrifft-sundtlich oder in andern
1775 2209 2776 2311 Aug etwas vßerer olten ommuniciert oder
2690 2265 2814 2338 kein
1789 2270 2610 2375 vunnklich coerespondent gesucht habe.
1766 2337 2766 2442 deßen seye kines beschechen und solle mann
1776 2402 2109 2502 dem mir glauben
1781 2508 2763 2611 So er aber nit berinks am vorschlag gehabt habe
1796 2586 2787 2689 und by zum entschloßen gsin seyn, im fahl an
1777 2637 2786 2747 die tenhoffende assistenz nit erlangen oder sein
1793 2709 2802 2809 vrhabender ienraht nit von stallen gehen warde.
1784 2770 2494 2869 Zinsachen alßdann zu ommuniciern,
2618 2776 2788 2872 Ceis ins
1814 2855 2773 2927 ge lum deliberiertur vnd dererminierten vor
1792 2900 2815 2990 setz by zum gewesen solches zethun, Nitminde
1793 2940 2803 3051 aber seyn es das zun In zuwelen din gedancke
1789 3000 2785 3108 eingefallen, a Tonta das buch darzu brauchen
1789 3064 2803 3155 Seye aber zum allemahl min sich durches jarz gan-
1804 3127 2823 3235 gen, vnd habe darby Golt fallen, das er Imm anderen
1799 3188 2773 3320 zedancken geben wolle. Und habe solches such
1793 3257 2452 3376 auch nit zu solchem end gemacht.
