3024 4032
256 300 367 410 49.
404 396 1412 593 Worden megl von Muralt und herren siniger
428 513 1441 643 selche dann in ixecution musfangeuuben
449 562 1432 706 welchde sich hült umb dier uhren nach millan
433 621 1446 775 In die gefangenschaft verfug und in by
438 683 1429 836 ein und gegenbart here michel Wagners her
418 747 1432 871 Georg von Uehrlib e Cadh Mannelis samt
453 808 1422 953 underschlödenlichen muinalhen den Bargern
441 870 1422 999 und anderer in zimlicher anzahl zum
440 925 1430 1042 ankommen meitli seinen Camens Marie
424 999 1446 1127 Magdelaine Pettuis von 13 jahren ehliche
435 1053 1445 1191 brunde und entlichen zugesprochen und im
441 1116 1437 1234 mahn Soll dem Herren und einer kochen
430 1183 1397 1304 oberkeit die ehr zugeben, und über das
436 1255 1431 1342 eken ins werde gefragt werden die war
435 1300 1405 1428 heit nach seinem wößenstad gewüßen zu
444 1360 1405 1488 agen darby Liemandem zuverschonn
445 1421 1403 1540 noch etwas zuverhalen, gleichwal aber auch
193 1455 367 1527 Marie
438 1491 1412 1592 niemandem zürech ze thune. Welchem
186 1516 426 1584 Magdeleine
438 1541 1010 1652 nach en befragt worden
191 1563 386 1658 pertuis.
433 1619 1409 1760 Ob a dem Cachanuile cumun  Ja
274 1666 352 1756 1.
433 1705 1412 1812 es inme denselben gar wol, seynd mi
419 1767 1382 1875 einanderen gan Bern gangen und habe
420 1829 1425 1939 ins Inn gar off gesehen; Syge Kleilachten
413 1886 1417 1997 Aatur, Im gesicht geducklet, Habe schwach
422 1953 1443 2064 und Kößluchte Kaar dud ui ummpder Nund
415 2009 1443 2121 wahl an der stann Welche Emit den Jarm
414 2070 1229 2187 inderzeit zu viderken sache
400 2187 445 2244 v
417 2156 1387 2299 ais es besens von zume Rüßen here unders
423 2245 1396 2381 nit dßerz daß bub gesechen, daß er hinrzu
392 2320 1391 2430 Bern mit hilff seiner cameradis und seier
393 2381 1384 2496 Magd anderschidenlichen den Senttel zu¬
388 2445 1407 2554 schnitten vnd dasgelt gundenn, so zu Zenten
383 2489 1439 2634 zimlich vilh gewesen, welches sy hernach under
399 2578 687 2675 sich gethuilt
261 2675 1449 2845 3. Oer deß manudles Cameraden sind diene
379 2765 1446 2910 seÿnnd. F Wüße solches nit, endern inder¬
372 2872 497 2983 quit.
371 2902 1448 3068 Ob ins den sierre Toemenrin tumn, s e
367 3003 1403 3131 denselben mune is nit; Wüße nit vor des
365 3064 1229 3212 seye, Habe desen taum nin gehört.
352 3153 1424 3294 Ob eb den ja suil anme 12 ja denelben
319 3206 356 3267 u
258 3206 305 3297 5.
1198 3242 1378 3345 gesyehen.
378 3252 1248 3382 mannens Wal, und habe um 0fl 9
1719 556 1775 655 .
2700 414 2798 514 50.
1797 507 2747 658 Ob ins deß Manude Magd auch kmme,
1807 591 2761 712 und wie selbige Heiße. K Janis kumme
1788 669 2636 786 dieselbe gar wal und heiße Marie
1767 765 2822 906 Nachdem nun pierre Formentin zu hlongen
1806 835 2802 964 mahlin gor- und wider heraußgeführt auch
1799 891 2782 1019 ime benohten worden, sein kaar von der
1793 943 2791 1087 siren bysiitds zu sreuchen, damit mann znm
1786 985 2813 1149 dass gesecht wal sechen möge, Ist das mütli
1800 1050 2800 1196 betragt worden. Wer diser suge, ob ins
2179 1121 2800 1249 Des kamnn disen nit
1794 1160 2169 1238 denselben Amm¬
1781 1216 2500 1324 habe inn niemahlen gesehen.
1792 1265 2749 1386 Ob eb nit der mannile seyn f kein
1802 1319 2786 1469 Ers seyn nit derselbe, kamne Inn gar wol¬
1791 1390 2786 1547 volgents ist auch zur gschauw vorgestelt
1807 1443 2809 1606 Worden Cierre compert, der vermeinte
1810 1525 2824 1683 la pare. Nach einem ußtrill und is
1804 1589 2833 1741 sepragen vor diser seyn, hatt ins sich n¬
1824 1650 2836 1794 elährs, daß ins disen übemmeßig nit nen
1816 1737 2779 1858 und eie nit der caßmie seye, den ein
1817 1798 2614 1920 by dem Manule gesachen habe.
1815 1860 2812 1995 alß ist mann auch gegen den übrigen
1812 1931 2823 2036 verfahren, von den ab aber keinen
1819 1999 2808 2126 kennen thut und sy hingegen es auch nit
1808 2086 2149 2186 iunen wollun.
1756 2179 2818 2323 Hliß aber Maria Rahn die weibis frrßhn
1774 2266 2821 2377 Inn vorgeführt worden Kall eb by sin
1823 2333 2789 2442 num außtritt alß bald gesagt, daß dise
1781 2399 2753 2509 die varhattige Nagd daß Manuiles seyn
1821 2465 2552 2585 vnd mbselbige gar wol Amn.
1807 2552 2836 2695 uff Schragen, wo ms selbige gesuchen, und
1810 2637 2806 2744 das ins von Ira wüße antwoltum no
1782 2699 2349 2813 daß nit selbige gesuchen
1774 2763 2839 2888 Zußern by Puerre Manule, alß ins das
1815 2852 2795 2960 und seiner müller gegeben und sonsten
1728 2907 2833 3025 r zu Pronirut by einem Kammis Grauw
1800 3000 2834 3111 franwis, da sy zu alle by prontrut mit
1822 3068 2353 3164 einanderi übernachtet
1781 3126 2662 3260 zu Breyburg nutig usf dem platz
1785 3211 2791 3318 setzind auch den nachletsen Winter
1785 3277 2848 3404 Im stishoff zeit losmart gewesen mit einandern
