3024 4032
258 516 372 628 181.
375 667 468 771 35
384 838 473 944 30.
397 1043 484 1139 37.
403 1295 474 1375 38
535 606 1405 778 ernnes mit zum tach zum adler z
524 699 984 828 gedachtem Nurten.
532 809 1412 958 eiters daselbst mit einem franzosem
497 890 1135 1009 deßen name ins nit wüße
503 978 1453 1115 mit einem scharer von Hingburg zu Wan
526 1064 1453 1187 gen nechst by der statt seinen machtens
500 1128 1429 1249 Daß Namans von der weyd vor 2 jahren.
507 1218 1416 1347 Mit Ulli Meger Alt Weibel von Nider
531 1310 1419 1427 Siep vor ohngefahr zweyen jahren, alß
534 1371 1430 1479 es unden uff auß dem sollochernurge
532 1433 1441 1548 git von Stasell kommen und by dam aihils
528 1507 1433 1608 Hauß by der durrunmuhli zu gemeltun
543 1572 1420 1685 Nider stipp durch gehen wallen habene
535 1645 1419 1763 uns daselbst angezauht in sein hauß gu¬
525 1713 1428 1829 führt und im zann daselbst sich mit vnn
532 1778 1417 1894 gertragt, zun auch darüber hin alwas
533 1849 1358 1973 benig galts in Munz gegeben habe.
723 1960 1166 2112 zu Freyburg.
514 2087 1444 2225 mit herren pulipß Bauman herren unnmaw
381 2119 472 2236 39.
505 2182 1428 2300 sohn vor 3 jahren zmahl, das 1 uid dem
518 2253 1420 2379 rahthauß das 2 in seiner gelegen
509 2318 1088 2428 her isenthalb der statt.
394 2394 1400 2556 20. Mit H. Laudtman Sitanen an der Mellen
499 2490 1415 2619 Dahulbsem Bonhaff, solle seithar in ungan
520 2555 862 2661 umbkomen sein.
403 2629 1419 2771 4. Mit herr Hauptman Botter aus zum muen
512 2717 1046 2825 Alß er Soldaten dingute.
492 2796 1393 2926 mithl tachterman auch zum löwen mit
392 2817 485 2907 42.
481 2880 1403 3008 dem gorigen am abend, mit diem gegen
492 2936 679 3043 Morgen.
639 3059 1106 3183 zu Golothurn.
367 3157 1359 3281 43. Mit daß abgetorbunen Ambassadoren
503 3239 1337 3321 de bravels sohn, Maßen ins von inme
490 3303 1429 3423 zwei knaben alß zwillung geböhren, welche
502 3369 1455 3475 annoch in leben, darvon dar einte namen
1641 3000 1712 3069 51
1637 3080 1716 3143 53
1654 3128 1735 3217 513.
1649 3214 1735 3303 54
1644 3295 1739 3351 515.
2674 442 2789 533 182
1719 525 2765 750 Franciscus Guardian by dem Hurs vn
1740 641 2811 815 von frontrut am hoff daselbst oßerzogen
1602 692 1718 815 N.
1742 718 2722 896 Verde, der andern dann Nahmens
1752 738 2807 964 unrad zu Urnißen by Basel by deß Hürhen
1739 843 2809 1029 bruder daselbst seyn und nun beidsahmen
1748 991 2178 1125 3. Jah altes seyen.
1733 1015 2750 1234 Nit herr rientenant Wagner deß haupt¬
1621 1133 1725 1240 44.
1755 1121 2719 1316 mans ander letst gerihnen somar
1645 1221 2773 1413 45. mit dem Thorherren Suri auch verwichnen
1748 1334 2326 1430 sommer in seinem Kauß¬
1748 1344 2765 1554 uff gleiche zeit mit einem anderen Khor¬
1636 1448 1722 1561 46.
1746 1492 2142 1599 harrin daselbsem.
1736 1520 2724 1674 Mit Hans Henrich Stager von Glarins
1632 1580 1730 1692 47.
1754 1645 2098 1750 auch dazumahl
1645 1714 2751 1853 48 mit dem shihrt zu Gränichen Sollethur
1755 1793 2824 1931 ver geiints zu Buttwyl by 3 oder 4 jahren.
1648 1884 2494 2033 49. mit einem tößenlißmer und
1643 1950 2782 2096 a0 enem sonegren Crames Joseph genant,
1724 2059 2781 2155 zu Zürich verwichnung sommer dise beid
1742 2112 2785 2235 habind hier an den mahrilen wahren feil.
1975 2260 2446 2387 zu Innngen.
1742 2365 2828 2500 lebst henwichem Somer habe ins zujenigen
1756 2453 2821 2557 umb s. Johamstag, alß eib mit einem fran
1765 2519 2737 2623 Josen Nammns dean Vierre Mennis kon
1775 2593 2762 2711 paris gebürtig, hochheit gehalten, seie
1774 2660 2764 2768 religion daselbst in der kichen offnet.
1768 2736 2775 2857 lich abgeschwohrnn, und hernach noch mit fol
1759 2810 2732 2931 genden fursohen zu Junigen fleischliche
1771 2875 2229 2997 gemeinschafft gehabt.
1736 2965 2558 3104 Mit deß comissarii Cammer diemer
1720 3060 2719 3202 Mit einem Kufar und Nuzger zu Sein.
1774 3140 1955 3224 felden.
1765 3210 2624 3326 mit einem Willisauwer, so abbüßt.
1760 3286 2630 3420 Mit Albrucht Kublar, so auch abbuß.
