3024 4032
455 561 1479 723 Ob sein stunder zum nit andere ort mahr
515 668 1475 788 verzeigt, auch ob er nit mehrnen schrifften
511 722 1472 848 lonste anderwertig verstenkt auß dem
504 787 1506 922 hauß getragen, kerschlißen oder gar mit
482 848 1099 953 Hubelin terbrunt habe.
503 921 1437 1051 Nein es seye solchens keines beschechen
506 1003 1475 1104 und habe er alles by seinen gutlen anan
463 1059 1452 1166 g eet landtvogt Sychener nnd hrren goß
492 1119 1462 1227 Weibel eingehändiget und nit das garng
502 1186 1438 1292 ste hinderschlagen noch verüßernt, ann
476 1238 1267 1360 Olle eur nach Hans durchsuchen.
465 1321 1458 1453 Worumb ey dann am anfang und alß snn
497 1411 1442 1518 seines bruders hand vorgewisen worden
475 1477 1446 1584 daß er die jeingen schriffen, so er hinder
484 1539 1388 1639 sach habe, den Herrin geben solle im
497 1598 1443 1715 hauß hin und wider gegangen und selben
497 1654 1442 1776 ge gesucht, alß wann er nit gewußt, wo
494 1713 1425 1821 gwahren, folgents auch selbige durch
507 1776 1446 1882 onresdierun und eidtrewen von tam ha
490 1832 1412 1957 ben ergrüßet warden müßen und alß
492 1909 1440 1995 billiger maßen den angwon uff sich ge
461 1966 1407 2093 zogen, alß wann er mit den sachen nit
488 2047 973 2160 trutdlich vmlgienge.
439 2147 1401 2279 Es müße bekennen, daß er anfangs vor
485 2228 1390 2338 Brecht und schrecken nit gewese ward
484 2282 1411 2411 Ermache, und habe vermuint, daß die
500 2345 1395 2459 landtsärten sainese bruder zugehorind,
469 2405 1423 2530 Weilen er von disem danckon gerndt, alß
481 2482 1436 2603 Wann es sein eigen gutt wahrn kam
492 2542 1426 2669 aber hernachnalles getruwlich zuworge.
477 2622 1433 2737 geben, und weder von sinens Andersin
484 2681 1443 2791 am noch oberkintlichen schüffen, das
501 2727 1434 2883 ngste nit mühr, welches er mit gutten
474 2815 1302 2956 geweßen eydtlich bestalligen wene
466 2887 1425 3064 Ob ernit gesagt, es Junckn zun 4. dibe
492 2979 1416 3125 noch ni ouch gesachen in quarto Muße
478 3036 1419 3211 bekennen, das er solches gesagt, über es
893 3138 990 3181 1
455 3126 1377 3261 seyn ein blose nachmaßung gewesen,
459 3206 1391 3369 Ob e von solchen sachen seings Brnders
494 3291 1392 3439 nit gewüßt und benereklen wunn, das
477 3353 1455 3502 kum frombden und dstern prespondela
1711 2903 1833 3038 171
2676 534 2778 644 92
1811 659 2787 779 und schreiben wächsle, da sy doch by mi
1828 745 2742 848 anderen in einem gemach geschlaffen.
1765 793 2754 950 Habe zwar wol gesechen, daß er in dem
1827 895 2772 1012 oberen gemach fleißig schreibe, sich auch
1815 951 2808 1064 daselbsten einbeschließe, und alles gehenm
1824 1019 2783 1142 halte, auch znzeiten reviern und me
1828 1076 2825 1205 laewlisch sich erheige Käbe aber glaubd
1821 1141 2818 1250 und vermeint, daß was er alß machen und
1823 1203 2809 1321 schreibe hauß beuelch thein Bin er dann
1794 1244 2830 1386 zum offerin gesagt, Er habe vill sachen zu
1830 1291 2783 1434 expedierin und scann er tun geflagt
1811 1347 2836 1504 Wass ermachen sege er böß gegen zum Worden
1819 1436 2832 1582 mit vermelden, was er darnach zufragen
2094 1508 2827 1615 daß er aber muhe berespon
1817 1536 1951 1631 habe
1818 1548 2825 1700 denz an dßen ott habe, das wiße keit
1807 1613 2829 1764 glaube solches auch nit, dann er sonsten nit
1825 1690 2770 1816 s armuchtig wahre, kabe diße orts auch
1807 1750 2764 1893 gar nüt von zum Hermurcken komnen.
2362 1829 2793 1928 e noch gelesen, sonder
2126 1848 2291 1917 nnt
1823 1847 2099 1936 auch von seinen s
2151 1875 2772 1991 zun  un znenck gezalget
1817 1915 2143 1989 Hann er zurzuna
1816 1939 2420 2054 die sachen gangind ine nüt an.
1781 2096 2781 2225 Wolgentib ist mann fortgeschrillen und
1818 2162 2784 2267 einen bruder Saldmon vor sich kommen
1820 2237 2839 2351 laßen, mit gleichmeßigem und cnftigkliche
1807 2306 2838 2419 zuspruchen gegen zun, daß Er auß bosam
1823 2362 2832 2453 im arquet mache, sonderg über das, Was
1811 2433 2802 2543 mann ine fragen werden getruwlich und
1807 2486 2834 2614 gewußenhatten u der vachm zu antworten
1786 2554 2768 2668 Damit Neningen Herrin seinhalb halih by
1798 2629 2809 2731 seiner tsag zu acquiescierin ursach habend
1814 2686 2796 2792 mögind und mit mit scheroferin undsaungern
1798 2748 2836 2869 Mittlen gegen zum zuvorfahren bundztiget
1812 2826 1980 2894 erdind
1812 2920 2788 3054 elchem nach er ist befragt worden, ob
1808 3006 2830 3111 er nit seinem bruder um Zudelin auß der
1796 3071 2834 3176 gefangenschafft geworffen und vas eang
1798 3133 2822 3252 geschriben, deßen es nachdem achnaller
1809 3193 2748 3309 es durch ein gebett Holl den Hurri
1800 3270 2809 3376 wegen seiner begangung sunden umbdur
1783 3325 2754 3429 reigung gebetlen und erkent, daß er der
1778 3387 2824 3498 gott seye, der den goßfärtigen widersambich
