3024 4032
248 723 398 847 256.
458 783 1428 926 betrugs mit wercken worten und schrifften
458 860 1397 974 wider hoche persohnen und gegen ihrem
449 917 1422 1038 nechsten, dardurch sie mit faltscher hoff¬
445 992 1429 1108 nung etwelcheren leichtgleübige gedancken
447 1050 1392 1168 zu bethören suochen, wer aber mit
444 1119 1410 1234 luogen schätze samlet spricht Salomon der
430 1181 1411 1302 wirt zahlen und fallen und Dauid sagt,
433 1259 1416 1368 dass under denen, welchen es soll wolergechen
435 1315 1428 1437 dise zu sein pflegen, die nicht betriegen mit
446 1386 1402 1510 ihrem muond, nicht faltsch reden mit ihren
437 1451 1401 1574 lippen, die reines hertzens sind, hingegen
429 1529 1400 1628 muessen zu schanden werden, welche vermeinen
412 1578 1378 1689 Gott seche nicht, wass sy arges in ihrem
428 1647 1372 1752 hertzen haben. solche gold durstigen
425 1714 1381 1804 leüth gebrauchend sich auch der untreüe
431 1772 960 1864 und ussspechens geheimer sachen
702 1800 1369 1881 verratherey welches ein greüwel
415 1859 1402 1947 der ohne habende reüw gewüsslich dort
404 1904 1357 2001 erwig von Gott, hier zeitlich aber von
409 1954 1360 2041 deroselben mei. statthalter der oberkeit
974 2027 1386 2107 under allen geschichten
404 2032 774 2137 gestrafft wirt.
1145 2077 1360 2134 solche persohn
407 2091 1375 2197 findet man nirgends das ein verrather
414 2163 1393 2247 ein guotes end genommen und ob es ihme
414 2211 1359 2321 eine kurtze zeit wol ergangen, haben sy
399 2275 1342 2380 doch ihnen selbsten geschadet, in demme sy
413 2359 1391 2446 anderen zu dienen gesuocht und ist endlich
392 2386 1051 2503 die straff nicht ussbliben.
399 2452 1399 2563 Dieweillen nun Gott die werck der finster¬
401 2525 1357 2628 nuss an des tagesliecht bringt und
388 2585 1392 2697 duorch göttliche verhengnuss die weissheit
386 2647 1385 2758 der weisen und die kluogheit der gottruochlosen
392 2720 1381 2823 zu schanden gemacht wirt, so sol menig¬
392 2777 1395 2885 klich der stechet zusechen, das er nicht falle,
375 2846 1396 2943 sich durch hochmuot stoltz ehr- oder geltgeitz
400 2900 1414 3001 nicht zu der untreüw verleiten lasse, etwan
388 2986 1393 3075 mit frömbden geheime correspondentzen
379 3030 1393 3120 zu nachtheil eines stands oder seines nebent¬
383 3079 1356 3188 mentschen zu underhalten und sy dardurch
392 3157 1399 3227 ihres thun und lassens zu verrathen, noch
369 3206 1349 3319 durch betrug und faltschheit suche hoche
389 3273 1397 3372 persohnen in den verdacht einer verrätherey
379 3330 1339 3440 zu bringen und zu solchem ende dero
380 3377 1375 3494 ehrliche nammen mit erdichteten worten
374 3447 1354 3548 zu entheilligen und zu missbruchen, noch
368 3507 1381 3602 durch listige reden und anschlege unordnung
392 3561 1390 3681 und verwirrung in einem stand anzurichten
1529 2160 1685 2259 heimlich
2603 659 2785 791 257.
1722 787 2760 926 welches ein werckzeüg alles bösen ist, das
1723 858 2740 1007 vom Sathan herkommet, noch durch den gold¬
1726 923 2760 1061 glantz sich zu bösem verfuehren lasse oder
1712 1001 2741 1132 andere dardurch zu lasteren anzulocken
2553 1057 2696 1131 dan
1725 1070 2422 1201 und sy zu verblenden suoche.
1713 1116 2653 1252 ein solch bösses leben ein böses ende
1713 1159 2759 1303 nimmet und ist der todt solcher sünden sold,
1705 1229 2762 1369 wie wir dessen ein lebendiges byspill
1713 1298 2733 1423 an vor augen stechender weibspersohn
1704 1375 2716 1493 Samuel Perregaux von Vallendys
2255 1423 2695 1525 alss welche sich
1717 1458 2107 1553 ehefrauw, sechen.
1707 1467 2771 1593 des stands in den Gott sy gesetzet sich nit vernueget,
1730 1557 2770 1667 sondern anstat ihrer hausshaltung obzuligen
1707 1624 2730 1734 und in derselben ein stilliges und gottseliges
1717 1689 2709 1805 leben zu fuehren, sich underem praetext
1714 1750 2773 1874 obhabenden nothwendigen curen hin und
1705 1820 2686 1937 her begeben, mit dem frantzösischen zu
1706 1892 2736 2002 Sollothurn residierenden ambassadoren
1711 1956 2798 2074 nachdenckliche correspondentzen angestellet,
1712 2026 2725 2135 sich entlichen alhier gesetzet, by dreyen
1709 2085 2801 2202 monaten ihren schandlichen briefwäxel gantz
1715 2161 2665 2259 getriben, uf erschallenes gerücht aber
1712 2230 1747 2270 den
1765 2221 2755 2320 8ten xbr. verwichenen 1689ten jahrs ge¬
1699 2275 2779 2382 fengklich eingesetzt, ihre schrifften visitiert,
1722 2341 2718 2434 under welchen 32 stuck von der hand des
1711 2399 2788 2499 ermelten frantzösischen herren ambassadoren
1703 2467 2764 2566 geheimschreiber geschriben und so wol in
1694 2528 2734 2597 denselben als ihren eigenen an gedachten
1696 2583 2748 2691 secretarium und andere des hooffs ab¬
1697 2639 2791 2740 gelassene brieffen vil seltsamme verdeckte
1700 2719 2785 2795 nammen, wie auch einen schlüssel uber dieselben
1711 2758 2786 2863 in einem sack calender verzeichnet und
1709 2819 2747 2931 vier tableten, deren sy sich bedient ihre
1706 2886 2770 2969 berichten darin nach hooff zu schicken,
1705 2952 2805 3032 gefunden worden, uber dass einte und andere
1691 3008 2777 3107 durch eine von mhghen. r. und burgeren
1715 3059 2772 3181 verordnete hoch ansechenliche commission
1714 3126 2800 3206 zu underschidenlichen mahlen so wol fründ.
1709 3187 2635 3281 als ernstlich examiniert worden.
1681 3242 2779 3361 da sy aber anstat der lauteren warheit
1690 3316 2762 3387 Gott zu ehren und der hochen oberkeit zu
1697 3369 2752 3467 gehorsammen in ihrer bekantnuss vil
1712 3434 2776 3535 bossheiten und faltsche erdichtete reden
1709 3509 2750 3602 gebraucht, ja in wehrender verhafft
1697 3567 2779 3675 so wol gegen mhhen. examinatoren
2460 3655 2608 3736 alss
