3024 4032
343 603 457 681 147.
559 579 1421 737 befahrlichen sornichen ibums gefahrlich
539 679 1424 787 tractert, neben muns gutten remun¬
538 737 1403 836 stranz und abtrag ostumb eydtlich vor
526 790 1410 897 das Bürgnem zyhl hinauß andr gnad zu
537 858 1388 980 vnrwisen worlen Acte 3. ovebriss 1685
609 1016 1341 1162 Audie Regnaud von Vacs
680 1121 1011 1248 en Baußzine.
532 1239 1396 1368 ier hatt sich für ein vertribeng Frau¬
520 1319 1398 1439 Jösischen mnangelischen glaubambgnnoten
534 1386 1386 1499 außgegeben und darzu einen taltschen
531 1437 1382 1575 von he la croca zu Morsen nnhaltunn
507 1502 1379 1630 hungumbschein sich bndmet da i2 doch
525 1558 1397 1678 bekantlich sein müßen ein paris zusam
507 1634 1357 1752 denolingen denselbeg zwo sund lang
523 1683 1368 1787 ans Balsnißen zustellen erkent worden.
493 1756 1001 1850 Acte 3. febr 1686
713 1969 1402 2115 Annd Weyermann
506 2085 1410 2199 Ist wegen begangnnen drugen lndigen
485 2152 1383 2254 ührng fahlerin von ir ag statt und
518 2214 1425 2323 land Berwisen woil acce 20. febr 1681
594 2490 1347 2644 Heanne Lonsse Marill
752 2611 1026 2737 relation.
473 2752 1343 2874 dachdem seanne Conyse Marillis
514 2840 1386 2950 ouß mit dem Tringis-Kammen la manide
496 2902 1398 3030 genant alß eine beriites sahr benng
505 2969 1380 3084 lgete wran hir in der statt an
499 3044 1334 3170 kommen und deßen f lul dimur
499 3116 1322 3237 herren großweibel Stinger advisiert
493 3201 1343 3319 forden, ist selbige alsobald handenst
514 3265 1401 3394 gemacht und solanntes über angehörten
508 3347 1429 3474 bericht herren roßerheibels, wan sy bereitis
1771 621 2806 800 ime wegen ires geführten ungünhigen
1802 719 2814 855 und inkischen Handels und wandelis er
1790 768 2824 919 offeet, wa von meinunghl den rahten
1788 840 2820 989 zu einem examinatores verordnet worden
1783 904 2794 1061 Mhhren dasnohe Fisching Welcher zu volg
1785 971 2745 1111 ime besgnwagee onnelchs den 27. febr
1800 1052 2773 1200 entschin nach dem gubett sich in die ge¬
1794 1113 2758 1254 fangenschafft verengt und selbige inge
1788 1181 2796 1315 genwant her großweibel Ringuris die
1802 1244 2787 1368 xamination angefangen, Ind vor allen
1767 1313 2730 1444 dingen wa dahin zugesprochen, daß sy
1778 1366 2788 1506 Golt dem kurten die ehr geben und in
1786 1438 2802 1571 entladung weib geteßumb die warheit
1795 1507 2826 1651 ang a sy für einen znkischen handel
1800 1587 2790 1702 und wandel, deßen sy sehr berüchtiget
1786 1669 2797 1785 seyn getriben anheigen und also durch
1797 1723 2789 1863 num jahre und uffrichtige bekantnu
1799 1805 2820 1923 wrer ongangnen mißehaten mit ernt-
1799 1880 2763 1993 licher bereidung derselben Gott den
1775 1948 2827 2070 herren zur versichnung zoverleiten dar
1788 2011 2821 2119 by aber sich also verhalten solle, daß lin¬
1801 2078 2780 2197 mandem dardurch onruch beschnihn, alß
1803 2150 2707 2267 Vnmitlich Leßen Gott der Keur mir
1801 2225 2830 2341 mehrern wider sy erguent, und sy is selb-
1807 2300 2828 2417 in in geschwerihnen ohngelugenheit für
1799 2366 2777 2491 hen werde darauff sy volgende
1805 2422 2272 2549 bekantnus gethann
1816 2584 2747 2727 as sy tumb alters by 32 odur 33
1804 2679 2736 2803 jahren und zien franvis, Marillis von
1810 2755 2795 2869 Leisette by Cananen Tochier seyn und
1811 2824 2726 2935 berinti gwem nanner gehabt habe
1812 2892 2722 2994 snder dnnm der Erste Maire Pache
1795 2959 2785 3089 geheißen, dy welchem sy og funff jahren
1783 3035 2805 3153 hichig und ehrlich  der ihn ohne gugen
1817 3097 2775 3206 de under gelubt, selcher in munr all
1808 3166 2758 3284 gumeinen grafsierender Banckheit an
1805 3238 2488 3358 ein blutfluß gestorben seyn.
1827 3329 2791 3462 annach habe sy sich anderwertig unruhn.
1828 3406 2818 3523 nihn, mit amuel Jonin detay by herder
