3024 4032
426 505 535 611 199.
676 509 1544 656 sernn worten mit demen ergegen sein
673 596 1576 723 in Mutter außaufahren, für ein laben
665 667 1566 810 fang ind Schallentarck zuerkennen
648 736 1546 844 In ansachen abersamer ehrlichen ser¬
653 801 1524 915 wandtschafft haben selbige am raht.
653 868 1538 984 schluß dahin abgefaßet, daß er vor
652 933 1557 1048 horgricht iss gebogeem kangen sinn
631 1003 1531 1120 Mutter und Mannigklichen, so er gnur
640 1065 1528 1201 gurnt umb varzulhung Pitten, her¬
661 1139 1536 1259 nach i die obern gefangenschafft genht
657 1202 1537 1319 und von jr he statt und land ger
656 1267 1497 1356 wisen, und von den Profosen dss die
653 1340 1493 1464 Reuwenburgesche Kranzen gefuhrt
653 1408 1482 1533 warden solle mit betruwen, so
631 1479 1503 1599 I h landen wider betratten wurde.
640 1545 1502 1668 mann zue alten und mitdars zusamen
637 1607 1490 1733 geben wurde. also erkent d 1 und
638 1681 1353 1806 cocequiert den 14. junii 1687
681 1871 1283 2026 Bean Venefobre
740 1964 1397 2100 ein refuglerter franzos.
602 2029 1501 2181 Ist wegen er nun dienstagd allhier
614 2133 1455 2255 geschwangeret und doch nit ehrlichen
616 2203 1461 2318 will solcher licenz halben übrigen
590 2279 1495 2396 franzosey zum Excempet von Stall
624 2339 1473 2465 und land verwisen worden, Den 23. und
614 2407 1372 2541 exequiert den 25. junii 1687
809 2602 1348 2732 Samnel deilen
777 2695 1444 2828 sonst sanksammi gemant
563 2827 1475 2975 Diser ist, teilen er sich seit der zeit
584 2918 1504 3040 dafur getrult worden, nicht gebußeret
587 2981 1485 3104 sondern by nächtlicher Wyl die ahn
617 3049 1537 3163 us der allmeit gemolcken, nochmahlen
602 3119 1530 3226 ein jahr sund lang neben einer güllin
599 3184 1512 3302 remonstrant ims Trullheuße wilunt
594 3241 1149 3366 Worden den 1. julii 1687
2781 436 2920 531 200
2064 570 2505 716 10991 lochet
1889 728 2822 918 aldem Joggraocher auß der
1860 834 2853 992 Kilchhori Bechingen gebürtig von 29.
1881 899 2897 1078 jahren alturis mit umib und zweyen
1894 986 2802 1122 keinete Kinderen Bursuchen kurt
1899 1038 2871 1213 vergangener zeit in einer wund
1902 1101 2948 1299 by einer h h mullereferd angetroffen
1897 1195 2872 1337 und warbe befragt worden, waib er
1870 1261 2841 1391 da mache, hatl er nin solche antwort
1895 1295 2931 1498 gegeben, darauß muchtlichen Zuschlinßen
1891 1411 2880 1567 bahre, daß er mittonders ei undige
1892 1467 2939 1638 that beruns kneubt oder zinteraben in
1868 1533 2885 1681 Willen gehaltt habe, wie dann darauff
1875 1620 2925 1761 er sich von hauß absenciert, maßen alß
1895 1682 2934 1816 solches mahl deß rahns vorkomen selbi
1886 1762 2862 1887 ge alsobald beuohlen, dss aunzächten
1901 1817 2916 1944 und iss betrellig gefunnklichen muze
1891 1892 2926 1996 sitzen gestalten er daruber argriffen,
1898 1955 2924 2083 allhar gefuhrt Instgesetzt, durch die Hartm
1880 2027 2874 2153 Feistlichen zuanderschimnlichen mahlen
1885 2099 2879 2221 besprochen und endtlichen nach Mi¬
1896 2165 2874 2284 en Hochguehrten Hurrm Rahlsherren
1900 2231 2883 2320 von Muralt alß gerordneten Mami¬
1891 2310 2884 2412 patore in bysem Burrun Broßwein
1906 2362 2919 2469 gul Stingers herrn appellation schreiber
1898 2431 2907 2516 Eribotuls und her tuckgeltnur von hsra
1895 2503 2889 2619 fenrindtes nach ainuurlichem zuspruchen
1900 2565 2855 2684 über den gerdacht begangenar und
1886 2635 2862 2721 gur that der vestialiret Examiniert
1900 2702 2834 2826 worden, welches darauff volgende
1910 2780 2668 2882 rugwillige bekantumns guthan.
1903 2893 2845 3012 aß er auß eingubung deß salans die
1897 2965 2851 3086 ohnnatirliche und suchristliche that der
1895 3033 2877 3166 bestiacitet mit einem h. h. Pfarr Zuter¬
1891 3101 2857 3220 aben iier underschidenliche mahlen den
1895 3177 2912 3288 bößen willen gehabt, wie er dann allemahl
1898 3240 2817 3352 In solchem vorsat mit einem seil im
1896 3303 2887 3422 sank, umb das thir darmit anzubinden
