3024 4032
435 494 530 565 213
666 585 1561 742 Sein hortz zuerösnen und alle seine
683 695 1566 799 begangenen boßheiten an tag zugeben
677 759 1567 867 betheürete aber hoch das er verner
665 819 1196 920 nichts böses verebt
1412 847 1548 910 ward
668 882 1570 993 darauf nochmahlen an die Marter
659 930 1564 1066 geschlagen und mit dem 25 tb zstein
668 1012 1570 1120 ufgezogen, da er gleich wie zuvon
684 1073 1561 1183 vf den Kuyen Wemnend) erhalten
656 1132 1567 1246 das er verners nach seiner erkant,
670 1209 1552 1316 auß nichts böses begangen habe.
658 1268 1549 1354 hälte Gott vmb verzeichung, vnd
664 1323 1507 1446 eine hoche oberkeit umb mir
666 1412 1119 1508 malte Vrtheil
638 1485 1534 1617 Worüber ihr gnl in geseßenem
668 1558 1459 1651 shat erkent, das er Stalder
674 1629 1540 1733 ußgeschmeitzt, gezeichnet und mit
653 1685 1531 1807 dem eyd von ihr hr statt und
598 1757 1449 1853 Landen verwisen werden solle.
624 1823 1379 1943 Dt 20tmartii 1688.
619 1888 1198 2026 Exeti gleichen tags
773 2232 1461 2383 Antzhoni Schopfer.
627 2395 1542 2535 Hat sich zum zweyten mahl in ehe
644 2478 1526 2588 bruch vergeßen. ist deßwegen
646 2547 1528 2653 von ihr gn statt und landen
635 2617 1489 2714 verwisen worden den 26te martii
1322 2681 1516 2761 1688
617 2692 1238 2843 exegi den 27 dito
2845 395 2955 497 zut4
2030 509 2651 680 Damiel Pluß
2082 592 2815 756 burger der Statt Herrn
1871 754 2952 899 Demnach inhgns vorbracht worden
1906 827 2894 969 das mr Samuel Fluß der schneider
1898 888 2924 1038 seinem eheweib Salden habst einen
1906 958 2899 1121 solchen stoß gegeben, daß sy dauon zu
1898 1006 2941 1167 boden gefallen, hefftige schmertzen erlitte
1914 1093 2870 1226 und den anderen tag darauf todts
1907 1199 2200 1289 verblichen
1889 1241 2956 1379 habend ihr gn zu gründlicher erforschung
1900 1313 2914 1441 der wahrheit nhren heimlicher Johan
1900 1395 2925 1519 Rudolff Bucher, neben dero dienere
1878 1467 2892 1606 j großweibel Tscharner und
1894 1545 2932 1667 dem Grichtschreiber in besolch geben
1903 1621 2830 1738 so wol gedachten Pluß hieruber
1903 1708 2918 1808 ernstlich zu exammieren, als auch
1904 1763 2928 1877 by allen denen persohnen so hierna
1904 1837 2940 1954 gmiche weßenschafft haben mochtend
1883 1917 2472 2028 sich zu informieren.
1853 1995 2944 2109 seine zu schuldiger volgleistung nhhr
1899 2078 2947 2189 neben voranzogenen E gus dieneren
1883 2133 2935 2245 sich dinstags den 24 pri abends umb
1895 2197 2919 2315 vier Vhren in die Obere gesangensch
1889 2272 2867 2389 begeben, alda den Fluß nach einds
1885 2337 2925 2461 ernstlichen ermahnung die warheit
1884 2419 2913 2542 zu sagen voranzogener that halben
1893 2472 2312 2563 zu red gestelt
1883 2545 2877 2681 welcher hierüber bekente, daß er
1875 2593 2900 2722 Ja am Oster Sontag abends etwas
1870 2668 2894 2820 truncken heimkommen und deßwegen
1894 2762 2886 2867 von seiner fel sel. bescholten worden,
1873 2817 2919 2938 darüber auch mit derselben wegen einen
1876 2874 2885 2998 Jungen hundlins den ermulte sein
1873 2940 2897 3071 chefel. sel. seiner vnsauberkeit halbe
1887 3010 2772 3128 haßete in ein gezuuck gerathen
1882 3056 2875 3186 Also das er denselben genomeen und
1884 3119 2900 3255 hinnader in des hööffli geworffen
1897 3187 2873 3318 und darüber zu der frauwen in daß
1877 3238 2216 3346 beth gangen
2581 3351 2813 3478 Es habe
