3024 4032
449 2863 509 2970 1.
438 3064 495 3152 2
442 3264 505 3339 3.
416 529 511 611 l
383 999 608 1122 Hanß Ulei
861 580 1333 721 Information
636 735 1570 877 Über den todtschlag und mord
612 822 1574 936 that, welchen waid Schramberger
608 893 1567 996 der schneider von Schramberg alhier
619 952 1560 1063 by der Papyr Mehle wonhafft an
620 1015 1586 1123 Daund Gallenbach dem Keßler daselbst
616 1077 1525 1197 Den 22. herbstmonat 1688 begangen.
593 1230 1552 1356 Alßdan durch Hanß Wahli uf dem Rein
600 1309 1576 1426 sambstag den 22e sept absends umb fund
606 1361 1540 1490 uhren anbracht worden ec. Gnl Diener
601 1444 1563 1539 dem grichtschreiber anbracht worden
588 1503 1569 1615 daß danid Schramberger der schneider
602 1577 1565 1676 mit einem maßer seinem mitHanßman
590 1636 1570 1750 Hanß Ulrich Dallenbach drey underschiden
580 1685 1532 1800 liche sich in den leib gegeben dauon
593 1763 1540 1841 ermelter Dallenbach in einer halben
576 1818 1548 1932 stund hernach redts verblichen hat
587 1881 1570 1991 gedacht fr jul diener in abwesenheit
586 1940 1557 2049 ehghrren schultheißen kilchbergers sich zu
562 1998 1561 2126 ihr gul herren schulthen den von Erlach
589 2067 1564 2164 veraügt diseren leidigen und betrauwe.
579 2111 1552 2213 lichen Todtschlag vermeldt, vnd was
547 2194 1574 2276 hierby zethun underthängst rahtsgepflogen,
574 2220 1559 2320 und den befelch erhalten, diser begebnuße
574 2280 1555 2378 eigentlichen hergangenheit gründlichen
580 2340 1545 2432 nachzeforschen, auch den entleibten
553 2395 1529 2487 durch geschworne statt medic und
577 2460 1399 2569 Chirurgi visitieren zu laßen
551 2526 1534 2631 welchem nach e gnl Diener mit dem
562 2587 1537 2691 herren doctor König und herr chirurgo
568 2638 1503 2748 aalbrecht Hurenkönig sich volgende
568 2710 1537 2808 tags hinaus begeben, beforderst den
562 2758 1555 2867 todten leichnam visitiert und gesunden
560 2827 1554 2936 daß derselbe an dreyen ohrten verlezet
575 2881 1536 3000 die einte wunden under rechter brust
559 2944 1583 3065 der söche des hertzens, so sich vf den reippen
559 3006 771 3081 geendet
560 3040 1539 3170 die zweite vnder lincker bruß durch¬
569 3114 1576 3232 tringend durch das pericardium oder vorhaut
571 3179 1454 3274 biß in die Substantu des Hartzens
563 3242 1535 3355 die dritte auch lincker seits hart undes
568 3297 1579 3417 den kurtzen rippen in der gegend des magens
1445 3422 1499 3489 so
2760 420 2880 494 d
2770 487 2866 548 22
1863 537 2862 703 So aber vbersich gefangen, das quarfahls
1859 617 2870 755 durchstochen und einige aderen verlezt
1860 676 2871 831 dahero große blutstürtzung ohnmachte
1870 735 2905 861 und iuert einer viertel stund der ttodt
1862 833 2057 933 erfolget
1832 892 2876 1055 Hernach wurdent alle die jenig bescheiden
1851 948 2871 1095 welche von diser begebnuß und anlaßen
1850 1016 2848 1166 derselben wußenschafft haben soltend
1880 1071 2893 1219 welchen zwar der eyd nit vorgelesen.
1855 1145 2892 1284 der mhalt deßelben aber dentlich vor¬
1851 1194 2893 1338 gestelt und darauf ermahnt worden.
1862 1271 2900 1404 die gründliche warheit der hergangenheit
1841 1335 2874 1443 diser mardthat als vor gotttes angesicht
1846 1410 2191 1519 zu eröffnen.
1876 1461 2900 1574 Horans Anna Widmer von Stelllen
1853 1531 2856 1636 des entleibten hinderlaßnen eheweib
1852 1584 2854 1705 zeüget. daß ihren nit bekant seye
1843 1646 2816 1765 daß ihr abgestorbner eheman mit
1845 1724 2858 1825 dem danid Schramberger in einichem
2484 1780 2850 1864 und daß umb
1856 1788 2366 1886 iderwillen gestand
2415 1830 2463 1865 1
1852 1831 2909 1939 mittags zeit sambstag den 22ten diß lankend
1840 1898 2834 2006 herbstmonats ihr eheman und sy in
1859 1959 2877 2061 ihrem vor ihrem antheil hanßes ligenden
1847 2012 2862 2117 garten gewesen und alda stickling und
1851 2077 2845 2182 bouensonden vßgezogn, da seye ein
1861 2131 2906 2235 tein in ein neben ihnen Ligendes Kohlibet
1856 2188 2881 2302 gefallen, daß sy vermeint daß Schramberg
1851 2257 2902 2352 nach hett hureren welcher in einem blätzl
1865 2314 2890 2415 ebenhalb und neben ihrem garten geharket
1853 2386 2878 2464 nach ihren hüneren geworfen, habind aber
1852 2421 2882 2521 daherumb kenne hener weder gesach
1858 2481 2839 2575 noch gehört, auch kein wort darüber
1845 2543 2085 2630 gesagt.
2106 2539 2893 2644 bald darauf seye ein anderen
1859 2596 2872 2698 stein in ihr seuben fenster geworfen vnd
1846 2650 2881 2750 dauon ein scheiben brochen worden, welches
1855 2710 2872 2820 hren mann verdroßen, also daß er dem
1861 2784 2845 2872 Shramberger darüber bescholten und
1862 2832 2868 2943 gesagt, diß seye nit nachbahrlich, er
1877 2893 2878 3001 solle ihme die scheiben zahlen das schramberg
1851 2945 2831 3051 aber nit gestech wollen ihme eine schriben
1852 2998 2856 3118 brochen zu haben und ihren mann lieg heißen
1852 3058 2858 3177 worauf ihr mann dern wehreden ggehenck
1867 3130 2819 3226 heyen Zeuli welches zwuschen dem platz
1859 3180 2800 3278 und ihrem garten steche zugang und dem
1844 3232 2796 3330 Schramberger gesagt, er scheamberger
1843 3279 2795 3392 liege daß er sage er habe die Scheibe
1853 3334 2810 3450 nit gebrochen, Schramberger darauf
2607 3433 2790 3532 gesagt
