3024 4032
419 692 463 784 3
412 1232 462 1312 3.
434 1586 466 1700 4.
284 1691 506 1807 grad lang
303 1761 449 1863 nichtmb
422 2066 482 2189 5.
503 631 1433 781 Hamb Wöschi seye ein mann von 22 jahren
527 713 1375 856 langer statur, mit schwatzen langen
525 787 1397 932 glatten karen keinen bart, habe nun
521 861 1447 997 Gatagen von schwarzem zellel und weißen
518 933 1443 1072 lntrag, gleiche sohnn schnis leinige steinig
525 997 1392 1149 einem schwartzen hutt samt einem alenn
527 1102 843 1212 Agli Carunder.
504 1176 1372 1315 Seini Wöschi sein binder seye von 20
506 1261 1423 1390 jahren minms von mitlelmaßiger statur
525 1319 1383 1459 mit trausen braunen kaaren ohne bart
513 1373 1414 1511 Junckel braumer Gostagen und gosen wisen
524 1463 1395 1600 upfen, auch einen schwarzen rauchen hant¬
508 1571 1395 1695 Ulli Schleissacher sonst Ramseger ge
539 1649 1446 1753 nant von mittelmaßiger sratur schware
517 1712 1413 1803 brann jaar by 30 jahren alt, kem satt
528 1771 1399 1885 mit einem schwarz leinigen vhorgen und
512 1823 1414 1948 Luderig sößkosen, Tischharb strumpf, seines
505 1895 1397 2005 Handtwarekis ein Schumacher, Zuhn sich
512 1957 1344 2076 Is by dem scharer zu Ingistorff zu
516 2078 1423 2227 Cristen Rrachbucht von Langer magn.
531 2175 1414 2290 ber statur mit leinigen hosen, braum
518 2229 1355 2357 Casaque, Räderig srmme, schwarzum
521 2309 1352 2417 angem Jaar imnum sart by 3
489 2378 822 2480 jahren ulturb.
481 2565 1437 2715 ber welche sein Sparm bekantnus Ng
481 2656 1429 2781 daß großen rahub zu Ruch erkent und
484 2734 1399 2852 gesprochen, daß e gewohnter Sonm nach
503 2805 1464 2926 außgeschmuitzt folgents tum das auchin d
497 2871 1435 3005 abgehauwen und hernach uff nag mit sin
494 2955 1435 3051 und kelleng an heßen ins schallenwiget
485 3028 1437 3152 eingeschmndet werden solle, darby jndoch
479 3086 1482 3221 die gnad der hochen oberkeit Horbnhaltund
451 3179 1064 3304 Acee 15. junii 1686
2681 451 2813 539 168
1895 527 2605 721 Cunrad Rettemund
1706 643 2720 855 s wegen etlicher begangnen dieb
1730 725 2550 914 fahlen, auch übertretlung daß
1742 799 2706 996 weisung eyde und understandenen
1722 862 2749 1039 salbis mordt iss gnad hin wol nun
1732 896 2764 1135 geschendet umb schallenwonrek erkent,
1716 1062 2301 1214 Aete 19. junii 1680.
1870 1240 2440 1426 Asbels dcil
1731 1313 2790 1501 so sich mit Jamb taßer vertiegtet sas
1745 1432 2721 1610 zugnacht tra bnkam gewesen, daß e
1746 1500 2686 1677 faher sein oedenlich ehnlomb hall, sich
1732 1567 2746 1720 hinnich nicht von ime begeben wollen
1711 1637 2838 1775 habend ir aih zu Warerdunner aaßt
1699 1720 2640 1862 zwo suund ams heisdeiden erkent.
1702 1830 2260 1953 Acte 13. juni 1680.
1957 1988 2860 2122 Dt nienes mer  Bllading
1944 2082 2860 2221 Heruss Rritt Ni hr snguht
2502 2160 2706 2276 meh
1741 2262 2763 2395 habend tgg wegen uff de gaßen
1738 2333 2769 2461 Barelben ongelonten Julonues und
1739 2414 2800 2540 geteibung hwillumb andaren dar¬
1729 2489 2809 2615 gleichen gaßen zem Henßel hstund
1744 2559 2735 2683 fang und meuthnüßi und un ni
1748 2648 2844 2770 sehr lang und die eydliche burgnrun ghl
1760 2689 2734 2832 erweisung ertent. Acte 18. junii.
1754 2792 1882 2890 1680.
1925 2936 2583 3092 harles helapierie
1739 3043 2823 3191 Ist wegen gebrauchten faltschen schmind
1762 3126 2828 3265 Als ob er umb der retigion willen lang.
1757 3196 2822 3335 einnig gefangenschafft ußgestanden, am
1760 3254 2736 3417 mit erbetllneen attestarionum sng
1771 3330 2798 3456 erendenung mais kamumb gndser
1769 3407 2793 3521 semin geträhnigknit unhalten mit dem
1750 3482 2788 3612 yder von der statt in ein hmmah ge
1755 3533 2607 3649 pisen worde Aex 10 aug 1680.
