3024 4032
336 476 433 576 27
472 513 1506 641 Ingnacht nun E heliena zum formentin die¬
498 588 1469 711 underschidenliche particularituten der by zum
1388 652 1475 714 deß
490 653 1519 758 geführten schwarhen, deß octis, der persohnen etc
478 713 1515 814 Item daß er mihr alß 40 mahl mit zum gutei
486 774 1508 877 ken vnd er Lormenten drun slbarnn Casseo
497 832 1498 956 er gesagt selbige zu Eon ankaufft zu haben b
1036 889 1283 941 volgehaltz
479 884 1438 1014 ihnn gehalt und war michters So hatt in
467 955 1494 1049 nndt denselben nicht mmmn noch inmahlen
476 1014 1500 1138 bysenn eingelehrt sein wollen, sonderen alle
474 1083 1270 1217 ihn ambtand gäntzlichen verlangent,
440 1234 1494 1381 Alengen mehlen, haltt er auch übrige ohngeuh
463 1331 1508 1449 zum allerley vorgestelten umbständen nit mun
470 1394 1447 1502 wollen, Wurt dem Lanid ointesse Arma¬
463 1456 1437 1574 llt, Wulchem er geständig worden ein fnhi
463 1521 1450 1637 fürse bnder, so cientenant zu Sroß
446 1597 1440 1707 durg s zum comtesse aber dazumahln gesag.
436 1656 1444 1776 Alege Haueman seyn umb acht Zaller sir
437 1707 1456 1842 hoegen jahrin aberhandle und ein fahrfi
446 1787 1432 1905 alin heine umb selbige nach glngen No¬
449 1840 1427 1955 naten zu roedefort by dem Jacobin abzu
441 1912 1278 2036 holm, zumachen angerdingt zu haben.
423 2030 1461 2163 u snfragen, Wo Er formenten mit dem Juhi
430 2104 1438 2233 znkommen, ob er selbigen seinem bnder zu
426 2179 1428 2302 anbracht habe. R. Lum, Habe selbiges zu
391 2248 948 2375 Sedan wnderverhandlit¬
388 2335 1435 2450 worumb er dein bilolen ußf besimden heit nit abze
430 2424 1435 2535 halb h Gabe sich sidehar zu bhaß dssgehalten
419 2489 1026 2601 und seine mit der anden gsin¬
369 2619 1393 2741 Maria Sahn dann die magd, ist von dem
399 2711 1456 2810 Bart, campert und der Jacobin für deß Formen
203 2714 340 2848 gan.
407 2780 1416 2917 linh magd erkent worden. Wüßind aber von
412 2871 772 2970 tra mit zuzügen.
328 2937 1462 3103 Aeß herre compert ist vorgestelt worden ghuge
388 3054 1405 3156 in Berulard helienk, daß is eben diser
394 3123 1406 3235 eyn, so mit seinem Meistes dem Formenrin
198 3125 372 3250 ompert
397 3184 1408 3305 und der magd von Verhag zuruek kommen und
380 3244 1423 3381 damahlin aurdome gement worden, und habe er
374 3335 1109 3438 formentin fur zun compert untalt.
376 3358 1438 3502 canxampert dann, daß er um gesachen vor ander
369 3431 1445 3576 halb jahrn deß formeneins Wurd in den seyd fehre
1507 3335 1595 3441 ahn
2787 290 2929 404 28
1787 453 2867 665 und habe mit anderen mit Zallerin Blallen
2098 510 2941 707 Sege aber nit der la puce son¬
2000 651 2089 703 9
1787 652 1999 728 ansizosun.
1788 630 2489 799 dum derselbe ey min anderer.
1802 708 1831 740 19
1751 673 2906 905 Anne marie Jacobin bezügete auch, daß sy
1782 755 2896 949 zun zu Rocefor on einem nume for¬
1782 878 2276 1051 Mentit gesehen dabe
1773 953 2926 1174 Ihngeacht nun dise drey versohnen zum qompert
1782 1024 2885 1220 solches alles mit einem umbstanden ander dass
1781 1098 2898 1298 gesicht erhalten. Hatt er dennoch allen dur
1788 1186 2902 1324 einet und verlaugnet, warby agend, sy warde
1771 1220 2926 1397 Inn fur einandern nunen dangt sein semn cablas
1785 1293 2865 1487 niemahlen hinr im land gsin alß dißmahling
1785 1376 2881 1557 alß er von hunff kommen und seinen binder
1775 1461 2876 1591 sachen wollen, wüße mar nit, vo newenburg
1791 1550 2248 1658 und übrige 8rt seyn.
1771 1628 2899 1773 nunn is auch auf Maria Gahn onfrontiert
1782 1704 2896 1860 und befragt worden. Ob eb dien compert
1781 1786 2888 1892 mit mue ob emt deß normentins mun
1792 1849 2851 1972 e und ein sad gefullaret ader gewundet
2043 1925 2184 2037 kein
1765 1930 2039 2024 habe R.
1769 1991 2818 2104 e ob compert nit den knab seyn, so von
1787 2061 2776 2169 ersor mit zum nacher rocdefort gangen,
1756 2134 2859 2231 ob diser compers nimahlen bysinnem m
1758 2192 2853 2312 gen eye. Hatt alles hermmmet wider das
1757 2267 2888 2388 enhalten deß Barts xamperts und den Jacoben
1729 2392 2828 2529 Curard. Campert iumet vnd Linet dann
1756 2475 2804 2612 poclison dien fürsohnen nit erkent werden.
1702 2552 2288 2667 Ace 19. maii 1685.
1680 2717 2818 2918 hns Welchens so hartnenkige und ohnterschamte
1750 2830 2790 2984 augem an ahnn, dernn sy ondiniert vnd
1726 2898 2826 3037 überwisen ind habend z hen ammichhl den
1736 2952 2863 3126 oaminatorii in beualch geben, mit scharefer Narte
1719 3024 2778 3200 gegen sölchem schandlosen gsind zu dmnfahln
1694 3111 2807 3255 Sudolg dazundann sy sich ohngesammt den
1711 3156 2783 3323 Jirenli thuen vmnfent und in bysein daß
1706 3237 2784 3400 her ult Jog Sammel von Nuraltis herre umann
1715 3311 2772 3451 elchburgerw here rommihrt ubraham Dinkeb
1720 3381 2756 3555 und diller anderer neinmahe der Bergerin
1701 3443 2789 3609 muhr der magd Naria Zähr eußworug
