3024 4032
608 686 1452 828 Gelcheei oll urolecke gle
593 780 1443 900 Captiste Kourdalo Euin Palmnn¬
515 883 1407 1037 vr beude sind wegen begangen dan
500 972 1407 1101 Dmbtalih  herr mulluris agotunk u hin
539 1028 1367 1150 vngstragung 60 lb. Tiriantis und
532 1086 1396 1237 enderer sachng eydtlich von Ir ah Satt
537 1156 1429 1294 und land verwisen worden. Acce 11 april
1264 1228 1365 1294 1686
619 1481 1308 1605 igret Meyern.
511 1564 1363 1701 Is wegen unschuldiger unrlagung
509 1647 1389 1754 deß byschlaffs mit einem hinsigen ehr¬
518 1708 1406 1830 Jichen Burger und anderen begangen
520 1775 1418 1898 unzuchten gtogstund lang amb zalß
514 1843 1388 1960 eißen gestelt und hinach eydtlich daß
505 1917 1398 2039 landus Berwisen worlen Ate 22. mai
1146 1986 1289 2081 1686.
676 2347 1142 2488 aggi jpari.
503 2463 1381 2598 von Frißwyl seinns altnns by 18 in
506 2544 1395 2665 19 jahren ngt wegen verdächtigen dieb
505 2610 1389 2732 stählen und übersechung deß Landubfer¬
524 2691 1389 2808 weisungs eds in der gefangenschafft
515 2741 1407 2880 enthalten, und ift darüber durch hehe
494 2812 1452 2940 Iegh Ellinr alß anordnetner examnatori
497 2895 1384 3021 in bysem herren Großweibel Rteigers, je
515 2961 1431 3096 Kilauus von Wallenvogles Knaren zu deß
520 3026 1431 3161 bach und ingistorff und herre sammel zehen.
521 3100 1459 3240 zurs examniert worden, dar dann de 2. juni
518 3175 1436 3312 gbgb uff nenkwörtiges zusprechen volgenun
533 3227 886 3360 zebantnns gethan.
491 3314 1462 3492 Gesichen habe er zum allerunten mit anderen
526 3414 1472 3563 buben dem Hunggenbauchen genosens noch
1631 1113 1690 1203 2
1662 2011 1704 2084 3
1674 3245 1725 3332 4.
2629 548 2728 630 1
1720 633 2749 796 In ein graben vertragen helffen, welchens
1723 707 2709 873 sy aber hernach wider an sein ort haben
1742 756 2741 942 tragen wollen. Darüber aber sy mitdenkt
1749 844 2775 1007 und volgentes mit 24 stündiger gefangen.
1737 910 2725 1075 schatt zu Trachselwaldt abgestraft worden
1740 1022 2690 1204 sheul und zum anderen, seye k in der
1728 1101 2703 1256 Auristheit 1684 von Ulli Schleiff acher
1729 1164 2773 1314 sonst Ulli Ramseger genant angeführt wden
1727 1220 2731 1377 Den 6. schaff zuanggistem auß der uege
1738 1306 2747 1443 fahlen zuhelffen, welche er hernach hinr in
1717 1359 2784 1505 die statt anführt und herren schaffner weitlein
1745 1441 2735 1581 bach verkauff, darauff er volannts ardar
1748 1518 2735 1647 und mit einem sungg umd Schallenwonank
1737 1566 2764 1726 gescheidet worden, Nach acht wuchen aber
1733 1643 2759 1780 im Sulgenbach außgerißen, sich imb zim¬
1745 1718 2781 1846 burger geont dasulbster zu ein Schloßer
1740 1779 2767 1914 den ringg loßgemacht, bnguben und nach
1750 1848 2758 1975 acht tagen wider gan rrachselwaldt kommen
1731 1945 2724 2106 daselbsten er zum dritten mit Hanßli
1744 2028 2722 2170 Brachbnhlar auß dem durrungraben
1753 2114 2677 2230 histen Müller dißmaligem auger schu
1734 2170 2773 2301 Walthauß einen ührigen kaffen entwundet
1754 2245 2745 2379 habe da er dann auch erdacht, vnb Schloß
1734 2271 2809 2441 Tachselwaldt gebracht, eigesetzt, und volgents
1765 2373 2799 2503 ernach allhar widerumb Ims Schallenwarck
1753 2440 2781 2586 geführt und an halß und hißen angescheidet
1765 2516 2766 2645 worden, doch hernach im mugen 1685 mit
1757 2583 2785 2700 Abrasam Meytaller an einem morgun gn-
1774 2645 2790 2775 erem schu deß mus- und rtoßbahren sin
1775 2727 2784 2846 Hens im sulgenbach sich zum thor hinauß
1772 2796 2822 2913 ppracticiert wortgemacht, die Lülli mit einem
1763 2862 2772 2989 nechschlag underwegen loßtgeschlagen duru
1766 2935 2797 3049 din sensen sich beguben und volanntis den
1763 3000 2751 3115 Ringg im Freybwrger gegene aßgefeilet,
1757 3066 2771 3180 welchen obbaderin Hafen e2 müller widerbe
1773 3146 1930 3255 gung.
1765 3209 2821 3347 ertens habe Er auß baunlich deß Rinthansun
1784 3299 2777 3420 von Sumißwaldt nun schuten auß einer veyd
1762 3363 2759 3483 by Boldbach geholt, anfangs vermünenden
1769 3433 2749 3554 dselbige sein ngen gutt wahre, harnach aber
