3024 4032
352 547 448 642 157.
551 583 1428 727 von dem Dunckelm Lucht der Tatur
560 683 1426 809 engenrt und bestralet worden dise sund
546 745 1434 863 Under Ir Schwurt und straff komm, uin
547 813 1461 944 auß kili satz- und Orbnungen auch manng
542 882 1422 1008 faltigen cxecutionus inder den Rtö¬
554 947 1454 1075 meren und anderer välckarin bekantit
529 1052 1416 1203 hann also eine Christliche Oberkeit die
529 1147 1419 1269 Botten stallhaltnem ist und ohne an
534 1218 1386 1323 sachen der fursohn zu Vermundung der
533 1279 1410 1378 chwähren straffen Gottins, und sinnes
529 1340 1404 1476 zormb über das ganze Land, auch zu
525 1413 1454 1528 handhabung göttlicher gezollen und fat
535 1477 1428 1609 scflantzung der gott wolgefelligen und
532 1543 1433 1666 allen chriten Nentschen, welche Jangli¬
542 1606 1454 1727 ber nit zu Burengliderin machen, sonderrn
530 1687 1440 1792 alß glider Christi dieselbigen rum heilig
529 1751 1401 1872 und ehrbefluckt bewahren sollen zocht
526 1813 1440 1924 antändigen zucht und erbarkeit mänig
524 1883 1380 2001 lich zur barnung und exempet nit
527 1943 1450 2077 vmbgehen, gleich wm alle andern Sunden
514 2027 1444 2130 Welche Gott zum Todt vnd schwunt erkent
519 2081 1412 2203 auch das allgemime Interesse der er
516 2144 1433 2260 haltung fr suntschlichen geseltschatt
527 2215 1388 2328 eis erfonderet, alß auch ubummußig
517 2273 1452 2393 hurnys und ehnbeuch am nben gestraffen
513 2364 1388 2507 Wann dann die vorsahnnde Thernn
498 2456 1407 2587 Heane Longhe Marillir gebürtig zu
520 2530 1395 2646 roissette by Carsamun, sonst mit dem
509 2593 1395 2706 Aingenammen la Mandl genant alß
505 2661 1413 2783 munschwähre Nißathätarin, Holles deß
486 2728 1430 2851 Burri vnd frur selbsten auß antrink
485 2784 1449 2889 daß lidigen lauffelis ander sich so weit
517 2861 1398 2982 vergeßen, daß sy hin und har irnn
514 2914 1408 3032 umb, denn sy sauber rein und heiligen
506 2982 1444 3100 halle bewahren sollen, schandtlich zur in¬
494 3047 1433 3169 Zucht Burng, vnd Ehubruch prosumiert
524 3117 1451 3231 und dargegeben volgents nachdem sy die
494 3183 1427 3293 Mars wrur Nißetharn erfült, durch be
506 3238 1467 3359 sonderrn Bursechung Bottenb einer allhinsigen
484 3296 1437 3410 Jochem Oberken in die hand gefallen, also
502 3366 1398 3468 habend dieselbe frer hoch oberkeitlichen
514 3432 1404 3553 und richterlichen pflicht nach über disen
2620 539 2733 652 158
1741 592 2734 744 ellende Weibupersohn Trns Serbruchens
1761 694 2684 811 und Misathate halber durch meinen
1749 759 2723 876 Hochgeuhiten Herrin Sammal Frischung alß
1759 824 2671 940 geordneten Herri Examinatorin mit in
1755 892 2730 1012 bysein herren großweibel Stingers unfore
1749 951 2786 1087 darlicher maßen examinierin laßen, welche
1731 1008 2701 1122 dann mit- und ohne Marter bekunt, auch
1736 1086 2680 1213 zu nehrmahlin beställiget hatt, daß sy
1738 1146 2760 1267 so wol in- alß ußert dem land mit dme
1757 1214 2695 1353 underschidenlichen ferßhein in Ehubruch,
1742 1269 2718 1404 und mit Eilff andern im Burng ander
1739 1336 2771 1467 sich geegeßen und flüischlichen besndlet habe,
1752 1450 1803 1510 7
1740 1490 2666 1617 Ober welche begangeen so große sund
1759 1551 2698 1667 und Caster Meninghl und Oberi deß
1740 1625 2731 1742 großen rahns zu abschaff- und brachung
1750 1672 2732 1797 eines solchen sindtlichen und ergünlichen
1737 1748 2700 1878 gefeßens ien gerechte getheil habend
1737 1823 2738 1944 ergehen laßen und by dem eyd zu recht
1744 1890 2687 2010 erkent und gesprochen, daß sy deanne
1729 1972 2631 2080 Conyse Marillir neben uugfahlung
1742 2043 2729 2121 frur Selin Gott dem Hurri, Wulcher
1741 2100 2684 2205 wra vmb deß Chenenn surduss Iusn
1738 2158 2711 2271 Christi willen allesen Sundan und Miße
1738 2236 2745 2356 thaten gnädigklich verzzeichen wolle, den
1735 2299 2694 2414 Scharcf.Sachter ubergeben werden solle
1751 2360 2726 2468 er sy dann ober itß uff die gewohnee
1736 2437 2721 2532 Richstatt fuhren Ina daselbsten mit dem
1732 2488 2714 2614 schwänt das taurst abschlagen und also nach
1733 2561 2719 2678 Disems lob ständts Bern Frayhmnin kam
1751 2628 2731 2724 nbin zum 2odt hinrichten, vnd Golgentos
2402 2708 2565 2762 begaben
1723 2705 2762 2814 dem Cordar gewohnten als karlochen solle.
1865 2765 2739 2895 vor sast und Rurger den 10. aprili
1727 2787 1830 2874 cte
2465 2846 2625 2943 1686.
1932 2921 2072 3010 den.
1897 2977 2683 3082 Nidinette duenat ihoe Corenteu
1735 3088 2758 3219 so wegen eines vor etlichen jahren mit kag
1727 3160 2729 3297 desel und dißmahlin wit einem sohag auß
1757 3232 2714 3328 guag begangen fahlens deß landtib
1730 3309 2718 3425 Banwisen morg. Acte 23. martii 1686
