3024 4032
380 2969 442 3046 2
382 3038 444 3126 3.
368 3183 446 3265 4.
391 545 505 639 244
595 622 1574 780 semme nach nchn gleich selbigte nachmitt
606 716 1573 843 nit zu thun herren alt Gubernatoren
604 778 1575 907 ghender her damid kerber herg
611 836 1563 961 gleitsherrn von Wert und herren sammel
611 908 1558 1005 Aillier sich widerumb gnauf in
593 961 1565 1111 die gefangenschafft begeben, ohngracht
603 1044 1558 1171 alles vilfaltigen ernstlichen zusprechen
590 1103 1558 1226 aber keine bekartnuß erhalten mogen
789 1172 931 1214 a
588 1166 1561 1279 biß er begeits under des thurr ware
587 1239 1544 1346 zu der marter gefehrt zu werden
556 1291 1570 1431 Da bekante er daß er disere 300
581 1361 1555 1482 zuch und zwar alleine ohne hilß noch
571 1429 1551 1560 zu thun einichen mentschens gestohlen,
593 1483 1548 1605 und uf seiten der straß von der laden
575 1553 1534 1638 wand einen laden gereckt und daß
580 1614 1522 1741 tuch under zweyen mohlen nachts
581 1674 1538 1811 umb 10 uhren durch daß lach Heraus
569 1749 1557 1876 gezogen und in den wald un der lingli
564 1796 1521 1922 seiten nechst underhalb zurgdorff
555 1877 1518 1983 geleg getragn, verborgtn und nach
559 1922 1514 2051 und nach bekanter maßen debitiert,
563 1992 1527 2119 Vie aber dise bekantnuß inhhn ex
554 2053 1544 2164 nit wahrscheinlich zu sein bedinckte
550 2115 1542 2234 sondern wüßen wolte wer seine gespan
526 2189 1537 2298 seyen die ihme hierzu geholffen und da
538 2245 1526 2362 ihne zu disem diebstahl veranlaßet
528 2308 1522 2426 ward derselbe entlich an die Marter
532 2361 819 2472 geschlagen,
976 2385 1469 2490 Da er bestendig
538 2427 1521 2558 erhielte, daß er das such uf obige weis
527 2478 1532 2630 alleine gestohlen, damit er etwas gelts
529 2552 1531 2681 vermitlest deßelben bekommen und mit
517 2625 1535 2737 seinen gespanen zu Meinlißwyll vererrd
511 2675 1522 2801 fillen könte, als woran er sich beliebt
517 2746 1503 2854 und deßwegen auch bereits hienar
511 2807 1462 2949 und zwar zu erst gestohlen habe
499 2885 1410 3035 seinem vatter 3 maß arbst.
508 2967 1144 3081 zwo Burderen Lischen
508 3033 1298 3152 seiner muller mutt kornen
522 3102 1504 3208 so er verkaufft vnd mit dem gelt gestilt
470 3164 1501 3305 habe er gestohlen eine möschene stockehr
477 3250 1528 3381 dem wihrt zu Mumlißwyll so er aber
493 3302 954 3420 wider geben habe,
1766 653 1818 758 5
1776 750 1822 830 6.
1788 849 1830 926 1
1775 930 1819 1014 8.
2796 526 2914 608 245
1866 612 2882 777 ein fäderbeth dem wihrt zu Oberzzuchsi
1866 709 2893 851 zu arwang im wihrtshauß eine gestolen
1876 779 2841 943 daß Bareits hievor bekante pferd.
1863 895 2742 1012 und entlich disere 300 ellen auch.
1830 965 2902 1062 Als er verners nichts bekennen wolte ward
1831 1018 2895 1143 er zum zweyten mahl lahr ufgezogen.
1824 1100 2844 1218 Da bekente verners daß er vor
1843 1171 2905 1292 ohngefahr 4 jahren im inneren wihrts
1823 1230 2862 1363 Hanß zu Signonw mit des schmiters
1830 1287 2888 1423 von Münsing tochter ohnweßend wer
1809 1365 2864 1486 sy ware sich mit ehebruch bepleckt
1804 1478 2880 1625 daß er vor 3 jahren nach demme er mit
1690 1542 1756 1603 10
1814 1571 2843 1667 seinem eltweib weg eine Apt die er
1840 1626 2838 1734 vermeinte ihme verborg zu haben
1813 1686 2790 1795 des vnemen worden und deßdege
1822 1753 2883 1870 vndts solchen streich mit der fans geben
1809 1821 2870 1943 daß sy keine lebenszeichen mehr mercken
1800 1870 2858 2012 laßen uß bysorg solches bekent werden.
1807 1946 2863 2078 mochte, sy mit den handen erwegt
1690 2072 1734 2152 11
1814 2049 2855 2177 da habe er auch seinen eigenen leiblich
1844 2124 2860 2247 aller vor 15 jahren in der knöuw.
1562 2151 1909 2247 da er geschwendtet
1826 2195 2857 2288 und mit einem tein solcher gstalten
1804 2255 2830 2371 gegen daß rechte Ohe geschlagen, daß
1811 2327 2821 2438 er dauon todt zue erden gefallen
1823 2398 2815 2501 vnd seye solches uß keiner anderen
1808 2463 2863 2542 Vrsach geschechen, als damit er teb könen
1805 2523 2812 2664 s seye ihme diß alles hertzlich wid
1807 2606 2858 2728 atte derohalben goll undren sohn
1801 2679 2696 2793 oberkeit umb verzeichung
1805 2744 2416 2863 eine milte Vrtheil
1792 2924 2812 3061 Diser Ulli Buman hat sich in der
1799 3005 2811 3110 gefangenschafft, nachts den 27. septb
1790 3069 2783 3187 1689. vermitlest seines hembds
1804 3129 2831 3246 und zonggens an der by sich habend
1784 3192 2809 3310 höltzernen gelten selbsten erwuegt
1784 3267 2817 3364 Ist deßweg vnder den galgen geschleppet
1761 3308 2795 3441 und verlaget worden Den 28. sept 1689
