3024 4032
354 2056 573 2181 gder Paul
466 477 515 562 36
656 500 1260 672 wer sein vatter seye.
698 617 1561 744 der seye lengstens todt, Er aber
607 647 702 767 2.
707 689 1574 804 seye in einem dorß zweschen Ulm
708 756 1589 901 und Augspurg namens sommerhause
693 817 1187 934 vferzogen worde.
678 932 1574 1044 weillen nun ebenmeßig ein mehrers
720 993 1549 1104 nit uß ihme zu bringen. Ist er
707 1066 1589 1192 auch hinauf zu der strecken gesehet,
711 1127 1589 1246 in den stuhl gesetzt und widerumb
707 1207 1585 1302 der namen der schreiberen und sigser
693 1272 1590 1379 der scheinen und buchlenen befragtn
690 1345 1588 1470 worden, bezeugeste aber nochmahl
722 1415 1573 1505 das se niichts weße, als was er
716 1467 1585 1583 bereits ußgesagt, wolte auch nit
695 1539 1585 1657 gestochen erniche weßenschafft oder
696 1614 1566 1733 erkantnuß gehabt zu haben, daß
690 1706 1579 1807 dise sachen faltsch seyend, weßwegen
686 1757 1573 1866 der frem widerumb herauf ge
698 1831 1527 1933 fehrt und sy by der marter
714 1885 1561 1995 confrortiert worden, da der ferm
711 1958 1554 2070 endlich nachgeben mit der ent
695 2032 1549 2138 schuldigung, daß er vermeint
713 2090 1561 2196 Es habetes wol verstanden ds
689 2140 1576 2267 der Paur gesagt, daß er das alles
685 2219 1179 2330 selbsten gemacht
583 2325 1537 2440 wie nun disers zweyte examen und
608 2400 1554 2510 was verhandlet ihr gn mündtlichen
614 2461 1564 2569 vortragen worden Habend ihr gnt
599 2524 1551 2637 gut funden an die statt sostanz und
618 2591 1466 2703 Alm und an die Regierung des
611 2658 1537 2762 scheinthals und des Thergouws zu
618 2728 1527 2833 schreiben und diser beiden verhaffte,
618 2798 1578 2909 ußagen zu berichten, ihnen dero mithafft
604 2853 1559 2979 zu depingieren und dero bescheid zur
600 2927 1551 3044 nachricht zu erwarten, weillen
600 2993 1537 3106 aber biß dato nichts andtrs alß
594 3071 1551 3180 daß ein stall Constantz f gn schreiben
600 3135 1549 3252 empfang und den sachen nach freschen
591 3200 1551 3316 laßen werdent, einkomen habend
585 3257 1574 3377 ihr gn den 8.ten aprilis nchrr alt zauw.
592 3333 1491 3435 herren zerset und herr stattschreiber
569 3387 1531 3489 Groß nochmahlen anbefohlen an dise
603 3456 1561 3545 zwen gsellen ernstlich und mit nocht
598 3512 1417 3599 wendiger marter zu setzen
2790 504 2871 600 237
1833 567 2833 714 Demme zu volg inheren mit zu thun herren
1866 636 2845 741 alt gubernatoren sachender und herre
1885 698 2856 810 Registratoren Kilchberger sich den 11. dise
1873 752 2839 879 morgens umb 9 uhren nochmahlen in
1872 814 2873 939 die gefangenschafft begeben und die beiden
1891 861 2823 1000 verhafften benorderst zwar in gute
1873 916 2827 1065 jedoch gar ernstlichen ermohnt ihr hertz
1880 992 2879 1118 zu raumen, gott die ehre zu geben, die
1886 1019 2904 1187 warheit zu sagen und die hoche oberkeit
1873 1112 2833 1247 mit ihren umbschweißteren nit lenger
1896 1204 2170 1317 vf Zūhalten
1891 1234 2910 1378 willen nichts anders als was vorgemeb
1900 1307 2892 1444 vß ihnen zu bringen, als sind dieselben
1877 1373 2874 1492 an die marter geschlagen, vnd Jeder
1884 1422 2880 1551 ein mahl lähr, das andere mahl mit
1866 1487 2868 1594 Dem 25 lb und des 3. mahl mit
2121 1570 2211 1623 ge.
1873 1553 2904 1684 mehrerer seinen vfgezogen vnd sondern
1882 1645 2453 1752 lichen befragt worden.
1867 1686 2858 1791 Ob sy nit mit denen vmherstreichenden
1867 1753 2882 1875 faltschen muntzeren interessiert und bei
2196 1818 2880 1940 Item wer die scheinen
1878 1840 2183 1922 kant seyend.
1882 1882 2868 2001 und büehli geschriben. Wer die sigel
1870 1951 2853 2070 gemacht oder herzegeben und wie
1877 2019 2892 2105 der einte und andere ihrer cameradem
1871 2084 2835 2195 eigenstlich heiße So ware demmon
1865 2129 2877 2239 anders nichts als was vorgemelt uß
1874 2209 2857 2306 ihnen zu bringen und woltend von
1882 2265 2878 2387 krinen faltschen muntzeren nichts wüßen.
1866 2351 2850 2490 vnd ohngeacht dem PaulGlaßer
1880 2436 2838 2548 vilfaltig vorgestelt worden, daß es
1877 2508 2860 2619 vngloublich seye, daß es ihme vnbe¬
1869 2580 2826 2680 kant, daß dise schemnen und brecht
1871 2636 2778 2754 faltsch seyen, so ist er dennoch vf
1886 2701 2845 2814 seiner ußsag beharret, das es ihme
1888 2772 2768 2876 vnbewußt gewesen, vnd das er
1884 2837 2733 2942 alles fur warhafft gehalten etc.
