3024 4032
457 717 569 804 271
617 769 1528 911 zu Louperswyll uß einem keller
657 867 1541 1008 by zwo maßn gesoltenem Ancken
626 961 1511 1095 zu vilbringen uß einem speicher by
1217 1054 1570 1187 g maßen kon.
655 1101 1576 1249 under zwey mahlen in der kalchens
669 1194 1552 1339 habend sy erwetscht 5 käßen
640 1300 1549 1479 dem Stamseyer habind sy uß dem
665 1391 1589 1561 Speicser bahren an getreid by 10 magen
640 1466 1545 1616 danne habende sy mit zu thun der
642 1555 1552 1677 Hanß Ladersaus genant Sur bub
656 1635 1560 1760 uß der muhl zu Obergoldbach gestohen
643 1684 1562 1834 ein künfer beßin und daraus erlößen
1267 1779 1415 1873 45
614 1812 1539 1992 zu Grünenmant ein wenig hieß
643 1928 1560 2096 Obenhalb gammeten by4 masen or
622 2043 1559 2192 dn baumen by 9. mas haber
622 2126 1564 2289 danne noch ein andermahl deselbsten by und
583 2246 1525 2395 vbriger pnneten deren der Gaßer
602 2314 1514 2441 ihne nit beschwort, wolte er nit
590 2397 808 2486 gestechen
1080 2411 1544 2516 gabe aber verners
582 2466 1528 2576 an volgende pmneken, die er begangen,
568 2526 1536 2640 deren der gaßer hier nit beschuldiget
560 2589 1527 2720 hatte, als daß sy beide haßeren
586 2668 1515 2782 Eggenman uf dem Biglenberg einen
577 2746 991 2852 Imp gestohlen,
538 2831 1462 2961 Danne habind sy beid dem Christen
543 2891 1524 3041 Kilchofer im wuhl uß dem specher
564 2959 1049 3072 bahren habend by
1248 2989 1534 3080 12 m�ßbor
543 3032 1503 3182 und zu Haßli uß einer wäbstubt,
556 3122 1423 3256 by 25 oder 130 ellen erstig tuch.
224 3213 1516 3364 Christen oberl über diß gabe er an daß Christen Oberli
531 3329 1520 3444 und Ull Ellenberger beid von Ruders
231 3350 1516 3508 alle ellebeg wyll und er eggeuman im Kelpberg
529 3451 1530 3602 uß einem speicher genommen by 6 n korn
