3024 4032
393 522 498 635 195
616 583 1438 731 ußsy Garchet D leyenn
629 692 1486 809 neben eizsichtung irer seulen goll
604 742 1512 877 dem Terren, Gelcter Ina umb deß then
630 812 1490 910 ein Bendunss Jehn Christi willen, alle
627 882 1473 1002 vn sunden und Mißethaten gnädig.
632 941 1455 1074 lich verzeichen wölle dem schapf
630 1017 1483 1131 richter übergeben werden solle, darsy
627 1072 1506 1195 oben auß des gewohnte geichtstall führen
615 1147 1542 1274 dra daselbsten mit dem schwart das danz
629 1205 1503 1344 abschlagen, hernach der orpus samt dem
606 1273 1492 1387 Hans ußf die scheiterbuigen geworsfen
623 1343 1489 1469 und zu Aschen verbrant, und also nach
608 1395 1515 1536 dise fob standts hern ruzheiten
630 1472 1531 1590 vom lbin zum Todt hingerihent werden
632 1535 1406 1675 solle. acte 14 docbris 1680
753 1745 1346 1883 hierre dionnet von
849 1877 1153 1961 Aurbonne.
611 1932 1485 2077 Welcher din Susanne Cosset darmog
620 2036 1443 2163 ergangener urtheil nit hatt zu
785 2113 844 2164 g
612 2104 1485 2210 tachen führen und für das seie an¬
610 2164 1509 2298 nummen wollen, Ist so lang daß tandts
607 2243 1499 2360 eydtlich verwisen worden, buß er der chor
609 2317 1463 2443 gnichtlichen getheil statt gethan haben
608 2389 1509 2510 wirt, also erkent den 13. und exequiert
598 2453 1032 2569 den 22. novembris 1686.
694 2641 1358 2779 Salome Schneider
868 2735 1107 2842 von amb.
592 2821 1458 2979 Ist wegen allerley außgegoßnneg
608 2923 1485 3035 grausamen schänd- und schmachworten
596 2998 1508 3131 gegen mänigklichen und deßhalb die
584 3074 1483 3179 Hemmind deß zetors halb ohnsicher
589 3142 1510 3249 gemach, uff gnad hin mit einem suna
565 3210 1579 3325 Ims Schallenwarck erkent worden den 16. ovi.
1328 3292 1457 3363 1686.
2775 395 2901 511 196
2040 508 2799 705 Samnel Harsperger
1869 629 2908 828 so von vorgangener mordbeonnerng
1886 681 2911 912 gewußt selbige aberit verschwigen und
1881 767 2936 951 nit entdenkt habend jr h zwey mo
1889 826 2891 1047 nat lang uns Schallentonank erkent
1865 976 2367 1110 Den 20. novembriss 1688
2070 1108 2502 1354 R. Runtz.
1882 1291 2955 1463 Welcher auß den Salzwonrnken zu Roede
1883 1399 2879 1549 außgerißten. Ist in das Schallenwerer
1872 1468 2849 1603 erkent worden den 27. novembris 1686
2020 1610 2659 1764 Dariel Schneider
2095 1729 2522 1854 von Zoffingen
1873 1822 2886 1971 Ist wegen begangenne zleger ehe
1888 1910 2900 2042 bruchen Crafft gesatzens von Statt vnd
1893 1975 2912 2114 land zuterwinsen de 29. obrs arkent
2111 2059 2938 2174 dbris 1686 cocquiert worden.
1888 2073 2032 2183 und den
2049 2100 2109 2159 1
2128 2213 2514 2355 Creyettzli.
2173 2288 2881 2430 goltzenen Dosamnisten
2198 2385 2845 2488 Eillman Bolzen ztng
2195 2454 2360 2537 eitz
1877 2521 2942 2668 welche gegen herr sandand nune dieb
1902 2619 2933 2744 bahl einer quantitet indienne begangen.
1898 2683 2915 2812 und sich darmit alle dingen interessiert
1885 2762 2897 2896 gemacht, ist das Brugnezei alß das
1889 2830 2855 2958 mägste durch mins profosun Fr
1879 2892 2851 3033 in der Kefi mit ruchten zufallen, die
1897 2958 2869 3104 anderm aber allwegen eine nach der
1889 3029 2884 3169 anderen ein sund lang getrullet zu
1897 3104 2869 3243 werden, elnnt woden den 4. jan 1687
