3024 4032
296 572 419 661 173.
416 1791 512 1876 Ins
631 666 1332 816 aieet Meyerin
473 916 1372 1037 sach dem Margrett Meyerin bun
526 997 1357 1123 gerin allhins sotoal tangen von 22
522 1065 1410 1204 jahren alters so wol wegen sinnmb ge¬
522 1138 1434 1267 fehrten inruchtigen vnd vezigen nbens
519 1212 1453 1329 als seine ibischen zugreiffens berits
531 1270 1449 1408 sunds mit gefangenschaffen und schelle
513 1339 1434 1473 snnek gezecheiget und abgestrafft wan
511 1404 1398 1513 entlichen anderem 22 maii letschin an
518 1480 1395 1609 Jacs halbißen geselt und hernach mit
514 1542 1410 1675 mit deneyde von statt und land ver¬
519 1621 1393 1753 wisen worden, anstatt nun dise von zuit
497 1685 1414 1793 zu zeit an imb angewonnte zuchtigungn
542 1761 1356 1866 sllind sollen fer beßerung simms
507 1822 1359 1944 handelis und wandelis ferleiten
520 1895 1350 2008 by num übel erger worden und hall
513 1966 1330 2066 Ich durch sen sohngehammen gelus
887 2025 960 2068 1
517 2033 1362 2146 und beginrden ganzlichen hinschleyzin
509 2101 1354 2205 laßen, Maren es im vergangen,
496 2158 1371 2265 augusts in übersechung daß nun
505 2228 1365 2343 gebundnum lande verweiung eydts
506 2305 1392 2420 auß uumb seinen daruwigen gewißens
495 2366 1419 2471 sich by der abarkeit zu Morne angemel
504 2427 1351 2555 get und andres Coge von Morhen zu
498 2486 1413 2620 einem vatter daß hinvor im sittahl all
494 2567 1419 2682 hier inderkommen andts angegeben
502 2639 1404 2756 über deßen einefangnung bericht Mag
478 2705 1429 2824 die rähe guttbefunden, selbige zu verne
506 2781 1389 2896 vus inamination gewahrsamlich allhar
895 2848 1431 2963 Nacdem allegenn
503 2858 879 2969 gringen zulasen
487 2891 1398 3034 by 9 louchen in hönsiger chorgüchangen
499 2980 1441 3123 gefangenschafft enthalten und under der
487 3061 1393 3175 dach die zerren deß Thörgrichus wam
507 3120 1446 3237 elt, Ist selbige endtlich über angehorten
497 3189 1428 3315 tharchruhtlichen vortag in die obern ge
483 3264 1371 3373 fangenschatt erkent, und zu einem
498 3325 1384 3442 faaminatorin myer sahubg Muiler
1646 2923 1702 3064 2.
2621 365 2728 448 174
1667 465 2722 745 verordnet worden, welcher dann zuvolg
1701 554 2694 851 ite balt in ge e 6
1667 631 2709 882 weibel seigers in bysemn etlicher mhge
1666 711 2739 956 der sturgeren selbige wegen underschiden
1697 761 2743 1056 achen ehebruchen und zurereynn, an sy hie
1691 835 2772 1109 der berag hemange end
1695 921 2756 1163 und mit Betrewung der Marter exami¬
1699 1013 2789 1257 edert, welche dann den 5. novembris mit thin nach
1699 1067 2785 1307 geweglichem gusprechen, Hiemanden unracht
1670 1123 2782 1397 züthen, sondern gm warhnit minchem ment
1681 1209 2750 1466 ihne sonder zu umb noch zu under mihr und
1707 1296 2774 1506 auter zubekennen, vogende vargihs und
1897 1402 1931 1437 1
1696 1356 2804 1566 bekantums gethann, sich under in derzecht
1700 1451 2790 1645 und Hurerin- und ehebruch bentrabt zusa
1697 1621 1809 1730 ben.
1691 1704 2766 1835 Mit d Subalian von Dintbach zu zmahnn
1688 1803 2764 1930 dasb so vor ztegen jahren im schloß samp.
1699 1861 2785 1988 vent alsobald nach der kerißzeit, zu dumn
1690 1928 2767 2072 gsich verleger umb byeine wegen einen
1702 1992 2780 2124 erlich fer ja die ehe verprochen und aber
1706 2056 2798 2180 nit halten wollen, rahne zuueholen, daselbstn
1708 2127 2731 2249 zme zu Morgengun vnd mit zun den
2038 2216 2706 2309 Dass E. mahl nyn aug
1707 2199 1998 2300 Raht dnrubt.
1713 2264 2769 2374 im schloß sampvent, alßo ins sich wider dahin
1710 2324 2736 2453 verrngt und mit nung d von dinßbach zu
1729 2391 2681 2511 solgen und zu abend gußen beschechen.
1732 2461 2764 2559 nd das 3. mahl allzur in Bern in sui
1716 2527 2773 2651 zuhauß in der hinderen stuben, alß er hinr
1722 2587 2788 2713 geinsen, mit einen anderen zuwolen, saon
1720 2667 2771 2781 ensein taar zu einer perruque ver¬
1920 2726 1958 2779 7
1723 2726 2734 2842 kauffen soms aber nit habe ihnn wöllen.
1718 2780 2796 2901 seyind alle denmahl in einem Jahr inmat
1696 2849 2465 2972 songen nonaten znaübt worden.
1740 2954 2349 3085 Nit hr obrib Ninlaus von
2358 2978 2801 3134 Brafnnrindt, Alß
1732 3044 2738 3176 es cnistlich vom zalßnißen komman mit dem
1726 3106 2762 3259 jüngt ferbannisierten tunffer nach sollo-
1725 3166 2759 3339 thunn wmnen, alda ime durch Herrin Suri
1739 3244 2773 3390 uud benelch herren schulthnißt Wagmans an deß
1726 3306 2762 3483 herren ambassadorin Hoff gehaltnn worden, sich
1732 3390 2830 3548 auch mit einem seiner hoofbedinnten gnrahn.
1729 3433 2822 3610 echet und zu jenigen hochzeit gehalten habe,
