3024 4032
259 444 348 523 103
546 537 1331 688 olget nun die jenigen
831 639 940 686 tut
581 647 1467 768 sachen, so in dem eingebundeng buc
598 701 1452 827 mit Pergammet in folio absghrittlichen
596 763 1436 883 sich befinden, volgend und eg
574 826 1383 952 lomon mun hinder zum gehabt
340 1000 392 1083 1.
455 961 1411 1117 din grundsuß der statt solothern und
451 1056 1147 1164 deren beschleibung. I. 1.
472 1129 1408 1262 Vatterlingischer abscheid wegen Hauff
336 1152 389 1236 2.
490 1208 1348 1330 zweschen Zürich, Bern und Hinff
490 1270 980 1370 de a 1682 f 3.
331 1367 398 1453 3.
482 1342 1464 1482 onsultum wegen sollothuen de 26. dembris
484 1421 777 1503 1632 f. 7.
341 1512 396 1613 4.
458 1485 1407 1623 Renolds bericht wegen zrnyburg. 1s
462 1590 1420 1700 onsunition zwüschen sieiburg und sol¬
329 1606 396 1680 5.
500 1652 838 1747 lothum s
321 1716 1315 1833 s. Observationes betreffend Rreiburg
1323 1719 1428 1848 f. 9.
440 1794 1380 1934 Annotationes wider Bruyburg. F. 13.
326 1832 405 1904 7.
333 1896 398 1978 8
465 1874 1451 2010 onsultam wegen der ring zu oltu s 1
449 1971 1363 2101 onsultum, Vin Zurich vnd Stern im
332 1988 391 2088 9.
449 2054 1386 2169 fahl der noht einanderen hilff leißen
429 2121 1144 2229 comund. de Ao 1623. f. 10.
310 2188 1315 2311 Wo Geschreibung der gelegenhii der
446 2271 1330 2390 Landischafft Zürich und raden f 22.
328 2342 1419 2474 1. Reschreibung Mellingen und Stremgarte
448 2431 584 2529 f. 25.
432 2501 1403 2643 Rndencken etlicher faßen und zunrziche
339 2544 412 2615 12.
428 2600 554 2679 fo 32
429 2629 1381 2759 Aum uff was form die loß zeichen mit
436 2711 1404 2827 zeior komind geben werden und das selbige
430 2784 1083 2907 zu verhindern mag f 34
430 2844 1411 2995 Alem von allen jahren über die vaßter s. 14
406 2955 1379 3107 Ob beschriben stuck sind nit von daß sab
414 3034 1410 3162 strerten mugd sondern von seinens brue
415 3105 1275 3234 darin deß Halbmrers hand geschröben.
408 3206 985 3334 Wol aber Nachfolgende.
262 3276 1406 3450 13 Advisde m mnoer pour la onserdation
420 3383 1368 3495 da stags de vand ontrele Que de sauog
410 3461 958 3571 et ses dessein s 39.
1808 444 2808 636 ouferenz zu Stan zwüschen Zürich und
1804 511 2877 700 Sen wegen Conservation der statt unff
1695 582 1771 676 14.
1808 625 2498 778 vom 27. martii o 1662 f 41.
1806 650 2881 878 Extract auß Wolff Hüderich Coschens seta
1691 804 1774 879 15.
1806 750 2788 967 von wegen der faßen, granzen und
1796 802 2877 1015 Hüßerin im Geltschland vom 16. apr 1629
1794 973 1930 1057 f. 43.
1793 945 2841 1116 Membire tonchantle Gasteau de Hlonay
1689 1066 1758 1137 16.
1798 1077 2257 1194 de ao 1656 f 44.
1691 1102 2818 1289 17. Aidres pourles advenues de veuari du
1804 1155 2867 1349 toste du Sahtean st. Henis de 28. jan 1656.
1762 1315 1920 1417 h 15
1777 1310 2817 1486 abscheid betreffend die abtheillung der
1679 1408 1779 1497 18.
1784 1377 2758 1536 jahrnem vläzen und wortzeichen zu
1769 1460 2620 1577 Ourten vom 2. feb 1611 f 47.
1779 1531 2851 1681 Consulration deß schloßins und der stall
1672 1617 1768 1705 19.
1766 1621 2617 1755 Ofertin den 15. ovebris 1685 f 49.
1691 1699 2794 1838 20. Anduncken deß Rodans und der Jara
1772 1796 2765 1915 bißan Genffer sen gelegen fäßen von
1749 1882 2373 1989 Valenin Fridirch 9 51.
1690 1934 2772 2068 21 ablmtand Beduncken deß Eigentos dar
1762 2024 2835 2133 lortificationin halber vom Comte de lasure
1768 2092 2689 2209 und mit verordnete darrn mit zulhun
1762 2160 2857 2283 Fridnrich Valenrins de ul aug 1629 j
1679 2249 1741 2349 32.
1757 2247 2843 2386 nings-ordnung wüs h land und luht
1762 2339 2778 2442 vor gehem vnd ohngewahrnet er überfahl
1736 2403 2741 2525 dero statt und schloßer besetzt warden
1752 2464 2502 2605 sollen, Vom Jan: 1561. f. 87.
1669 2570 1737 2639 23.
1769 2535 2777 2721 Anduncken Valenrin Heidnrichs den Päßen
1771 2640 2857 2772 und flätem halb gegen Burgund, homann
1767 2723 2872 2863 mestier und asfaren vom jun 1628 f 9
1666 2790 1759 2891 29.
1755 2779 2761 2955 Adus de m Jaques Ginsand ondant
1776 2870 2754 3019 es lignites et passages cun frontieres
1764 2920 2755 3105 de zourgongne de 8. jun 1683 f. 95.
1675 2995 1742 3094 25.
1790 3006 2757 3164 onfereme tenue entreles haillifs du
1785 3087 2814 3239 sagh somain an Cahtean de canhanne
1772 3150 2850 3310 tomdant les mogens et exsredienes pourla
1776 3203 2861 3389 defsenie dn pags de vand de 25. mart 1653
1807 3277 1900 3363 98.
