3024 4032
468 3186 565 3276 13.
479 594 590 714 N4.
544 1367 626 1434 NB.
502 1686 595 1778 12.
656 548 1555 678 berantzig, er 26 paar schu uß den
671 621 1580 752 zimmerleüthen kasten und anstat ein
689 695 1582 807 tuck leing tuch, drn stuck tuch und
669 757 1585 873 sechs strangen faden vß der fr Landvög
644 822 1567 923 Gatschettig laden gestohlen. bezeuget
660 877 1574 993 aber das er an desen 3. stucken tuch wie
659 950 1564 1060 auch dem fadts, Item hievorgemelten
651 1012 1555 1114 hauß und auch heiml tuch und faden
653 1066 1564 1191 keinen genoß und theil gehabt, sonder
1064 1135 1125 1195 nch
659 1140 1567 1257 das selbiges alles sin h gab. Ongspurger
659 1216 1498 1312 sall geleg zur zeit, als er in disen
649 1272 1364 1392 gefangenschafft gesetzt worden.
666 1349 1568 1475 alß solcher stall und ersucht worden könte
660 1432 1575 1531 man nichts finden, dem empfangnen
659 1483 1536 1594 bericht nach hab und die flüchtige
639 1551 1536 1661 Ispanen Bomngarter und Hofferh
653 1623 1578 1734 selbiges mit sich nach solothern genommen.
643 1682 1521 1801 zwolfftnns bekante er uf mhhen
605 1756 1479 1868 Lexaminatoren nochmahliges sehr
662 1834 1564 1937 ernstliches zusprechen und treuwung
649 1888 1514 1992 der marter, daß sy vorermelte
644 1951 1542 2053 drey gsellen mit hilß Hanß Hodels
644 2017 1509 2124 nhrrn gauwhl gersets gewesene
650 2075 1525 2175 haußman nit nur hievorgemeltes
647 2141 1564 2251 30 mäßige feßlin mit wein sonderen
641 2199 1531 2309 nach darneben zwey andere feßlin
636 2265 1570 2356 eines von 14 maßen und eins von W
641 2325 1541 2430 zugleich gefult das anzogener
623 2381 1512 2481 haußman einen krummen höltzerne
642 2457 1564 2554 wendieb darin gemacht, der benter
636 2508 1555 2618 v den faßen geöfnet vnd damit
632 2571 1545 2678 den wein anzogen und zue seinen
623 2630 1575 2751 ihrel daß feßli von 14 maßen genommen.
612 2718 1552 2858 Alß verners uß ihme nit zubringen
623 2815 1566 2913 und weder mehrere diebstahl noch
640 2878 1564 2978 corslices angeb wolte ward er
628 2930 1551 3042 gleichen tags nach oberkeitlichem
632 3009 1528 3102 befelch an die marter geschlagen
635 3065 1555 3162 und zum zweyten mahl bahr usgezogen
629 3119 1510 3223 An, welcher er bekente, daß sein
633 3187 1572 3288 erster diebstahl seye gewesen, ein maßes
622 3230 1515 3355 welches er zu Ohrtschwaben gestohlen
1735 664 1820 736 14
1748 829 1824 929 15.
1750 939 1848 1071 16.
2838 497 2904 558 212
1902 544 2877 707 der zweyte, einen nasenlumpen den
1916 592 2926 757 er seinem lehrmeister schneider handwerks
1902 739 2118 842 entwehnt
1895 760 2940 908 der 3e ein schneiderschärre, habe selbige
1920 869 2364 979 aber zahlen mußen
1928 904 2935 1052 viertens, etliche ellen ryband, seinen
1907 994 2737 1102 bruder der ein krämer seye
1897 1070 2892 1206 srepetierte im uberigen hienoran
1911 1133 2902 1257 zogene diebstähl, mit betheinrung
1899 1191 2878 1315 das er verners nichts gestohlen noch
1899 1286 2312 1396 stählen helfen.
1914 1334 2862 1453 und das erweder by noch mit gsin
1893 1413 2926 1505 als dem Abraham Meyer seine bronten
1920 1475 2925 1608 raßer gefohlen und verderbt worden,
1910 1533 2907 1659 neuor anzogene seine complices
1881 1600 2935 1741 habind ihme zwar dauon zu treicken
1894 1687 2919 1800 und vorgeben, das des Gubernator
1894 1761 2888 1858 Ongspurgers magd ihnen selbige gegeben
1888 1852 2892 1972 Ermelte seine gspanen habind auch
1912 1918 2907 2022 ei stuck grauwes tuch gehabt für
1904 1994 2904 2095 ohngefahr zwey Kleider, welches sy
1913 2056 2880 2168 hrem vorgeben nach verwicsene
1907 2124 2867 2231 martini maret uß einem losten
1890 2178 2182 2281 gestohlen
1919 2267 2934 2400 verners sagte er das seine complices
1906 2351 2841 2471 dem rothen Schleiher vß des 1.
1905 2418 2792 2510 von Wattenwyls Keller an der
1901 2485 2893 2606 Neüwenstatt etliche stuck Capanne
1898 2545 2796 2665 gestohlen, Er aber seye nit darby
1895 2616 2867 2731 gewesen, habe auch weder raht noch
1906 2696 2885 2787 that darzu gebn, sondern mir vf des
1900 2737 2898 2885 s zanwhe Gersets bühen gesechen.
1889 2885 1938 2953 den
1963 2892 2861 3029 17. martii ward er durch nichhl
1936 2956 2903 3073 Exammathoren und heinlicher Chorman
1919 3035 2895 3166 in gegenwart herre sehlts gersets heren
1909 3093 2908 3211 Castlan Husers und herren Aman Welladung
1908 3162 2925 3273 nochmahlen frund: vnd ernstlich exhor
1906 3214 2858 3350 fiert gott dem herren die ehr zugeben
