3024 4032
491 756 1423 881 in ire kinder nit beßer erzogen
484 819 1444 926 alß daß disere Tochter und Ten binde
480 887 1491 995 sohn dißmahlin in oberkintlichen banden
488 971 1482 1071 und wur Mißethat, wo nit theillhafft noch
473 1019 1491 1128 Weßenhafft gewesen etc.Abend wradhen
478 1080 1546 1201 obwolen sy zu mehrerer straff anwundung
473 1137 1537 1259 übergnngsame ursach hellen, an erkantuub
445 1202 1567 1323 dahin außgefelt, daß die mutter und tochter
461 1276 1555 1394 samt der tochter by ir habendens mentli alß
459 1347 1498 1457 am junntz gesind auß dem land geschaffet
460 1413 1526 1517 und uldig von In Kich. Statt und Land daloni¬
450 1476 1519 1579 un die töchter dann noch mit richten auß
449 1542 1538 1652 geschmeizt, die Muller und das Meitli aber
460 1607 1506 1724 mit wra uff der seiten. jedoch ohngeschmnizt
443 1672 1477 1785 außgeführt warden sollind, mit beduten
433 1741 1521 1870 daß fahls sy im land sich widerumb blinken
458 1804 1545 1931 laßen werdint, mann scherofer mit innnser¬
448 1882 1524 1996 fähren und die tochten zrem Kerdinung nach
421 1942 1530 2049 hinrichten wurde. Acre und crequierid 23.
1150 2017 1506 2134 poris 1684
679 2261 1263 2426 Ans Bemrind
694 2363 1237 2486 von Muskeberg.
405 2586 1525 2736 Uer herrn Großweibers unbringen
390 2684 1473 2805 daß diser siemund von armuhtswegen
402 2746 1482 2873 dem Vnter Kurtner ei Pfurdt entwen¬
430 2819 1441 2934 det, und daßelbe umb gelt verkauffen
427 2893 1502 3012 wollen, Welch Pfund aber der Gurtnnr li¬
417 2961 1485 3078 darumb erfragt und bekommen, habend er
403 3024 1513 3156 ad disen Rosomben zu miner abstraffung
388 3100 1535 3239 Anz Nonat lang ins Schallenwarrk erkent,
383 3188 974 3310 acre 10 septembris 1689
1697 2689 1773 2778 2
2818 606 2887 714 4.
1992 685 2520 838 Hans Gizer
2026 784 2579 912 und sein sohn ghristen
2078 854 2458 947 von Oberbalm.
1825 958 2929 1108 Wylen diser Murri durch einem hhorgricht
1849 1050 2900 1201 lichen sontrag und die darin enthaltnen
1844 1129 2845 1262 grund und ambstand der Zauber- und
1834 1191 2890 1336 Schwartz künßleren zimlich verdächtig be
1845 1266 2913 1398 fnden worden, alß habend ir ad sel
1837 1309 2886 1459 bigen  die obgen gefangenschaft erkent,
1845 1397 2925 1524 und mehln kider num zu emem exami
2439 1469 2545 1536 unck
1842 1449 2917 1587 natorin vrordem laßen, um und sinmen
1829 1519 2921 1648 knaben ernflichen und mit betrewung der
1832 1611 2887 1732 Marter über die in der horgrichtlichen
1825 1680 2930 1808 Relation mnthaltum Enueren zu enaminie,
1845 1734 2928 1873 rn, welchem auch statt beschechen, und ward
1828 1841 2096 1954 b befraght
1831 1906 2923 2061 Ob er nit mit leiden umbgegangen, alß
1842 2012 2478 2121 Imn Rliderlaud gewesen
1727 2089 2848 2243 K. Habe sich im Wirtenburger Landt zu
1841 2180 2896 2301 Lacherhaußen zwey jahr, auch so lang zu
2544 2244 2887 2347 Ie Caral von
1834 2249 2469 2353 berbachnen vggehalten.
2486 2263 2531 2319 a
1831 2308 2943 2435 onstattens Tanßman hinder dem gagten
1840 2385 2919 2497 Kammins Anthan, alß der auch der Enden
1836 2452 2929 2578 gewesen, wüße von seinem ihen und laßen
1828 2527 2488 2635 gnugsamme gugums zugeben.
1832 2637 2879 2804 Ob a den luchten oder dem Rinch, so mit
1825 2745 2932 2866 einer geweßen tanckheit geglagen worden
1801 2816 2854 2934 daß sy den mund eingnit lang nit haben
1834 2887 2793 3004 gntragen connen, nicht geholffen habe.
1737 2984 2914 3137 f einmahlis alß ein Pfurd dersch wollen ge
1823 3077 2933 3204 sonsen. habe er mit dem trant Goltins gnad
1808 3143 2926 3271 sonsten blutkraut genant zwar geholffen,
1822 3208 2892 3353 über damahlen, alß sy nit eßen konnen, sur
1835 3278 2844 3394 nemat e sonder mittel geben noch den
1815 3353 2875 3477 lühung die milch wider zugestelt zu haben,
1837 3423 2885 3543 ßert ninem geweßen pülfer mit Häristn
1832 3497 2915 3621 vnd Kiezsturzen omponiert, so gutt fur die
