3024 4032
347 474 447 564 137
529 540 1479 708 Angburg zu offermahlen in der Laugger
547 622 1456 743 aul zusammen kommind, darunder hr von
538 687 1459 799 Nottondin einer seze, die andermekmmn
549 740 773 843 mann nit.
773 740 1482 860 Ist also diß dass junige was
548 813 1463 938 aber solchen burich zuerforschen und zu
538 872 920 984 erfahren gewonsen.
475 1024 1427 1184 Ohngeacht nun meineghen die rägs l
518 1123 1430 1256 solch Biderbringen befunden, dzs dergleiche
542 1190 1447 1310 führende Ruden muhrentheils ohne grund
532 1259 1423 1378 und allen umbstanden nach er kung durch
512 1317 1460 1433 den gethann bekantnus sein herrn geraunt
526 1383 1420 1504 haben und mit wiiterss herfurzubungen
527 1444 1460 1551 em Warde, So habend dennoch die eabe
499 1515 1441 1622 zu bezegung zur söngfalt für die sicher
524 1573 1432 1684 meit deß vatterlandts noch nit nachlaßen
518 1641 1396 1743 sondern Rummchithl den Cramnatorin
524 1702 1432 1809 nochmahlen benahten wollen, mit abermalge
517 1758 1444 1857 examination und Truwendar Marter daauch
521 1814 1406 1941 verklicher anlügung daß 25 lbg. steins
517 1876 1372 2002 und veziechung biß vom Stöden gegen
491 1945 1430 2063 znn zu Continnielen ob er nit wurckliche
515 2006 1372 2114 Wars weiß und Born ab hiner sum
505 2073 1393 2189 wolle ortespondenz gugflogen oder ge¬
488 2132 1420 2251 secht habe und zu solchem und die achen zu
497 2201 1019 2289 samen verfaßet habe.
1093 2209 1368 2304 in dann in
460 2264 1381 2379 Bnbichrender volgleisung deßen den 16.
494 2341 1404 2445 enjich nach dem stätt zn hernurum bysein
485 2396 1362 2487 H. Gnat Ludwig Sturleris dißmalgen
497 2460 1361 2563 landtvogts zu Trachsulwaldt und herren ar
493 2527 1371 2632 Mamnels der ergangenn beuelch an
485 2585 1375 2702 dnn vollstrnnkt und zu erst gütllich was
463 2639 1366 2767 zubefragen gsin ist, unfragt und darby
475 2706 1338 2809 enn vorgehalten worden ob e nit de
493 2772 1373 2882 anderauw mit Breyburgerin sonderlich mit
482 2820 1358 2958 he von Mollondin in einer halßen undzu
485 2885 1353 2999 Bauen mit herren lidet von ihnen onferiers
476 2956 1356 3063 haben, ode hatt aber alung by seinem
484 3021 1379 3143 gelanßen und by anruffung gollens bezeg
474 3086 1344 3198 a sein sebtag mir nit nimahl zu can
1298 3131 1383 3203 188
472 3136 1329 3235 gsin seyn, auch den h. von mollondin und
464 3198 1362 3304 her lidet im thurn nit aum und imfahlen
472 3264 1353 3388 a mit hrren lidel im Tham zu Styden ge
484 3324 1354 3448 vndt haben mochte, so seyn es ohntoushund ge¬
1668 2466 1720 2578 2.
1679 3031 1726 3138 3
1691 2056 1735 2136 1.
2735 413 2856 524 138
1805 523 2785 745 hhachen, genn Er denselben gar nit kenne
1788 613 2812 820 Eb werde aber 1 Rudolff von Sonstellin,
1811 688 2828 872 alß der darumahlen auch zu Staden und
1811 731 2847 931 inderzzeit by ium gsin seyn den bußen be¬
1809 815 2814 1005 richt zugeben wüßen, mit welchem lichten
1795 883 2836 1085 et gerudt habe, dann selbige segind zum
1810 1010 2279 1146 inbekant gewesen.
1791 1076 2855 1252 ihngnacht nin an allseitigem lutzigen und
1799 1152 2776 1338 geweglichem zusprechen nüt ermanglet
1800 1229 2858 1368 noch an betruto- und applicierung der mar
1788 1277 2832 1427 ter, so weit der beuelch außgewisen etwas
2215 1345 2833 1476 So Ist a dannoch by
1795 1388 2215 1495 underlaßen worden.
1789 1419 2803 1556 seiner hinnorigen ußag verbliben und sol
1789 1483 2783 1633 gender nochmaliger bekantnens mit fill
1795 1553 2825 1678 mann wolle iun doch umb dese Christi Wille
1782 1621 2814 1756 glauben, das er gar nüt anders wüße und
1794 1693 2866 1803 octe znn trutom, Mann er nin mahrers lonste
1789 1751 2804 1879 solches zu bezügung seiner letsten auwo
1787 1829 2773 1947 gegen der oberkeit und dem Vallerland
1786 1894 2331 2013 anzuzingen, harb liben
2336 1897 2680 1989 Namlichen
1763 2004 2764 2122 daß e sonder mit keinischen noch Geri
1774 2100 2833 2207 den geringte ommunication oder cortespondon
1780 2149 2808 2263 sonder schrifft-noch mundtlich gar in gehabt
1781 2221 2801 2332 noch einicher maßen gesacht, oder zum dar¬
1765 2279 2796 2402 zu sonder mit verheißungen noch andarem
1781 2357 2419 2467 eyn anlaß gegeben Vorden.
1748 2447 2811 2584 daß er iune schritten mehr hinder zum habe
1783 2529 2763 2634 noch wüße, eßtert, so er erst sidmhar sich er
1780 2593 2775 2706 juneret, habe eh thorman Fißmaligen
1768 2653 2773 2764 ubernatori ze allen einen gsaz wegen
2465 2715 2585 2761 an
1763 2714 2761 2817 der vegleten armaiur ins Rialb is sind
1768 2774 2755 2893 begehren, umb ein ebschrifft darvon zumachen
1771 2829 2822 2962 eingehändiget, so er aber noch nit wider zumck
1776 2925 1926 3009 zngeben.
1771 2988 2814 3143 daß e nun einen schlesel auß obbemelten
1768 3109 2760 3215 anlaß zum dungsgewolb habe mochen
1777 3159 2803 3262 laßen, deßen sich aber erst seit 4 oder 5 no
1777 3209 2741 3319 naten daher bedinnt und gamitlest deßen
1781 3280 2778 3388 underschredenliche schriffen darans gunomen
1772 3347 2810 3453 theilss abgeschreiben, Theils hinder iu behalten
1763 3408 2796 3521 Win mann solches befunden, allein zu kninen
