3024 4032
282 558 394 654 183.
374 1432 475 1544 56.
364 1664 469 1767 87.
369 2035 461 2112 58.
363 2189 469 2293 59.
384 2401 463 2483 6.
396 2465 457 2533 1.
445 571 1423 734 Ao Dd 9. dilo selbiges dunh m e
524 666 1427 795 minatorus mit güthen er gno weibel
493 734 1402 862 Reigers in gegenwart sr unthan von
508 814 1395 939 Raafmnrindtu Mer. H: Aman Willa¬
515 893 1402 1013 Rings und anderer Mhhl der Stulgere
518 953 1423 1058 mehr weiters examiniert, frunde und
508 1019 1443 1153 nenflich zugesprochen, auch beomls mit dem
501 1090 1428 1208 seyl angebunden worden, hatt selbiges
513 1156 1400 1280 in bestalligung hinuoriger vergicht in
519 1227 1414 1350 fernerem bekent, sich vergeßen zu
521 1321 655 1420 haben.
502 1405 1422 1543 Mit einem kauffman von Straß burg vo
525 1490 1391 1598 Hannms genant 1oc 12 jahrus aiß ins
526 1549 1356 1672 mit zo laverdare in sapen gangen
526 1623 1421 1757 Mit dem Struchschmiider und Schreyervon
494 1711 1417 1833 Straßburg srand genant, so auch etliche
523 1774 1372 1886 mahl an Maritun zur geonsen vor3
517 1840 1401 1954 jahren zu Lneuen, alß ins by hrren schult
515 1905 1166 2050 heisin Pfeifferin gedmmnt.
508 2002 1425 2125 mit einem Janosman vhon Binsach jcan
519 2077 1325 2203 piere genant, Ußerthalb Basell
513 2175 1421 2292 mit einem anderen Haupmman von Stie
511 2243 1389 2357 sach, Camnins Böllipp auch Istenthalb
506 2311 664 2400 Bosell.
484 2371 1383 2501 mit zweyen von Costanz vergangnung
516 2458 925 2571 Sommer zu Zürich.
477 2565 1386 2708 Den 10. dito ist mit dem icamine
497 2665 1401 2795 gugen zun in besui h Registratori
500 2732 1374 2866 lachburgueb herr anthani von Grarm
518 2809 1413 2918 mindes und anderer Mze der Giage
515 2876 1395 2989 ein widerumb fortgefahren worden,
504 2949 1365 3070 und bekente selbigens nach weiteris.
473 3043 1372 3174 aßlichen, alß ins mit den zwillingen
479 3131 1431 3244 von daß herr ambassadorin sohn schwanger
503 3205 1417 3311 gangen und wegen solcher seiner schand
511 3263 1403 3383 nit geweßen wass zethen, habe is sich
515 3339 1441 3455 endtlichen über die schuzensallen gegen
2628 452 2765 554 184
1708 595 2721 761 deß Kenckers Matleli zu begeben und
1724 665 2755 830 sich daselbst in das graß gelügt, seyn ei
1718 706 2762 894 zerr mit einem veise grauwen klind zu
1737 799 2739 963 zum Conan fragend, wass ins da mache
1720 854 2812 1036 Wie ins heiße Bars zun mangle etc sollnns
1739 920 2730 1093 zursagen, wolle zunschon helffen und
1737 985 2809 1172 gelt geben, so vill es wolle, sehn wol, das ers
1743 1074 2793 1232 zu armiht seyeetc. Darauff er uns ge¬
1744 1111 2824 1330 heißen warten, volle in minna halben sund
1740 1216 2782 1386 widerkommen und ime gelt gnug bringen
1738 1244 2808 1437 alß er aber allzugeschwind mit minenhutt
1761 1347 2795 1497 Voll netder Taller laider angelanget und
1748 1423 2802 1588 end darby wahrgenommen, daß er dißmahlen
1746 1482 2799 1662 gesislet, und zum selbige annpotten, mit
1754 1587 2736 1729 zernerem vursprechen, wann nit muhr
1755 1651 2784 1778 mangte, wolle er zme selbigens schon gur¬
1732 1725 2809 1867 schaffen, Habe doch ohngnacht ins nunzum
1749 1808 2747 1927 Insenn mahl im Namm anguben, nichts
1725 1882 2826 2003 arkon gundung, sondern mit minen grausen
1753 1939 2806 2081 Vnd schwuhrmichtigen gedancknn, daß solches
1744 2025 2797 2148 nit nicht zugehn, darion und in solcher ge
1747 2089 2769 2204 hanidtun, ohnwißund wohin, nach der ernn
1738 2167 2813 2282 zu umb waßer gangen, also das ins umbge
1745 2235 2727 2344 tunckt, der grund nunte sich inder Zint
1751 2305 2709 2417 under seinen Züsten wug. Maßer ins
1741 2362 2791 2474 bereites biß under die armen am Waßer
1756 2441 2732 2546 gesanden, biß ins endtlich ein kaßliges
1757 2501 2751 2626 richtli ergriffen und vermitliht deßen
1731 2577 2781 2700 sich alß wider auß dem vaßer gezogen
1744 2649 2776 2766 eine kleider getrocknet, und endtlich dar¬
1762 2729 1997 2837 von gangen.
1766 2867 2739 2991 anns alß ins zu Morsen in der ge¬
1766 2991 2786 3091 langumb gewesen, seye abermahl einer
1754 3054 2797 3169 In der geftalt mies getonsten Harrumb
1775 3122 2780 3248 von Bern mit einem langen mantell
1733 3187 2754 3302 zu ime kommen und mit einem nüden
1763 3262 2794 3380 schlüßel die thar uffgethan, mit persom
1777 3333 2785 3458 then, wann es zum ein Zudeli gebe, daß
