3024 4032
266 380 360 489 39.
476 451 1386 591 Hr. Franz Willading hen. hauptman
478 544 1421 656 und ingenieur Willadings sohn ist volgents
469 600 1400 681 auch vernommen worden, alss welcher den
453 665 1402 770 jr. von Wyl an dem seil hinunderfahren
461 716 1381 834 gesechen haben solle, welcher zügete, dass
473 784 1384 892 alss er mit und neben jr. von Erlach hen. zu
458 833 1436 954 Riggispergs sohn an der hinderen gassen gegen
454 905 1416 1018 hen. von Wyls hauss überm gestanden, habe er
439 966 1426 1057 den jr. von Wyl by den fensteren stehend ge¬
456 1022 1406 1126 sechen, in ime selbsten gedenckende, wann
450 1077 1386 1181 er von dannen herabspringen wolte, solches
454 1142 1379 1249 ein zimlicher hocher sprung sein wurde, in
445 1192 1439 1313 welchem er jr. von Wyl ein seil gleich einem
437 1253 1398 1378 wöscher-seil und zusammen gewurstet zum
442 1316 1381 1426 fenster hinauss warffe und leisse sich sehr
448 1379 1404 1486 geschwind daran hinunder, also das er hart
430 1443 1391 1545 zu boden und ime sein hutt hinauss gefallen,
418 1512 1381 1611 massen er denelben geschwind wider genommen
436 1569 1355 1660 und volgents die lauben hinuffgemacht
429 1622 1406 1731 biss zu jr. alt vogt Meyen im sali hauss, da
423 1686 1389 1801 er dann ine auss dem gsicht verlohren. nach
437 1743 1411 1855 beschechener hinunderlassung habe ein herr
431 1811 1381 1921 mit einer perruque, welchen er aber nit
419 1883 1369 1978 kente, zum fenster hinaussgesechen und
418 1934 1390 2037 seines erachtens das seil wider hinuff¬
413 1995 1380 2100 gezogen, welches er aber so eigentlich nit
412 2063 1345 2165 wahrgenommen, sondern mehr uff dem jr.
408 2123 1354 2239 von Wyl, alss aber uff das seil gesechen.
361 2197 1018 2307 Actum 17. martii 1685. j
