3024 4032
269 563 355 652 133.
447 628 1357 755 Wnnd vnn fahle, da habe er geantwo rtet
469 709 1338 846 Eheige so vill zuschreiben, darauff i
465 758 1374 909 behann deß Vatturis zu zum gesagt, dann
466 829 1394 978 um helffen konnn, so solle er an sagen
464 884 1333 1035 deraber außgeschlagen mit beschiid etc.
465 973 1042 1074 müße inssulbsten machen.
452 1008 1392 1144 Ob amit wüße, wohin allemahl sein brnuder hin
839 1090 1401 1178 Suines weßens seyn een
473 1116 751 1223 gefahren suge tc.
464 1139 1383 1272 entzigsmahl Buygefahrn, umb eine weltsche
466 1230 832 1311 brant gebzujagen.
417 1256 1359 1396 Endtlichen ist er Solomon zung nachmahlen
459 1337 1365 1473 sehr betnglich und pitlich- vnd betrumblich
474 1391 1339 1507 ergunarnt worden, daß 12 wegen der
464 1457 1363 1579 hr Bolles-Wegen der Religion wegen
455 1524 1377 1628 dnß Vallerlandts wegen so viler hauß und
471 1580 1371 1729 sallen, ja wegen seinen seien selb iin
452 1644 1349 1789 doch gutruwlich anchingen wolle, ober noh
467 1691 1360 1840 wondtern schlifften habe oder wisen fühnt
471 1761 1397 1912 vab communiciert habe, damit mann doch noch
444 1833 1333 1970 in den zeit den sachen begegeen komn,
465 1889 1347 2046 Ist aber beständig darauff vorharent
477 1962 1382 2091 er alless in gutten teutden angezeigt vns
479 2042 1411 2161 er geweßt und sollind Neninghl s unds
449 2111 1393 2229 der zuversicht und getrosen hoffnung ge
479 2176 1363 2285 leben, daß in gindert jahren mir zurvor¬
477 2234 1382 2364 kenen worde, er beuehle seinen sum gott
465 2295 1378 2409 dem Junrii, zun vmb aber übergebe in den
454 2371 1391 2476 Jochen oberkeit und falleumb die gnob
458 2407 1396 2543 das vor der execution er ein beball zu doll
493 2496 1383 2600 vor den umbstehenden ihn moge, dardurcher
456 2560 1322 2671 zu verstehen geonen wollen, das er keimm
475 2611 1340 2718 runtschen umd comuniciert habn etc. Im
494 2664 1371 2770 übrigen bekenen ir seine sund und fahlen
477 2740 1374 2836 fälln nochmahlen gott und nun jochn ober
490 2790 1389 2908 keit umb vergeichung. acre 3. novembris 1685
427 3000 1320 3141 Nach Gelcher abgelegten selation
494 3089 1357 3201 Menneghl an ansuchen ins den Vol-oder
508 3152 1365 3260 belstand deß Battenlandts ansuchen Will
500 3211 1374 3333 sich diser von sich gegebner ußag und bu
503 3267 1417 3389 kantnus nit haben ersettigen wonng sondern
498 3334 1389 3435 Nunchenhoch- und volgeehrten keri eaami
1508 687 1692 841 gutfunden,
1723 487 2794 742 natori noch weitems beünzlichen uffzutragen
1723 588 2775 768 Aum Salomondlnung mit vermrnm und mus¬
1734 647 2779 873 licherum inamen zuzusëzen und den slben
1721 701 2802 924 Jndoch In muglichser guhnem in strenki Churn
1720 797 2775 987 fuhren zulaßen, vmb denselben In gegen¬
1732 830 2804 1036 wart deß Meisteris mit der Marterernst¬
1726 945 2664 1108 hattig zubetreten und zuexaminierin,
1733 967 2763 1170 1. Ob er keinen Cnenrnn Schlußel haben
1746 1049 2771 1214 nachen laßen. 2 Ob baas gehnimbde
1740 1112 2751 1295 und mit siglen beschloßene geweßnen e
1711 1172 2776 1348 dencken, die oniaetion Zurich vnd Sern be¬
1745 1252 2759 1416 rnffend, er nit auß dem schafft genomen
1735 1299 2797 1475 und eroffnet habe. 3. dann 90 f sonder
1740 1393 2734 1567 mundt- noch schrittlich oder in andern long
1753 1435 2725 1622 nun gefahrliche orrespondenz und vur¬
1756 1514 2725 1677 ländtumb gehabt oder inmandem etwar
1753 1627 2128 1729 Comuniciert habe
2080 1759 2325 1863 Den 5. novembris
1749 1840 2724 1966 in golg müßung deßen habend mhinehl
1726 1924 2743 2028 die Caminett heltigen Norgums auch sich
1752 1957 2802 2106 in die gefangenschafft begeben und zum an
1767 2035 2769 2149 habenden eentlichen benelch bedutat mit
1770 2113 2802 2231 nochmaligem rreffigem zuspruchen mit nam
1774 2187 2799 2304 richtigung und bahren bekamums die e
1757 2237 2796 2351 Gennterin abzulehen, vnd zum selbsten vor¬
1775 2306 2746 2413 uemarer schmach und chand gusen, O
1762 2373 2794 2465 Is aber derselbe by seiner zuuorigen be¬
1765 2439 2753 2559 käntnus beständig verbleiben, mit disem
1767 2512 2770 2636 bysatz, das er zwar biß dato Ceder vill noch
1765 2578 2812 2691 öunig comuniciert, noch solches zu thun im Sim
1775 2634 2760 2768 gehabt habe, Wie meit aber ims künfftig
1760 2710 2739 2816 das boße vnnd in etwann zelte verleiten
1782 2780 2525 2896 konnin, das möge er nit wüßen.
1766 2906 2757 3037 arauff 1 nach dem empfangung buuelch
1747 2981 2787 3092 durch die weibel in den stennken thar
1793 3042 2803 3154 geführt worden und satt endtlichen, nachder
1782 3124 2748 3240 Inn nochmahlen die gfar seiner seulin und
1763 3190 2771 3291 die zur marter- und jinnigung seins lib
1774 3246 2775 3365 Wann ar mit nnnegen alß die statthaltnum
1773 3309 2796 3448 Bollens mit einer offrichtigen consession ent
