3024 4032
225 704 390 808 260.
655 709 1167 831 Perregaux
453 764 1429 931 könne, habe sy hiesige cantzley und et¬
455 869 1397 974 welche andere persohnen als wan
498 929 1419 1044 von denen ohrten die geheimnussen
478 995 1034 1093 usskämind, angeben
466 1056 1413 1176 Achtens, dass sy alhiesige cantzley und
479 1148 1409 1242 andere persohnen nur zu dem end in
476 1214 1421 1323 verdächtig gemacht und ussgeschrouwen
478 1286 1418 1370 als wan die geheimen sachen von danachen
456 1328 1413 1443 dem ambass. communiciert wurdint und
466 1404 1399 1494 der amb. denenselben pensionen oder
476 1459 1441 1567 sonsten namhaffte vortheil zukommen liesse
466 1520 1433 1643 und doch so wol an der marter als seithero
475 1581 1420 1693 bekent und bestendig erhalten, dass sy weder
476 1655 1423 1748 den herren stattschr. noch einichen cantzley
481 1702 1395 1792 bedienten nit kenne und von denenselben
483 1776 1350 1882 nichts ungebührliches, wüsse auch
472 1839 1378 1947 niemanden kenne noch wüsse, der von
470 1904 1195 2021 dem amb. pensionen bezeüche.
427 2023 1334 2146 Erkente und bekente hiemit dass sy
475 2097 1391 2210 schwärlich gefählt, in demme sy sich sachen
478 2162 1399 2271 understanden die weder ihren noch
473 2229 1350 2324 einichen ehrlichen leüthen gezimmend,
450 2293 1401 2378 dass sy die heüpter und seüllen dises
453 2348 1405 2449 stands bosshaffter weis by jedermenig¬
456 2403 1373 2510 klich als wan sy an dem vatterland
462 2477 1395 2566 untreüw wärend verdächtig gemacht
452 2523 1375 2631 und dieselben so wol an ihren persohnen
457 2579 1393 2703 als ihren hochen stellen angriffen und so
371 2678 1321 2783 vil als sie konte mit gelt und praesenten sen
441 2712 1416 2819 zu bestechen gesuocht und allerley verwirrungen
439 2786 698 2872 angerichtet
807 2772 1380 2869 pittet aber Gott, eine
699 2786 813 2887 ,
439 2841 1416 2936 hoche oberkeit und alle die jenigen, welche
432 2892 1384 3003 sy mit ihrer hand und zungen beleidiget
442 2968 1366 3069 umb gnad und verzeichung und eine
431 3022 883 3119 gnädige urtheil.
364 3092 1388 3208 Worüber mhghen. räth und burger by eyden
394 3166 1389 3263 versamlet ihre reflectiones reifflich walten
387 3221 1369 3323 lassen und gefunden sintenmahlen dise
387 3275 1408 3362 verhaffte durch den frantzösischen ambassadoren
378 3337 1414 3430 eingefuehrt und derselbe selbsten und niemand
394 3387 1381 3480 anders durch sy betrogen worden, hiesigem
382 3438 1414 3547 stand dardurch auch keinen nachtheil widerfahren
368 3499 1370 3600 die jenigen herren mghenen. den räthen dan und anderen
382 3552 1388 3645 deren nammen sy under verdeckten worten
386 3630 1391 3709 missbraucht und auch die jenigen welche
357 3647 1341 3760 sy vor der ihren zugegebenen wacht in
1555 3491 1616 3588 wo
1686 2368 1737 2452 #
2627 723 2746 821 261.
1989 756 2463 861 Perregaux
1820 794 2726 919 bosshaffter weis durchzogen, ihren dise
1747 862 1813 929 so
1749 853 2775 998 ihnen zuogefuegte beleidigung uss christlichem
1757 907 2778 1052 gemueth und hertzen durchverzogen und vergeben,
1781 962 2698 1087 weillen ihnen bekant dass disere weibs
1771 1022 2677 1142 persohn nit by volkommener gesuonder
1778 1061 2753 1194 vernunfft sonders von jugend auf von
1765 1137 2773 1270 jedermenigklich für eine alberwitzige oder
2561 1191 2713 1262 dero
1773 1220 2427 1314 halb närrin gehalten worden.
1787 1230 2769 1367 habende ansechenliche verwandschafft
1758 1316 2665 1443 auch in aller underthänigkeit und
1754 1376 2758 1494 demuoth umb gnad und fristung ihres
2436 1422 2755 1534 alss habend
1767 1462 2238 1553 lebens angehalten.
1765 1506 2773 1621 mghenen. dero umb hiesigen stand wolver¬
1760 1565 2742 1686 dienten ansechenlichen anverwandscht.
1779 1639 2729 1750 wilfahret und diser perregaux
1787 1697 2630 1816 uss sonderen gnaden dass leben
1765 1767 2730 1882 geschencket, jedoch mit dem geding
1764 1843 2786 1955 dass anzogene verwandschafft alle
1773 1890 2760 2001 seit ihrer behendigung uffgeloffene
1779 1974 2781 2085 cösten ubersich nemmind und gesetzind
2234 2032 2791 2096 auch hinfüro verkostigind und
1786 2050 2704 2153 sy die perregaux an solche sichere
1778 2109 2754 2221 ohrt verschaffind dass weder durch
1789 2175 2800 2294 sy noch von ihrentwegen weder den
1765 2244 2761 2359 stand noch jemanden einichen schaden
1767 2317 2803 2422 oder nachtheil zuogefüegt werden konne
1787 2380 2804 2495 die jenigen dreyssig dobleten dublonen
1777 2456 2782 2552 auchdan betreffend, welche des amb.
1784 2542 2742 2656 secretarius ihren jüngsten zugestelt
1801 2622 2746 2724 umb gewüsse persohnen damit zu
1789 2680 2792 2808 bestechen, zu handen mghenen. und oberen
1792 2763 2788 2888 confiscierende etc. actum 18. febr. 1690.
1671 2858 2800 3015 # darum sy mghen. gnugsamme bürgscht.
1810 2932 2603 3067 und sicherheit stellen sollind
1616 3096 1700 3176 den
1699 3073 2779 3222 24te martii 1690. hatte eine ansechenliche
1660 3154 2809 3269 verwandscht. mghenen. r. und burgern laut byligender
1659 3226 2703 3341 supl. no. 2. vorstellen lassen, wie beschwärlich
2732 3269 2816 3338 ihnen
1669 3286 2796 3387 obige erkantnuss vorfalle, ihr gnaden demuetigst
1651 3351 2814 3428 ersuochend, sy der bürgscht. umb die sicherheit der pergottin
1649 3379 2798 3472 persohn gnädigst zu erlassen, wie auch der bezahlung
1701 3430 1910 3478 ergangenen
1634 3439 2816 3541 der uncosten, mit erpieten ihr usserstes anzuwenden
1652 3485 2786 3553 das sy die pergottin wol verwahrt werden möge oder dass
1639 3538 2812 3630 ihr gnen. die sicherheit verschaffen woltend, sy selbige vercöstigen
1618 3572 2806 3683 woltind und das ihr gnen. sy der bezahlung der ergangenen
1648 3636 2769 3724 uncösten uberheben und selbige uss der pergautin
1635 3679 2800 3771 mitlen nemmen woltend, es habend meghen. r. und buorger
1623 3734 2789 3804 aber von obiger den 18. febr. ergangenen erkantnuss nit weichen
1630 3783 2776 3854 wollen, sondern es nochmahlen by derselben verbleiben lassen
1628 3809 2792 3884 ussert der erleüterung gleichwol das der verwandscht.
1624 3851 2798 3928 der pergautin effecten und das jenige was von denen 30 dobleten
1618 3885 2758 3959 dublonen nit bereits assigniert worden, verabfolgen solle etc.
