3024 4032
304 573 427 668 175.
412 1707 468 1779 3.
254 1938 444 2035 Piebaude
256 2019 448 2116 hahen sich
265 2078 484 2179 mit eypar.
253 2146 482 2217 dilr den 13 tb.
298 2189 400 2261 1686
435 2229 488 2337 4
557 628 1426 778 von wegen aber empfangenn schlechten
544 718 1431 832 tractamenth von Ime geloffen, und im
534 791 1419 897 wider zurueldnug habe ins im wirts-
533 861 1379 980 hauß zu Wintlisach den herren obrist ton
528 924 1425 1040 Krafnnrind angetröffen, welcher Ime
539 993 1418 1102 mit den angen gewüncken und in sin
539 1048 1425 1158 Camerin heißen komen, alda ins zwar
526 1135 1419 1231 In einem besonderen butt übernachten
532 1199 1413 1307 wollen, er aber seyn zu zum in sei butt
540 1254 1428 1372 kommen und flüischliche Germischung mit ium
531 1327 1392 1455 gehabt, den tag hernach seye ins von
522 1395 1431 1520 daselbsten hinvngaangen, herren Obris habedin
540 1469 1383 1598 getn für ims begalt, Inn auch nune
540 1527 1423 1658 aller gebm wollen, den ess ußgeschlagen
495 1636 1393 1783 Mit Hr Comen Wihrt ubraham dink ko¬
537 1725 1424 1858 etlichen jahren im argell allhier dß dem
529 1796 1422 1922 großen Liechhoff umb ninnachten zwüschen
532 1881 1422 1994 und e ihren deß nachts, allwohiner ius
532 1939 1374 2048 gehörket und daselbst mißbrauch und
536 2000 1404 2099 habe ime damahlen einen halben Zaller
520 2065 1266 2185 deßloegen oben hinum geworffen.
520 2215 1404 2327 mit herr Jacob Urotelli alten rhorbung.
518 2291 1409 2408 schreiber etwann vor duer jahren zwnschen
527 2357 1379 2467 Nensingen und Burn in einem sol¬
533 2420 1398 2535 Und habe von imme nach gerrichteter that
523 2501 1372 2612 ui schwarz endig halßthuch zur Zürich
521 2564 905 2676 rung eigfangen.
514 2638 1408 2782 Mit Samb Lanob Bart dem Spinntenscha¬
406 2681 472 2764 5.
524 2737 1369 2844 ger nachlis umb 10 uhr uff der matten
522 2816 1253 2930 sagen, alß ins ime zeimbzundes
419 2891 1412 3036 0. Mit Ludwig Hechender dem dßgebrattung
508 2978 1366 3106 Scharer wnnig zeit vor seinem Ißwritl
479 3047 1372 3175 da sy beide in ir Meynem Sasi hauß
503 3110 1392 3240 der suben übernachtet Krarzur gra einen
518 3178 946 3303 Zaller geben worden.
1627 1422 1681 1530 8.
1626 2604 1708 2691 10.
1648 2070 1703 2172 9.
2653 505 2777 607 176.
1748 618 2688 797 mit der herren Obeistin Wysennn seh jacror
1760 699 2661 834 nine inn zwar gar wol von angesicht
1757 741 2750 925 eyn noch ein ledige fersohn von raht falben
1739 829 2750 1000 haren auß dem weltschland gebürtig, wüße
1746 906 2782 1041 aber seinen samm nit zusagen Habesumer
1746 935 2785 1131 vor zwegen jahren im jurgst uff dem kach
1754 1036 2781 1203 off, alß er etwelchen seinen gespanen im
1753 1095 2766 1238 soch gelt und liecht bringen wöllen
1746 1155 2759 1329 fleischlichen genoßen und von zue darfür
1749 1244 2437 1396 ain selber mütli empfangen.
1735 1365 2781 1527 Nit deß 2 hauptmann von Mullenen dienar
1727 1443 2785 1555 an der s mit nun auß Frannkrunh anbracht
2601 1495 2708 1556 en
1735 1507 2673 1645 Heiße Christen habe mit zum in daß
1719 1560 2797 1697 auß im sübli alß ins maz vor deß j hochzeit
1753 1635 2758 1784 von den seinigen außbeschloßen worden und
1722 1723 2752 1847 den mucht uff der gaßen, alß er munn
1756 1784 2787 1914 seichen wöllen angetroffen, der umd zunber
1763 1853 2725 1981 nachten verprochen und heimbguführt um
1743 1935 2232 2052 mahl zu thun gehabt.
1767 2021 2710 2190 sit 3n Ohnist Lieutenant von Diesbaches
1753 2106 2778 2245 nachtmeiner Schoeei genant, seyn vorohn
1757 2180 2746 2304 mmahr schwagen jahren zu schifflichen eu
1747 2253 2756 2355 dacb mute, vad in zrrn Obrisareurenantin
1746 2314 2760 2442 von Dinßbachs hauß by Lubeg seiner mutter
1742 2382 2745 2514 hum gahl beschechen, habe darfur von zum
1759 2476 2239 2577 ein namm eingfangen.
1749 2565 2704 2705 Mit Hr Nußhaffenschafsner Müllers se
1759 2645 2700 2756 sohn sammel aenant, gor ohngefahr sachs
1750 2707 2727 2834 jahren im letsen allmendinger Sölzl
1724 2781 2767 2901 Jabe darfür ein jückli silber samt etwas
1747 2856 2776 2978 an Nunt von zme efangen Er habe nm
1733 2923 2773 3052 dagen und hüßin by sich gehabt, auch dazu
1752 2986 2776 3111 mahlen mit einem völlenbanhren in ungele
1757 3070 2772 3200 gunheit gerahten, denn ins aber abgewahrt
1750 3149 2500 3272 und sy von einanderen gebracht.
