<?xml version="1.0" encoding="UTF-8" standalone="yes"?>
<PcGts xmlns="http://schema.primaresearch.org/PAGE/gts/pagecontent/2013-07-15" xmlns:xsi="http://www.w3.org/2001/XMLSchema-instance" xsi:schemaLocation="http://schema.primaresearch.org/PAGE/gts/pagecontent/2013-07-15 http://schema.primaresearch.org/PAGE/gts/pagecontent/2013-07-15/pagecontent.xsd">
    <Metadata>
        <Creator>prov=University of Rostock/Institute of Mathematics/CITlab|PLANET AI GmbH/Gundram Leifert/gundram.leifert@planet-ai.de:name=German_Kurrent_XVI-XVIII_M1(htr_id=19584)::::v=2.6.7
prov=University of Rostock/Institute of Mathematics/CITlab|PLANET AI GmbH/Tobias Gruening/tobias.gruening@planet-ai.de:name=de.uros.citlab.module.baseline2polygon.B2PSeamMultiOriented:v=2.6.7
prov=University of Rostock/Institute of Mathematics/CITlab|PLANET AI GmbH/Tobias Gruening/tobias.gruening@planet-ai.de:name=/net_tf/LA73_249_0mod360.pb:de.uros.citlab.segmentation.CITlab_LA_ML:v=2.6.7
Transkribus</Creator>
        <Created>2021-03-11T13:59:03.260+01:00</Created>
        <LastChange>2022-09-12T15:02:59.770+02:00</LastChange>
        <TranskribusMetadata docId="1334840" pageId="52361809" pageNr="35" tsid="114643601" status="IN_PROGRESS" userId="9570" imgUrl="https://files.transkribus.eu/Get?id=EAICZWECDMYBLNHLKSAIYIRH&amp;fileType=view" xmlUrl="https://files.transkribus.eu/Get?id=YDYTSFWQYFZCSYRXRNZCHWCE" imageId="19038631"/>
    </Metadata>
    <Page imageFilename="B_IX_485_Seite_035.jpg" imageWidth="3024" imageHeight="4032">
        <ReadingOrder>
            <OrderedGroup id="ro_1687513681588" caption="Regions reading order">
                <RegionRefIndexed index="0" regionRef="r1"/>
                <RegionRefIndexed index="1" regionRef="r2"/>
                <RegionRefIndexed index="2" regionRef="r3"/>
                <RegionRefIndexed index="3" regionRef="r4"/>
            </OrderedGroup>
        </ReadingOrder>
        <TextRegion orientation="0.0" id="r1" custom="readingOrder {index:0;}">
            <Coords points="321,319 321,475 414,475 414,319"/>
            <TextLine id="r1l1" custom="readingOrder {index:0;}">
                <Coords points="314,426 331,432 359,428 403,447 410,441 420,441 427,338 402,334 378,351 355,348 319,355"/>
                <Baseline points="321,419 352,419 383,425 414,422"/>
                <TextEquiv>
                    <Unicode>57</Unicode>
                </TextEquiv>
            </TextLine>
            <TextEquiv>
                <Unicode>57</Unicode>
            </TextEquiv>
        </TextRegion>
        <TextRegion orientation="0.0" id="r2" custom="readingOrder {index:1;}">
            <Coords points="396,469 396,3237 1446,3237 1446,469"/>
            <TextLine id="r2l1" custom="readingOrder {index:0;}">
                <Coords points="526,522 636,546 730,498 777,535 879,492 1407,561 1409,499 1233,431 1131,453 1068,416 1010,451 898,426 714,455 629,421 528,449"/>
                <Baseline points="533,522 576,515 619,509 663,505 706,500 750,498 793,496 836,495 880,495 923,495 967,497 1010,499 1053,503 1097,507 1140,510 1184,515 1227,520 1270,525 1314,531 1357,537 1401,545"/>
                <TextEquiv>
                    <Unicode>bald ordie gegeben, u ss die verdächtigen</Unicode>
                </TextEquiv>
            </TextLine>
            <TextLine id="r2l2" custom="readingOrder {index:1;}">
                <Coords points="489,609 686,559 777,589 868,561 900,589 950,556 995,596 1056,575 1097,613 1213,583 1257,610 1309,579 1404,599 1405,562 882,493 777,536 727,500 629,549 491,521"/>
                <Baseline points="497,582 542,575 587,570 632,565 677,561 722,558 767,557 812,555 857,555 902,557 947,558 992,560 1037,563 1082,565 1127,569 1172,573 1217,577 1262,582 1307,586 1352,592 1397,597"/>
                <TextEquiv>
                    <Unicode>guachten und selbige zuergreiffen, da</Unicode>
                </TextEquiv>
            </TextLine>
            <TextLine id="r2l3" custom="readingOrder {index:2;}">
                <Coords points="503,650 697,617 820,653 1060,623 1314,635 1440,680 1451,621 1169,602 1103,563 995,595 950,556 897,592 846,557 790,591 678,564 505,594"/>
                <Baseline points="510,635 556,629 603,624 649,621 696,618 743,617 789,615 836,614 883,614 929,615 976,617 1023,618 1069,621 1116,624 1163,627 1209,631 1256,637 1303,641 1349,646 1396,652 1443,659"/>
                <TextEquiv>
                    <Unicode>ann by am zunffen, darunder ator¬</Unicode>
                </TextEquiv>
            </TextLine>
            <TextLine id="r2l4" custom="readingOrder {index:3;}">
                <Coords points="503,688 705,677 772,709 821,681 895,714 939,686 1011,714 1192,691 1315,706 1363,747 1409,709 1447,730 1448,678 1313,634 1271,667 1197,632 1118,669 1063,625 832,654 697,616 652,656 505,649"/>
                <Baseline points="510,689 556,683 603,679 649,676 696,674 742,672 789,672 835,672 882,672 928,674 975,676 1021,678 1068,681 1114,684 1161,688 1207,690 1254,695 1300,699 1347,702 1393,705 1440,708"/>
                <TextEquiv>
                    <Unicode>menein auch nane gewesen, weilen bysen</Unicode>
                </TextEquiv>
            </TextLine>
            <TextLine id="r2l5" custom="readingOrder {index:4;}">
                <Coords points="503,774 749,731 939,772 1061,747 1171,792 1233,754 1326,804 1371,771 1447,786 1449,730 1409,708 1363,748 1305,707 1150,727 1060,694 1030,719 975,685 771,710 674,675 505,718"/>
                <Baseline points="510,747 556,743 603,740 649,738 696,735 742,735 789,735 835,735 882,735 928,737 975,739 1021,741 1068,743 1114,747 1161,750 1207,754 1254,757 1300,761 1347,765 1393,768 1440,773"/>
                <TextEquiv>
                    <Unicode>gelt funden wolden, so andren geelagt der</Unicode>
                </TextEquiv>
            </TextLine>
            <TextLine id="r2l6" custom="readingOrder {index:5;}">
                <Coords points="515,806 619,842 786,833 832,800 1169,807 1291,821 1344,864 1434,855 1436,810 1367,780 1295,802 1228,753 1176,792 1065,784 1005,744 813,773 748,731 592,779 516,760"/>
                <Baseline points="522,806 567,803 612,801 657,800 703,798 748,798 793,798 839,798 884,798 929,800 975,803 1020,804 1065,807 1110,809 1156,812 1201,816 1246,819 1292,823 1337,827 1382,832 1428,836"/>
                <TextEquiv>
                    <Unicode>lohren zu haben, vnd auß andern verdachtigen</Unicode>
                </TextEquiv>
            </TextLine>
            <TextLine id="r2l7" custom="readingOrder {index:6;} place {offset:33; length:7; continued:true;}">
                <Coords points="506,878 675,896 829,867 1026,909 1141,876 1453,909 1454,875 1377,846 1346,867 1291,821 1236,849 1179,812 1022,804 859,848 822,818 643,844 509,811"/>
                <Baseline points="513,866 559,863 606,863 652,861 699,861 746,861 792,861 839,861 886,863 932,864 979,866 1026,867 1072,870 1119,873 1166,876 1212,879 1259,883 1306,887 1352,891 1399,895 1446,900"/>
                <TextEquiv>
                    <Unicode>ambstanden muhr erwütscht und an sahtlen</Unicode>
                </TextEquiv>
            </TextLine>
            <TextLine id="r2l8" custom="readingOrder {index:7;} place {offset:0; length:4; continued:true;}">
                <Coords points="517,967 614,925 695,956 739,918 785,946 932,925 996,973 1050,930 1316,946 1372,980 1441,967 1443,918 1139,876 1008,908 779,865 519,907"/>
                <Baseline points="525,927 570,924 615,922 661,921 706,920 752,920 797,920 843,921 888,923 934,924 979,926 1024,928 1070,932 1115,934 1161,937 1206,941 1252,943 1297,946 1343,950 1388,952 1434,956"/>
                <TextEquiv>
                    <Unicode>ogal eingesezt worden, und also mann znn</Unicode>
                </TextEquiv>
            </TextLine>
            <TextLine id="r2l9" custom="readingOrder {index:8;}">
                <Coords points="509,999 603,1014 643,984 775,979 887,1016 953,990 1397,1021 1414,986 1211,940 1034,937 995,973 932,924 674,960 616,929 510,966"/>
                <Baseline points="516,986 560,983 605,981 649,980 694,980 738,980 783,980 827,981 872,983 916,984 961,986 1006,989 1050,991 1095,993 1139,995 1184,997 1228,999 1273,1001 1317,1003 1362,1004 1407,1005"/>
                <TextEquiv>
                    <Unicode>dernis ub der zolten gehabt und die</Unicode>
                </TextEquiv>
            </TextLine>
            <TextLine id="r2l10" custom="readingOrder {index:9;}">
                <Coords points="500,1060 622,1075 691,1034 771,1061 1023,1047 1097,1081 1188,1061 1266,1108 1343,1073 1387,1105 1440,1088 1441,1044 1321,1003 1074,1019 1002,992 950,1023 839,984 693,1015 649,985 599,1014 502,996"/>
                <Baseline points="507,1047 553,1043 599,1041 646,1038 692,1038 738,1038 785,1038 831,1040 877,1041 924,1043 970,1045 1016,1048 1063,1050 1109,1053 1155,1056 1202,1058 1248,1060 1294,1062 1341,1064 1387,1064 1434,1065"/>
                <TextEquiv>
                    <Unicode>handschon angebunden wahlen, haben erwegen</Unicode>
                </TextEquiv>
            </TextLine>
            <TextLine id="r2l11" custom="readingOrder {index:10;}">
                <Coords points="495,1121 1229,1118 1350,1158 1440,1147 1442,1089 1268,1104 1167,1067 1123,1092 1068,1056 987,1093 840,1044 734,1088 668,1037 496,1091"/>
                <Baseline points="503,1109 549,1107 596,1106 642,1105 689,1104 735,1104 782,1105 828,1106 875,1107 921,1108 968,1110 1015,1110 1061,1113 1108,1115 1154,1117 1201,1119 1247,1121 1294,1124 1340,1126 1387,1128 1434,1131"/>
                <TextEquiv>
                    <Unicode>seines Beuchis zum mit der Martur Zuter¬</Unicode>
                </TextEquiv>
            </TextLine>
            <TextLine id="r2l12" custom="readingOrder {index:11;}">
                <Coords points="499,1204 904,1169 966,1198 1038,1181 1102,1225 1240,1185 1277,1216 1409,1191 1411,1140 1295,1167 1252,1126 1088,1156 974,1108 747,1129 649,1099 593,1140 501,1120"/>
                <Baseline points="507,1172 551,1170 596,1169 641,1169 686,1169 731,1169 775,1169 820,1169 865,1170 910,1172 955,1173 999,1175 1044,1176 1089,1178 1134,1180 1179,1182 1223,1184 1268,1186 1313,1188 1358,1190 1403,1191"/>
                <TextEquiv>
                    <Unicode>zonn umb Kollens willen gepellen, mit</Unicode>
                </TextEquiv>
            </TextLine>
            <TextLine id="r2l13" custom="readingOrder {index:12;}">
                <Coords points="505,1247 549,1237 613,1279 722,1253 966,1296 1058,1274 1269,1300 1330,1262 1398,1273 1400,1195 1274,1215 1234,1185 1114,1223 968,1210 934,1179 806,1214 679,1181 506,1218"/>
                <Baseline points="512,1239 556,1235 600,1233 644,1230 688,1229 732,1229 776,1229 820,1230 864,1232 908,1233 952,1235 996,1236 1040,1239 1084,1242 1128,1244 1172,1245 1216,1247 1260,1249 1304,1250 1348,1250 1392,1250"/>
                <TextEquiv>
                    <Unicode>welchen zum damahlen auch suyn vurschont</Unicode>
                </TextEquiv>
            </TextLine>
            <TextLine id="r2l14" custom="readingOrder {index:13;}">
                <Coords points="520,1326 536,1323 568,1336 582,1331 592,1319 613,1332 632,1318 647,1324 663,1319 660,1271 616,1278 590,1258 579,1262 551,1238 515,1244"/>
                <Baseline points="525,1299 550,1297 576,1295 602,1294 628,1293 654,1290"/>
                <TextEquiv>
                    <Unicode>orden.</Unicode>
                </TextEquiv>
            </TextLine>
            <TextLine id="r2l15" custom="readingOrder {index:14;}">
                <Coords points="445,1393 1127,1382 1428,1424 1429,1349 1342,1361 1202,1293 915,1310 855,1359 732,1308 612,1347 446,1326"/>
                <Baseline points="452,1383 500,1382 549,1382 597,1380 646,1380 694,1379 743,1379 791,1380 840,1380 888,1380 937,1382 985,1382 1034,1384 1082,1386 1131,1386 1179,1388 1228,1391 1276,1392 1325,1394 1373,1397 1422,1398"/>
                <TextEquiv>
                    <Unicode>Hernach habe er syn einem oiih von Joha</Unicode>
                </TextEquiv>
            </TextLine>
            <TextLine id="r2l16" custom="readingOrder {index:15;}">
                <Coords points="497,1452 751,1440 783,1468 847,1432 1316,1483 1381,1452 1356,1394 1231,1390 1176,1429 1126,1382 1082,1407 972,1383 888,1419 760,1378 667,1419 498,1386"/>
                <Baseline points="504,1443 547,1442 591,1439 634,1438 678,1437 721,1437 765,1437 808,1437 852,1437 895,1439 939,1440 982,1442 1026,1443 1069,1443 1113,1445 1156,1446 1200,1448 1243,1449 1287,1449 1330,1449 1374,1449"/>
                <TextEquiv>
                    <Unicode>benadung, daß a sich daselbsten ußhalte</Unicode>
                </TextEquiv>
            </TextLine>
            <TextLine id="r2l17" custom="readingOrder {index:16;}">
                <Coords points="502,1510 592,1523 734,1487 796,1527 915,1499 1081,1538 1171,1506 1417,1513 1386,1451 1231,1489 1147,1452 1040,1478 882,1439 793,1476 751,1440 626,1472 504,1445"/>
                <Baseline points="510,1496 555,1494 600,1493 645,1493 690,1493 735,1493 780,1493 825,1494 870,1494 915,1496 960,1497 1005,1499 1050,1500 1095,1502 1140,1503 1185,1503 1230,1505 1275,1505 1320,1505 1365,1505 1410,1505"/>
                <TextEquiv>
                    <Unicode>und gutte Tag pilln, ohne das Iumandes sin¬</Unicode>
                </TextEquiv>
            </TextLine>
            <TextLine id="r2l18" custom="readingOrder {index:17;}">
                <Coords points="491,1561 530,1585 587,1556 773,1582 1025,1556 1208,1596 1429,1544 1253,1510 957,1537 895,1499 815,1533 734,1488 598,1523 492,1511"/>
                <Baseline points="498,1553 544,1551 590,1551 636,1550 682,1550 729,1551 775,1551 821,1553 867,1554 913,1554 960,1556 1006,1557 1052,1559 1098,1560 1144,1560 1191,1562 1237,1562 1283,1562 1329,1562 1375,1560 1422,1559"/>
                <TextEquiv>
                    <Unicode>enthalbe klage oder ir einiche handrmung</Unicode>
                </TextEquiv>
            </TextLine>
            <TextLine id="r2l19" custom="readingOrder {index:18;}">
                <Coords points="480,1624 521,1615 541,1616 563,1629 574,1619 597,1623 607,1616 622,1620 622,1574 605,1573 590,1562 575,1566 563,1577 549,1575 526,1586 500,1562 480,1563"/>
                <Baseline points="486,1614 511,1614 537,1614 563,1614 589,1614 615,1614"/>
                <TextEquiv>
                    <Unicode>tribn.</Unicode>
                </TextEquiv>
            </TextLine>
            <TextLine id="r2l20" custom="readingOrder {index:19;}">
                <Coords points="712,1620 1399,1635 1399,1595 1309,1559 1271,1587 1188,1580 1156,1602 1031,1558 947,1597 882,1558 812,1591 756,1567 712,1583"/>
                <Baseline points="719,1619 752,1617 786,1617 819,1616 853,1616 887,1616 920,1616 954,1616 988,1617 1021,1617 1055,1617 1089,1618 1122,1619 1156,1619 1190,1620 1223,1620 1257,1622 1291,1622 1324,1623 1358,1623 1392,1623"/>
                <TextEquiv>
                    <Unicode>von den ubrigen aber kinne</Unicode>
                </TextEquiv>
            </TextLine>
            <TextLine id="r2l21" custom="readingOrder {index:20;}">
                <Coords points="479,1658 512,1664 553,1702 607,1668 624,1679 635,1675 652,1681 654,1621 637,1614 598,1624 574,1619 565,1629 542,1616 520,1615 480,1633"/>
                <Baseline points="486,1667 512,1664 539,1664 565,1664 592,1665 618,1667 645,1670"/>
                <TextEquiv>
                    <Unicode>aein.</Unicode>
                </TextEquiv>
            </TextLine>
            <TextLine id="r2l22" custom="readingOrder {index:21;} person {offset:28; length:7;}">
                <Coords points="425,1770 509,1793 622,1752 805,1795 866,1753 1180,1796 1350,1768 1351,1738 897,1673 761,1729 658,1672 567,1713 509,1662 427,1665"/>
                <Baseline points="432,1754 477,1752 523,1752 568,1752 614,1752 660,1752 705,1754 751,1755 796,1755 842,1757 888,1758 933,1760 979,1761 1024,1763 1070,1764 1116,1764 1161,1766 1207,1766 1252,1766 1298,1766 1344,1764"/>
                <TextEquiv>
                    <Unicode>By welchem herren landtvogt Sharner</Unicode>
                </TextEquiv>
            </TextLine>
            <TextLine id="r2l23" custom="readingOrder {index:22;}">
                <Coords points="456,1822 1350,1846 1372,1777 1137,1775 1053,1807 957,1762 862,1753 802,1796 621,1753 456,1786"/>
                <Baseline points="462,1817 507,1815 552,1814 597,1814 642,1814 687,1814 732,1814 778,1815 823,1817 868,1818 913,1819 958,1820 1003,1821 1048,1823 1094,1823 1139,1824 1184,1824 1229,1823 1274,1823 1319,1821 1365,1818"/>
                <TextEquiv>
                    <Unicode>auch disen bericht ablegte, daß er disen</Unicode>
                </TextEquiv>
            </TextLine>
            <TextLine id="r2l24" custom="readingOrder {index:23;}">
                <Coords points="470,1908 543,1877 749,1901 879,1867 992,1875 1085,1926 1147,1879 1244,1877 1280,1913 1393,1898 1393,1845 1259,1832 1124,1854 1079,1827 982,1853 929,1814 763,1815 733,1844 676,1809 606,1846 471,1830"/>
                <Baseline points="477,1877 522,1875 567,1874 613,1874 658,1874 704,1875 749,1875 795,1877 840,1877 886,1878 931,1880 976,1881 1022,1881 1067,1883 1113,1883 1158,1883 1204,1883 1249,1882 1295,1881 1340,1879 1386,1877"/>
                <TextEquiv>
                    <Unicode>shellen etwan vor hijahrin in wahren</Unicode>
                </TextEquiv>
            </TextLine>
            <TextLine id="r2l25" custom="readingOrder {index:24;}">
                <Coords points="464,1945 519,1961 577,1930 694,1973 795,1928 998,1980 1113,1946 1341,1975 1392,1941 1392,1910 1332,1901 1073,1927 994,1876 920,1893 882,1867 840,1905 790,1871 750,1902 649,1910 612,1878 571,1911 465,1911"/>
                <Baseline points="471,1938 516,1936 562,1934 608,1934 653,1932 699,1933 745,1934 790,1935 836,1937 882,1938 928,1940 973,1941 1019,1941 1065,1943 1110,1943 1156,1943 1202,1941 1247,1940 1293,1937 1339,1934 1385,1928"/>
                <TextEquiv>
                    <Unicode>dem seinem Großwrubel dienst wegen</Unicode>
                </TextEquiv>
            </TextLine>
            <TextLine id="r2l26" custom="readingOrder {index:25;}">
                <Coords points="470,2005 785,2007 814,2034 1008,2006 1098,2050 1212,2009 1264,2039 1396,2003 1375,1963 1072,1989 470,1941"/>
                <Baseline points="477,1998 522,1997 568,1995 613,1994 659,1994 705,1995 750,1995 796,1997 841,1999 887,2000 933,2003 978,2003 1024,2004 1069,2006 1115,2007 1161,2007 1206,2006 1252,2006 1297,2003 1343,2000 1389,1995"/>
                <TextEquiv>
                    <Unicode>vordächtagen pilqurietenns auch In gefan¬</Unicode>
                </TextEquiv>
            </TextLine>
            <TextLine id="r2l27" custom="readingOrder {index:26;}">
                <Coords points="457,2091 499,2070 565,2105 624,2064 710,2102 799,2057 1003,2106 1143,2062 1386,2087 1395,2012 1344,1996 1280,2038 1214,2008 1121,2052 915,2003 836,2042 785,2008 665,2037 553,2000 515,2031 457,2017"/>
                <Baseline points="464,2055 510,2055 556,2055 602,2055 648,2056 695,2057 741,2058 787,2059 833,2060 879,2061 926,2063 972,2064 1018,2064 1064,2064 1110,2064 1157,2064 1203,2063 1249,2061 1295,2059 1341,2056 1388,2052"/>
                <TextEquiv>
                    <Unicode>genschafft gehabt, sog welchem b den thon</Unicode>
                </TextEquiv>
            </TextLine>
            <TextLine id="r2l28" custom="readingOrder {index:27;}">
                <Coords points="442,2141 1285,2148 1392,2129 1392,2052 1344,2090 1141,2063 1021,2106 866,2097 801,2058 708,2103 626,2068 596,2097 443,2094"/>
                <Baseline points="449,2120 495,2120 542,2118 589,2118 636,2120 683,2120 729,2121 776,2121 823,2123 870,2123 917,2124 963,2126 1010,2126 1057,2127 1104,2127 1151,2126 1197,2126 1244,2124 1291,2123 1338,2120 1385,2117"/>
                <TextEquiv>
                    <Unicode>angetroffen, von welchen umb in zur</Unicode>
                </TextEquiv>
            </TextLine>
            <TextLine id="r2l29" custom="readingOrder {index:28;}">
                <Coords points="457,2193 636,2188 675,2225 813,2195 959,2231 1103,2184 1181,2212 1218,2178 1357,2194 1369,2141 1260,2164 1021,2137 906,2162 857,2123 804,2161 457,2147"/>
                <Baseline points="464,2183 508,2183 553,2183 598,2183 643,2183 688,2183 733,2184 778,2184 823,2185 868,2186 913,2186 957,2186 1002,2187 1047,2187 1092,2187 1137,2186 1182,2186 1227,2184 1272,2183 1317,2181 1362,2180"/>
                <TextEquiv>
                    <Unicode>memer Zuur allhier Ime nach einer</Unicode>
                </TextEquiv>
            </TextLine>
            <TextLine id="r2l30" custom="readingOrder {index:29;}">
                <Coords points="449,2263 1377,2267 1376,2207 1320,2195 1208,2231 1126,2192 958,2231 807,2193 710,2228 599,2191 449,2196"/>
                <Baseline points="455,2250 500,2249 546,2247 592,2246 638,2246 683,2246 729,2246 775,2247 821,2247 866,2249 912,2249 958,2250 1004,2250 1049,2250 1095,2250 1141,2250 1187,2249 1232,2247 1278,2244 1324,2241 1370,2237"/>
                <TextEquiv>
                    <Unicode>lndiglaßung abgenomen und nun anzahl</Unicode>
                </TextEquiv>
            </TextLine>
            <TextLine id="r2l31" custom="readingOrder {index:30;}">
                <Coords points="449,2323 507,2336 541,2316 604,2316 696,2349 755,2327 785,2345 800,2330 916,2338 927,2272 842,2256 809,2278 711,2286 649,2244 596,2284 528,2256 448,2262"/>
                <Baseline points="455,2313 480,2313 506,2312 532,2312 558,2312 584,2310 610,2310 635,2310 661,2309 687,2309 713,2309 739,2309 765,2309 790,2310 816,2310 842,2310 868,2312 894,2313 920,2315"/>
                <TextEquiv>
                    <Unicode>Zaller darfurgeheann.</Unicode>
                </TextEquiv>
            </TextLine>
            <TextLine id="r2l32" custom="readingOrder {index:31;} person {offset:20; length:14;}">
                <Coords points="409,2425 490,2400 756,2430 926,2410 1177,2465 1343,2407 1330,2353 1179,2370 1137,2326 906,2364 873,2337 653,2332 600,2362 478,2320 411,2345"/>
                <Baseline points="416,2403 464,2400 512,2400 561,2400 609,2400 657,2402 706,2404 754,2406 802,2409 851,2412 899,2414 948,2417 996,2418 1044,2420 1093,2421 1141,2421 1189,2420 1238,2417 1286,2414 1335,2409"/>
                <TextEquiv>
                    <Unicode>Welchen Smricht der Rotoß Langhans</Unicode>
                </TextEquiv>
            </TextLine>
            <TextLine id="r2l33" custom="readingOrder {index:32;}">
                <Coords points="436,2472 535,2466 616,2506 691,2464 812,2500 863,2465 1059,2472 1198,2511 1243,2472 1350,2477 1351,2405 1177,2458 925,2410 778,2448 638,2405 586,2433 480,2403 437,2435"/>
                <Baseline points="443,2466 488,2465 533,2463 578,2463 623,2463 668,2465 713,2466 758,2468 803,2469 848,2471 893,2472 938,2474 983,2475 1028,2476 1073,2477 1118,2477 1163,2475 1208,2474 1253,2472 1298,2469 1344,2465"/>
                <TextEquiv>
                    <Unicode>alß welcher inn zu disem herren geführt</Unicode>
                </TextEquiv>
            </TextLine>
            <TextLine id="r2l34" custom="readingOrder {index:33;}">
                <Coords points="435,2559 579,2531 665,2576 781,2531 995,2526 1300,2567 1325,2563 1326,2499 1243,2472 1196,2510 993,2514 927,2466 812,2519 693,2464 631,2506 536,2467 436,2484"/>
                <Baseline points="443,2523 486,2525 530,2525 574,2526 618,2527 662,2528 705,2529 749,2529 793,2531 837,2531 881,2532 924,2533 968,2534 1012,2534 1056,2535 1100,2535 1143,2535 1187,2534 1231,2534 1275,2532 1319,2532"/>
                <TextEquiv>
                    <Unicode>und znn Zechen Taller fur das Ghrl</Unicode>
                </TextEquiv>
            </TextLine>
            <TextLine id="r2l35" custom="readingOrder {index:34;}">
                <Coords points="436,2626 576,2623 598,2606 713,2637 738,2618 856,2623 889,2597 943,2639 1005,2612 1005,2527 959,2561 921,2535 889,2548 816,2530 663,2575 568,2537 490,2568 437,2558"/>
                <Baseline points="444,2585 471,2586 499,2587 527,2588 554,2589 582,2589 610,2589 637,2591 665,2591 693,2591 721,2591 748,2591 776,2591 804,2591 831,2591 859,2591 887,2591 914,2591 942,2591 970,2592 998,2592"/>
                <TextEquiv>
                    <Unicode>gegeben, auch bestalliget,</Unicode>
                </TextEquiv>
            </TextLine>
            <TextLine id="r2l36" custom="readingOrder {index:35;}">
                <Coords points="444,2730 594,2744 654,2708 749,2714 811,2756 911,2714 997,2752 1053,2720 1090,2756 1136,2723 1352,2709 1353,2667 1310,2650 1097,2699 992,2664 944,2692 845,2632 592,2656 447,2616"/>
                <Baseline points="452,2703 496,2702 541,2702 586,2702 630,2703 675,2703 720,2706 764,2708 809,2711 854,2713 899,2715 943,2717 988,2718 1033,2720 1077,2720 1122,2720 1167,2719 1211,2718 1256,2715 1301,2711 1346,2705"/>
                <TextEquiv>
                    <Unicode>ihagnacht nun dißens alleßig, so vum hor</Unicode>
                </TextEquiv>
            </TextLine>
            <TextLine id="r2l37" custom="readingOrder {index:36;}">
                <Coords points="432,2789 561,2765 608,2800 728,2768 836,2818 934,2768 1333,2790 1333,2750 1182,2718 1090,2756 1052,2720 1001,2751 931,2721 799,2751 748,2713 433,2735"/>
                <Baseline points="440,2766 484,2766 528,2765 572,2765 617,2766 661,2766 705,2768 750,2769 794,2771 838,2772 883,2774 927,2775 971,2775 1015,2777 1060,2777 1104,2777 1148,2777 1193,2777 1237,2774 1281,2772 1326,2769"/>
                <TextEquiv>
                    <Unicode>menrin so wol nach den heren franioes</Unicode>
                </TextEquiv>
            </TextLine>
            <TextLine id="r2l38" custom="readingOrder {index:37;} person {offset:29; length:9;}">
                <Coords points="446,2837 564,2831 653,2878 708,2845 864,2840 972,2885 1097,2835 1222,2881 1312,2837 1313,2774 1213,2810 1103,2779 1045,2825 987,2768 837,2818 713,2777 609,2812 555,2766 447,2803"/>
                <Baseline points="453,2828 495,2829 538,2829 580,2831 623,2832 666,2832 708,2833 751,2834 793,2835 836,2837 879,2837 921,2838 964,2838 1006,2840 1049,2840 1092,2840 1134,2840 1177,2840 1219,2838 1262,2838 1305,2835"/>
                <TextEquiv>
                    <Unicode>albsinnen alßo hrr landtvogt Tscharner</Unicode>
                </TextEquiv>
            </TextLine>
            <TextLine id="r2l39" custom="readingOrder {index:38;}">
                <Coords points="443,2902 726,2901 859,2944 934,2902 993,2929 1033,2901 1331,2924 1365,2918 1367,2823 1230,2892 1108,2836 972,2885 779,2834 653,2879 563,2831 444,2834"/>
                <Baseline points="450,2897 495,2895 540,2894 586,2894 631,2894 677,2895 722,2895 767,2897 813,2898 858,2900 904,2903 949,2904 994,2905 1040,2907 1085,2909 1131,2909 1176,2909 1221,2909 1267,2909 1312,2907 1358,2906"/>
                <TextEquiv>
                    <Unicode>umbständtlich vorgehalten worden, gatt</Unicode>
                </TextEquiv>
            </TextLine>
            <TextLine id="r2l40" custom="readingOrder {index:39;}">
                <Coords points="426,3008 633,2958 716,2982 753,2958 786,2988 1177,2975 1218,3004 1342,2976 1343,2933 1183,2903 728,2942 649,2898 598,2927 530,2893 427,2908"/>
                <Baseline points="434,2963 479,2960 524,2960 569,2958 614,2958 659,2958 704,2959 749,2960 794,2961 839,2963 884,2964 929,2966 974,2967 1019,2969 1064,2969 1109,2970 1154,2970 1199,2970 1244,2970 1289,2970 1335,2969"/>
                <TextEquiv>
                    <Unicode>Er doch dazumahlen alles aufentlich ver¬</Unicode>
                </TextEquiv>
            </TextLine>
            <TextLine id="r2l41" custom="readingOrder {index:40;}">
                <Coords points="424,3028 499,3068 567,3031 740,3016 781,3048 913,3026 1056,3061 1122,3030 1269,3068 1323,3033 1324,2973 1214,3003 1178,2975 1109,2994 988,2966 812,3009 756,2958 695,2987 653,2958 424,3008"/>
                <Baseline points="431,3026 475,3023 519,3021 563,3020 608,3020 652,3020 696,3020 740,3021 785,3023 829,3024 873,3027 917,3029 962,3030 1006,3032 1050,3033 1094,3035 1139,3035 1183,3035 1227,3034 1271,3033 1316,3030"/>
                <TextEquiv>
                    <Unicode>laugnen und dammen daffen, daß e</Unicode>
                </TextEquiv>
            </TextLine>
            <TextLine id="r2l42" custom="readingOrder {index:41;} place {offset:12; length:5;}">
                <Coords points="412,3093 639,3125 679,3092 808,3111 872,3084 992,3136 1044,3100 1174,3127 1347,3099 1348,3065 953,3061 913,3026 801,3067 742,3015 503,3066 414,3034"/>
                <Baseline points="419,3086 465,3084 511,3083 557,3083 603,3083 649,3083 695,3084 741,3086 787,3087 833,3089 879,3090 925,3092 971,3093 1017,3095 1063,3096 1109,3098 1155,3098 1201,3098 1247,3098 1293,3098 1340,3096"/>
                <TextEquiv>
                    <Unicode>demahlen zu Ganff vill minder u derg</Unicode>
                </TextEquiv>
            </TextLine>
            <TextLine id="r2l43" custom="readingOrder {index:42;}">
                <Coords points="403,3146 490,3187 698,3160 800,3199 922,3153 1029,3189 1093,3162 1136,3192 1179,3163 1279,3191 1327,3130 1160,3114 1118,3142 1036,3107 943,3137 855,3093 533,3129 403,3107"/>
                <Baseline points="410,3147 455,3147 500,3147 546,3149 591,3149 637,3150 682,3151 728,3153 773,3153 819,3155 864,3156 909,3156 955,3158 1000,3158 1046,3159 1091,3159 1137,3159 1182,3159 1228,3158 1273,3158 1319,3156"/>
                <TextEquiv>
                    <Unicode>fangenschaft daselbsten auch nit zunr zu</Unicode>
                </TextEquiv>
            </TextLine>
            <TextLine id="r2l44" custom="readingOrder {index:43;} place {offset:0; length:4;}">
                <Coords points="389,3231 437,3220 466,3246 514,3236 585,3263 603,3248 644,3260 675,3246 762,3260 764,3196 739,3200 697,3164 673,3179 650,3170 632,3183 616,3175 598,3189 519,3195 472,3190 414,3147 391,3156"/>
                <Baseline points="396,3212 421,3213 447,3213 473,3214 498,3215 524,3215 550,3216 576,3216 601,3217 627,3218 653,3218 678,3219 704,3220 730,3221 756,3222"/>
                <TextEquiv>
                    <Unicode>Surn gewesen.</Unicode>
                </TextEquiv>
            </TextLine>
            <TextEquiv>
                <Unicode>bald ordie gegeben, u ss die verdächtigen
guachten und selbige zuergreiffen, da
ann by am zunffen, darunder ator¬
menein auch nane gewesen, weilen bysen
gelt funden wolden, so andren geelagt der
lohren zu haben, vnd auß andern verdachtigen
ambstanden muhr erwütscht und an sahtlen
ogal eingesezt worden, und also mann znn
dernis ub der zolten gehabt und die
handschon angebunden wahlen, haben erwegen
seines Beuchis zum mit der Martur Zuter¬
zonn umb Kollens willen gepellen, mit
welchen zum damahlen auch suyn vurschont
orden.
Hernach habe er syn einem oiih von Joha
benadung, daß a sich daselbsten ußhalte
und gutte Tag pilln, ohne das Iumandes sin¬
enthalbe klage oder ir einiche handrmung
tribn.
von den ubrigen aber kinne
aein.
By welchem herren landtvogt Sharner
auch disen bericht ablegte, daß er disen
shellen etwan vor hijahrin in wahren
dem seinem Großwrubel dienst wegen
vordächtagen pilqurietenns auch In gefan¬
genschafft gehabt, sog welchem b den thon
angetroffen, von welchen umb in zur
memer Zuur allhier Ime nach einer
lndiglaßung abgenomen und nun anzahl
Zaller darfurgeheann.
Welchen Smricht der Rotoß Langhans
alß welcher inn zu disem herren geführt
und znn Zechen Taller fur das Ghrl
gegeben, auch bestalliget,
ihagnacht nun dißens alleßig, so vum hor
menrin so wol nach den heren franioes
albsinnen alßo hrr landtvogt Tscharner
umbständtlich vorgehalten worden, gatt
Er doch dazumahlen alles aufentlich ver¬
laugnen und dammen daffen, daß e
demahlen zu Ganff vill minder u derg
fangenschaft daselbsten auch nit zunr zu
Surn gewesen.</Unicode>
            </TextEquiv>
        </TextRegion>
        <TextRegion orientation="0.0" id="r3" custom="readingOrder {index:2;}">
            <Coords points="1635,3014 1635,3170 1668,3170 1668,3014"/>
            <TextLine id="r3l1" custom="readingOrder {index:0;}">
                <Coords points="1632,3138 1641,3136 1646,3130 1650,3132 1656,3127 1659,3129 1665,3122 1676,3120 1664,3054 1658,3055 1653,3062 1641,3061 1637,3068 1628,3062 1618,3065"/>
                <Baseline points="1635,3120 1668,3114"/>
                <TextEquiv>
                    <Unicode>1.</Unicode>
                </TextEquiv>
            </TextLine>
            <TextEquiv>
                <Unicode>1.</Unicode>
            </TextEquiv>
        </TextRegion>
        <TextRegion orientation="0.0" id="r4" custom="readingOrder {index:3;}">
            <Coords points="1718,344 1718,3436 2870,3436 2870,344"/>
            <TextLine id="r4l1" custom="readingOrder {index:0;}">
                <Coords points="2720,404 2738,395 2762,393 2789,408 2797,405 2819,419 2840,410 2829,318 2803,322 2782,308 2779,313 2747,312 2710,325"/>
                <Baseline points="2724,384 2750,382 2776,379 2802,375 2829,372"/>
                <TextEquiv>
                    <Unicode>58.</Unicode>
                </TextEquiv>
            </TextLine>
            <TextLine id="r4l2" custom="readingOrder {index:1;}">
                <Coords points="1773,647 2327,594 2485,616 2533,572 2852,549 2869,444 2795,476 2595,464 2366,547 2278,520 2013,586 1844,560 1767,589"/>
                <Baseline points="1778,633 1832,630 1887,625 1941,620 1996,616 2051,611 2105,606 2160,602 2214,597 2269,593 2324,586 2378,581 2433,576 2487,570 2542,564 2597,558 2651,551 2706,545 2760,537 2815,529 2870,521"/>
                <TextEquiv>
                    <Unicode>selchem nach mann mit ime gegen dem steerke</Unicode>
                </TextEquiv>
            </TextLine>
            <TextLine id="r4l3" custom="readingOrder {index:2;}">
                <Coords points="1802,744 1884,696 2154,714 2313,654 2543,669 2702,610 2860,610 2845,531 2692,587 2534,572 2470,621 2266,597 2173,644 2098,608 1949,648 1872,624 1795,666"/>
                <Baseline points="1805,696 1857,693 1909,689 1962,685 2014,681 2066,676 2119,672 2171,667 2223,662 2276,657 2328,652 2380,647 2433,642 2485,636 2537,630 2590,625 2642,618 2694,613 2747,606 2799,599 2852,591"/>
                <TextEquiv>
                    <Unicode>huen zugefahren, und iun daselbsten Zurch</Unicode>
                </TextEquiv>
            </TextLine>
            <TextLine id="r4l4" custom="readingOrder {index:3;}">
                <Coords points="1773,777 1901,778 1932,746 2171,763 2204,734 2266,760 2330,717 2468,709 2531,736 2616,693 2653,719 2792,678 2787,616 2628,630 2538,677 2459,654 2400,697 2199,681 2000,736 1902,701 1771,754"/>
                <Baseline points="1779,768 1829,764 1879,758 1930,752 1980,748 2030,743 2081,739 2131,735 2181,731 2232,727 2282,723 2332,718 2383,714 2433,709 2483,704 2534,699 2584,694 2634,688 2685,681 2735,675 2786,668"/>
                <TextEquiv>
                    <Unicode>en nramb besichigen laßen, ob emnt</Unicode>
                </TextEquiv>
            </TextLine>
            <TextLine id="r4l5" custom="readingOrder {index:4;}">
                <Coords points="1793,862 1963,857 2186,788 2282,816 2322,775 2425,797 2784,749 2857,735 2853,687 2767,668 2650,722 2614,694 2572,736 2389,720 2130,769 1976,750 1787,800"/>
                <Baseline points="1797,830 1849,823 1902,818 1954,812 2007,807 2060,802 2112,797 2165,792 2217,788 2270,783 2323,777 2375,772 2428,768 2480,763 2533,758 2586,752 2638,747 2691,741 2743,735 2796,729 2849,723"/>
                <TextEquiv>
                    <Unicode>einem parhatten bruch behaffet und nis be</Unicode>
                </TextEquiv>
            </TextLine>
            <TextLine id="r4l6" custom="readingOrder {index:5;} place {offset:18; length:6;}">
                <Coords points="1789,928 1900,875 1941,899 2362,841 2433,866 2467,829 2556,855 2790,795 2798,750 1782,864"/>
                <Baseline points="1791,887 1841,882 1891,878 1941,874 1991,869 2042,864 2092,861 2142,857 2192,852 2242,848 2293,843 2343,839 2393,835 2443,830 2493,825 2544,819 2594,813 2644,807 2694,801 2744,795 2795,788"/>
                <TextEquiv>
                    <Unicode>mito etwan uf dem Reggel gezeichnnt</Unicode>
                </TextEquiv>
            </TextLine>
            <TextLine id="r4l7" custom="readingOrder {index:6;}">
                <Coords points="1789,957 2505,916 2872,852 2868,808 2802,784 2562,857 2369,842 2260,883 2201,851 1951,921 1876,885 1787,929"/>
                <Baseline points="1796,947 1849,944 1902,939 1956,936 2009,933 2063,929 2116,925 2169,921 2223,917 2276,912 2330,907 2383,902 2436,896 2490,891 2543,885 2597,879 2650,873 2703,865 2757,858 2810,850 2864,842"/>
                <TextEquiv>
                    <Unicode>worden eyn mochte, und It das Befinden</Unicode>
                </TextEquiv>
            </TextLine>
            <TextLine id="r4l8" custom="readingOrder {index:7;}">
                <Coords points="1772,1021 2098,1024 2145,986 2386,969 2464,995 2830,910 2827,879 2665,914 2600,887 2550,928 2388,899 2142,965 1988,969 1938,932 1767,964"/>
                <Baseline points="1778,1011 1830,1007 1882,1004 1934,1001 1986,996 2039,993 2091,990 2143,986 2195,982 2247,978 2300,972 2352,969 2404,964 2456,957 2508,953 2561,946 2613,940 2665,933 2717,926 2769,917 2822,909"/>
                <TextEquiv>
                    <Unicode>ahin widerprach worden, daß amit einem</Unicode>
                </TextEquiv>
            </TextLine>
            <TextLine id="r4l9" custom="readingOrder {index:8;}">
                <Coords points="1795,1078 2019,1098 2090,1048 2186,1092 2240,1047 2470,1061 2544,1018 2773,1027 2847,982 2732,924 2692,966 2542,956 2444,1000 2397,976 2091,1025 2035,1002 2002,1034 1791,1019"/>
                <Baseline points="1802,1068 1853,1066 1905,1062 1957,1059 2009,1056 2061,1053 2113,1050 2165,1047 2217,1043 2269,1040 2321,1036 2372,1032 2424,1029 2476,1024 2528,1019 2580,1014 2632,1009 2684,1002 2736,995 2788,988 2840,980"/>
                <TextEquiv>
                    <Unicode>indgwar zimlich großen bruch behaffet seye.</Unicode>
                </TextEquiv>
            </TextLine>
            <TextLine id="r4l10" custom="readingOrder {index:9;}">
                <Coords points="1792,1141 1927,1120 2025,1156 2107,1121 2208,1149 2340,1096 2548,1118 2754,1067 2787,1048 2783,992 2640,1058 2544,1018 2471,1061 2399,1032 2351,1061 2238,1049 2186,1093 1788,1088"/>
                <Baseline points="1799,1136 1848,1132 1897,1127 1946,1124 1995,1121 2044,1117 2093,1115 2142,1112 2191,1110 2240,1106 2289,1104 2338,1101 2387,1097 2436,1094 2485,1090 2534,1086 2583,1080 2632,1074 2681,1069 2730,1061 2780,1053"/>
                <TextEquiv>
                    <Unicode>uff der rechten achßlen dann scheinn ins</Unicode>
                </TextEquiv>
            </TextLine>
            <TextLine id="r4l11" custom="readingOrder {index:10;}">
                <Coords points="1784,1203 2172,1200 2226,1169 2439,1197 2527,1151 2873,1123 2866,1037 2681,1110 2346,1096 2303,1141 2213,1149 1779,1145"/>
                <Baseline points="1791,1197 1844,1193 1898,1188 1951,1185 2005,1181 2059,1178 2112,1174 2166,1172 2220,1169 2273,1166 2327,1163 2381,1158 2434,1155 2488,1149 2542,1145 2595,1139 2649,1133 2703,1125 2756,1117 2810,1107 2864,1097"/>
                <TextEquiv>
                    <Unicode>als wann er bezeitb und zwar mit nunne</Unicode>
                </TextEquiv>
            </TextLine>
            <TextLine id="r4l12" custom="readingOrder {index:11;}">
                <Coords points="1784,1265 1833,1285 1902,1265 1939,1290 1976,1267 2032,1291 2169,1224 2276,1275 2410,1259 2501,1215 2536,1227 2534,1197 2484,1166 2439,1197 2401,1169 2341,1203 2214,1181 2174,1204 2152,1184 1780,1204"/>
                <Baseline points="1790,1262 1826,1259 1863,1255 1900,1253 1937,1250 1974,1246 2011,1244 2048,1241 2085,1238 2122,1236 2159,1233 2195,1232 2232,1229 2269,1227 2306,1226 2343,1224 2380,1222 2417,1220 2454,1218 2491,1217 2528,1215"/>
                <TextEquiv>
                    <Unicode>zahren gegeichnet worden wahre.</Unicode>
                </TextEquiv>
            </TextLine>
            <TextLine id="r4l13" custom="readingOrder {index:12;}">
                <Coords points="1757,1393 1803,1402 1858,1342 2083,1366 2226,1331 2296,1366 2461,1305 2493,1330 2533,1296 2803,1294 2822,1205 2771,1173 2431,1289 2372,1253 2255,1299 2109,1261 2043,1301 1976,1270 1751,1315"/>
                <Baseline points="1761,1353 1813,1350 1866,1347 1919,1343 1972,1339 2025,1336 2078,1334 2131,1331 2184,1327 2237,1323 2290,1320 2342,1317 2395,1313 2448,1309 2501,1304 2554,1299 2607,1293 2660,1287 2713,1279 2766,1271 2819,1262"/>
                <TextEquiv>
                    <Unicode>alß kaber deßwegen zu zud geselt worden</Unicode>
                </TextEquiv>
            </TextLine>
            <TextLine id="r4l14" custom="readingOrder {index:13;}">
                <Coords points="1760,1427 1985,1433 2025,1399 2102,1436 2172,1391 2479,1369 2533,1397 2831,1327 2844,1292 2689,1292 2640,1332 2461,1304 2294,1367 2245,1342 2086,1374 1989,1340 1755,1368"/>
                <Baseline points="1766,1415 1819,1410 1873,1406 1927,1402 1980,1399 2034,1397 2088,1394 2141,1391 2195,1388 2249,1384 2303,1380 2356,1378 2410,1373 2464,1369 2517,1364 2571,1358 2625,1352 2678,1344 2732,1336 2786,1327 2840,1317"/>
                <TextEquiv>
                    <Unicode>alt er deßen gar nit bekantlich sein wollen</Unicode>
                </TextEquiv>
            </TextLine>
            <TextLine id="r4l15" custom="readingOrder {index:14;}">
                <Coords points="1788,1484 1934,1502 1999,1452 2130,1447 2200,1491 2326,1437 2755,1429 2750,1357 2490,1402 2424,1380 2324,1420 2195,1394 2098,1435 2022,1408 1912,1443 1784,1424"/>
                <Baseline points="1794,1475 1841,1471 1889,1467 1937,1463 1983,1460 2031,1458 2079,1455 2126,1452 2174,1449 2222,1446 2270,1444 2317,1441 2365,1438 2413,1436 2460,1433 2508,1428 2556,1425 2603,1421 2651,1416 2699,1411 2747,1406"/>
                <TextEquiv>
                    <Unicode>ondern gesagt es seyn ein hen volant</Unicode>
                </TextEquiv>
            </TextLine>
            <TextLine id="r4l16" custom="readingOrder {index:15;}">
                <Coords points="1967,1497 1981,1493 1989,1499 2013,1490 2027,1495 2042,1489 2064,1493 2078,1482 2089,1482 2087,1446 2078,1447 2059,1465 2047,1455 2027,1462 1999,1452 1989,1460 1964,1459"/>
                <Baseline points="1973,1487 2000,1488 2027,1486 2054,1483 2082,1479"/>
                <TextEquiv>
                    <Unicode>Ccu</Unicode>
                </TextEquiv>
            </TextLine>
            <TextLine id="r4l17" custom="readingOrder {index:16;} person {offset:19; length:7;}">
                <Coords points="1767,1545 2015,1504 2179,1548 2233,1504 2442,1518 2492,1488 2752,1480 2749,1429 2669,1422 2614,1459 2553,1420 2459,1456 2323,1440 2242,1491 2131,1448 2065,1492 1764,1485"/>
                <Baseline points="1773,1532 1821,1527 1870,1523 1918,1521 1967,1518 2015,1516 2064,1513 2112,1511 2161,1509 2209,1507 2258,1505 2307,1502 2355,1500 2404,1497 2452,1495 2501,1491 2549,1489 2598,1484 2646,1479 2695,1475 2744,1469"/>
                <TextEquiv>
                    <Unicode>Wie dann alß d die Achtlin vor alhen</Unicode>
                </TextEquiv>
            </TextLine>
            <TextLine id="r4l18" custom="readingOrder {index:17;}">
                <Coords points="1790,1598 1949,1616 2087,1567 2169,1615 2527,1555 2646,1591 2799,1536 2797,1496 2739,1478 2588,1523 2394,1503 2332,1549 2260,1503 2179,1549 2015,1504 1787,1530"/>
                <Baseline points="1796,1584 1845,1581 1895,1578 1945,1575 1995,1572 2045,1571 2094,1569 2144,1568 2194,1566 2244,1565 2294,1563 2343,1561 2393,1559 2443,1556 2493,1553 2543,1549 2592,1545 2642,1540 2692,1535 2742,1527 2792,1520"/>
                <TextEquiv>
                    <Unicode>umbsehenden unzblößt, von münigklichen</Unicode>
                </TextEquiv>
            </TextLine>
            <TextLine id="r4l19" custom="readingOrder {index:18;}">
                <Coords points="1785,1653 2007,1679 2067,1633 2378,1651 2453,1617 2545,1657 2595,1613 2788,1607 2786,1565 2295,1572 2170,1615 2069,1577 1953,1617 1782,1601"/>
                <Baseline points="1791,1644 1840,1641 1889,1637 1939,1635 1988,1632 2038,1631 2087,1629 2137,1628 2186,1626 2236,1625 2285,1623 2334,1622 2384,1620 2433,1619 2483,1616 2532,1614 2582,1610 2631,1607 2681,1603 2730,1598 2780,1592"/>
                <TextEquiv>
                    <Unicode>füreine gebrunems zengen gehaltung</Unicode>
                </TextEquiv>
            </TextLine>
            <TextLine id="r4l20" custom="readingOrder {index:19;}">
                <Coords points="1786,1713 2137,1689 2230,1720 2388,1673 2455,1711 2603,1668 2713,1702 2856,1663 2853,1593 2502,1658 2455,1618 2276,1667 2163,1631 2008,1678 1783,1655"/>
                <Baseline points="1793,1706 1845,1701 1898,1700 1951,1697 2004,1694 2057,1692 2109,1691 2162,1688 2215,1686 2268,1685 2321,1682 2373,1680 2426,1678 2479,1675 2532,1671 2585,1669 2637,1665 2690,1661 2743,1656 2796,1650 2849,1644"/>
                <TextEquiv>
                    <Unicode>Vordeneß und zu seiner enschald umgleiches</Unicode>
                </TextEquiv>
            </TextLine>
            <TextLine id="r4l21" custom="readingOrder {index:20;}">
                <Coords points="1775,1768 2103,1783 2164,1742 2258,1772 2483,1733 2551,1769 2718,1735 2716,1673 2488,1711 2407,1678 2312,1720 2266,1694 2178,1723 2138,1689 1773,1719"/>
                <Baseline points="1781,1751 1827,1749 1874,1748 1920,1746 1967,1745 2013,1744 2060,1743 2106,1742 2153,1740 2199,1739 2246,1737 2292,1736 2339,1734 2385,1733 2432,1730 2478,1729 2525,1726 2571,1724 2618,1722 2664,1719 2711,1716"/>
                <TextEquiv>
                    <Unicode>an der dinen deß ruchten bauns gühingt.</Unicode>
                </TextEquiv>
            </TextLine>
            <TextLine id="r4l22" custom="readingOrder {index:21;}">
                <Coords points="1774,1841 2099,1821 2260,1856 2436,1825 2560,1870 2626,1818 2805,1809 2804,1754 2751,1726 2697,1777 2533,1795 2170,1757 1993,1789 1882,1758 1774,1818"/>
                <Baseline points="1781,1835 1831,1831 1882,1827 1933,1824 1984,1823 2035,1821 2086,1821 2136,1820 2187,1820 2238,1820 2289,1821 2340,1821 2391,1821 2442,1821 2492,1821 2543,1821 2594,1821 2645,1820 2696,1817 2747,1814 2798,1811"/>
                <TextEquiv>
                    <Unicode>arauff zum anbnuohten worden sich dns dem</Unicode>
                </TextEquiv>
            </TextLine>
            <TextLine id="r4l23" custom="readingOrder {index:22;} person {offset:26; length:4;}">
                <Coords points="1763,1903 1892,1930 2153,1880 2270,1915 2381,1890 2419,1922 2523,1880 2799,1887 2799,1837 2734,1821 2561,1870 2445,1826 2266,1863 2137,1824 2099,1858 1949,1821 1878,1866 1763,1836"/>
                <Baseline points="1770,1896 1821,1893 1872,1889 1923,1887 1974,1886 2025,1884 2076,1884 2127,1884 2178,1884 2229,1886 2281,1886 2332,1886 2383,1887 2434,1887 2485,1887 2536,1886 2587,1886 2638,1884 2689,1882 2740,1880 2792,1875"/>
                <TextEquiv>
                    <Unicode>stuhl zusetzen und dem mr Hans nun händ</Unicode>
                </TextEquiv>
            </TextLine>
            <TextLine id="r4l24" custom="readingOrder {index:23;}">
                <Coords points="1757,1961 1877,1988 2280,1950 2373,1993 2444,1943 2551,1972 2827,1950 2826,1915 2739,1885 2524,1879 2425,1924 2382,1891 2300,1921 2148,1884 2089,1923 1756,1907"/>
                <Baseline points="1764,1953 1816,1951 1869,1949 1922,1946 1975,1944 2027,1944 2080,1943 2133,1943 2186,1943 2238,1944 2291,1944 2344,1944 2397,1944 2449,1944 2502,1944 2555,1944 2608,1943 2660,1942 2713,1940 2766,1937 2819,1934"/>
                <TextEquiv>
                    <Unicode>arzugeben mit nochmahligen uenstork vor</Unicode>
                </TextEquiv>
            </TextLine>
            <TextLine id="r4l25" custom="readingOrder {index:24;}">
                <Coords points="1769,2022 1831,2007 1899,2051 1960,2004 2133,2048 2205,2003 2320,1998 2691,2025 2769,2001 2769,1934 2644,1988 2523,1950 2299,1986 2194,1947 2126,1984 1993,1955 1956,1991 1840,1965 1769,1992"/>
                <Baseline points="1776,2009 1825,2007 1874,2007 1923,2006 1973,2006 2022,2006 2071,2006 2121,2006 2170,2006 2219,2006 2269,2007 2318,2007 2367,2007 2416,2007 2466,2007 2515,2007 2564,2007 2614,2006 2663,2006 2712,2004 2762,2003"/>
                <TextEquiv>
                    <Unicode>ellung seiner großen versorkung und</Unicode>
                </TextEquiv>
            </TextLine>
            <TextLine id="r4l26" custom="readingOrder {index:25;}">
                <Coords points="1781,2071 2504,2059 2681,2112 2812,2065 2812,2035 2715,2015 2476,2004 2319,2032 2206,2002 2133,2049 1965,2004 1909,2051 1831,2008 1781,2029"/>
                <Baseline points="1788,2069 1838,2067 1889,2066 1940,2066 1991,2066 2042,2066 2093,2066 2143,2067 2194,2067 2245,2069 2296,2069 2347,2069 2398,2070 2449,2070 2499,2069 2550,2069 2601,2067 2652,2066 2703,2064 2754,2061 2805,2058"/>
                <TextEquiv>
                    <Unicode>it minderer unverschanikeit sachen zu¬</Unicode>
                </TextEquiv>
            </TextLine>
            <TextLine id="r4l27" custom="readingOrder {index:26;}">
                <Coords points="1765,2138 1920,2129 1999,2169 2119,2134 2187,2178 2376,2132 2446,2176 2480,2142 2832,2131 2833,2070 2526,2122 2263,2065 2070,2063 1921,2111 1766,2070"/>
                <Baseline points="1772,2129 1824,2127 1877,2127 1929,2127 1982,2127 2035,2129 2087,2129 2140,2130 2193,2132 2245,2133 2298,2133 2351,2135 2403,2135 2456,2135 2509,2135 2561,2135 2614,2133 2667,2132 2719,2129 2772,2127 2825,2123"/>
                <TextEquiv>
                    <Unicode>verlangen und gyhernung, dainhalb in</Unicode>
                </TextEquiv>
            </TextLine>
            <TextLine id="r4l28" custom="readingOrder {index:27;}">
                <Coords points="1928,2172 1937,2172 1941,2168 1956,2166 1956,2133 1947,2133 1941,2127 1937,2125 1928,2126"/>
                <Baseline points="1935,2159 1950,2159"/>
                <TextEquiv>
                    <Unicode>3</Unicode>
                </TextEquiv>
            </TextLine>
            <TextLine id="r4l29" custom="readingOrder {index:28;}">
                <Coords points="1760,2199 2793,2232 2794,2154 2747,2135 2624,2182 2514,2142 2437,2177 2378,2133 2231,2143 2187,2179 1761,2174"/>
                <Baseline points="1767,2189 1818,2189 1869,2189 1920,2189 1971,2189 2022,2190 2073,2192 2124,2192 2175,2194 2226,2195 2277,2196 2328,2198 2379,2199 2430,2201 2481,2202 2532,2202 2583,2202 2634,2202 2685,2202 2736,2202 2787,2201"/>
                <TextEquiv>
                    <Unicode>nun zumorige sachtnr und Examinalarii</Unicode>
                </TextEquiv>
            </TextLine>
            <TextLine id="r4l30" custom="readingOrder {index:29;}">
                <Coords points="1748,2258 2019,2298 2182,2256 2281,2302 2418,2262 2580,2312 2734,2259 2735,2224 2651,2244 2596,2212 2393,2207 2338,2243 2165,2194 2072,2231 1945,2195 1748,2209"/>
                <Baseline points="1754,2250 1802,2250 1851,2250 1899,2250 1948,2250 1997,2252 2045,2253 2094,2255 2143,2256 2191,2258 2240,2259 2289,2261 2337,2262 2386,2264 2435,2264 2483,2265 2532,2265 2581,2264 2629,2262 2678,2261 2727,2258"/>
                <TextEquiv>
                    <Unicode>dißmahlen gegenwertig überwisen thund</Unicode>
                </TextEquiv>
            </TextLine>
            <TextLine id="r4l31" custom="readingOrder {index:30;}">
                <Coords points="1751,2323 2125,2348 2206,2321 2283,2366 2467,2324 2678,2357 2820,2341 2821,2297 2733,2256 2598,2312 2545,2281 2460,2302 2418,2261 2281,2302 2186,2260 2142,2297 1751,2268"/>
                <Baseline points="1758,2316 1810,2316 1863,2316 1916,2316 1969,2318 2022,2319 2074,2319 2127,2321 2180,2322 2233,2324 2286,2325 2338,2327 2391,2328 2444,2328 2497,2330 2550,2330 2602,2330 2655,2330 2708,2330 2761,2328 2814,2327"/>
                <TextEquiv>
                    <Unicode>und mines weges geduncken solle, daß man</Unicode>
                </TextEquiv>
            </TextLine>
            <TextLine id="r4l32" custom="readingOrder {index:31;}">
                <Coords points="1748,2389 2002,2410 2173,2382 2409,2423 2490,2396 2531,2437 2646,2395 2782,2415 2781,2338 2705,2371 2465,2323 2291,2366 2217,2330 1968,2353 1888,2318 1828,2355 1750,2327"/>
                <Baseline points="1755,2373 1806,2373 1857,2375 1908,2375 1959,2376 2010,2377 2061,2379 2112,2380 2163,2382 2214,2384 2265,2386 2316,2388 2367,2390 2418,2391 2469,2393 2520,2394 2571,2394 2622,2396 2673,2396 2724,2396 2775,2396"/>
                <TextEquiv>
                    <Unicode>zn wegen seines Sruches, wie zu Gunff</Unicode>
                </TextEquiv>
            </TextLine>
            <TextLine id="r4l33" custom="readingOrder {index:32;}">
                <Coords points="1754,2445 2755,2493 2786,2419 2181,2423 2058,2379 1996,2425 1921,2378 1755,2383"/>
                <Baseline points="1761,2436 1811,2438 1862,2439 1913,2441 1964,2442 2015,2444 2066,2445 2116,2447 2167,2448 2218,2450 2269,2451 2320,2453 2371,2454 2422,2456 2472,2457 2523,2459 2574,2461 2625,2462 2676,2463 2727,2465 2778,2466"/>
                <TextEquiv>
                    <Unicode>beschechen, verschonen wwerde, sondern alle</Unicode>
                </TextEquiv>
            </TextLine>
            <TextLine id="r4l34" custom="readingOrder {index:33;}">
                <Coords points="1744,2506 1856,2527 1922,2497 2026,2546 2067,2512 2512,2514 2675,2565 2788,2543 2789,2502 2740,2481 2627,2497 2549,2460 2479,2493 2292,2453 2239,2487 2198,2453 2035,2485 1981,2439 1902,2475 1746,2443"/>
                <Baseline points="1751,2499 1802,2501 1854,2502 1905,2504 1957,2505 2008,2507 2060,2508 2111,2510 2163,2511 2214,2513 2266,2514 2317,2516 2369,2517 2420,2519 2472,2519 2523,2520 2575,2520 2626,2522 2678,2522 2729,2522 2781,2520"/>
                <TextEquiv>
                    <Unicode>Marter Angewundt und inm vorligende</Unicode>
                </TextEquiv>
            </TextLine>
            <TextLine id="r4l35" custom="readingOrder {index:34;}">
                <Coords points="1739,2570 2720,2614 2738,2567 2511,2514 2336,2564 2221,2526 2182,2547 2064,2515 2028,2547 1991,2510 1928,2540 1740,2514"/>
                <Baseline points="1746,2565 1795,2567 1844,2568 1893,2568 1942,2570 1992,2571 2041,2573 2090,2574 2139,2576 2188,2577 2238,2579 2287,2580 2336,2581 2385,2582 2434,2583 2484,2585 2533,2586 2582,2588 2631,2588 2680,2589 2730,2591"/>
                <TextEquiv>
                    <Unicode>Steinen alle werdind angehenckt Graden</Unicode>
                </TextEquiv>
            </TextLine>
            <TextLine id="r4l36" custom="readingOrder {index:35;}">
                <Coords points="1765,2636 2019,2667 2136,2640 2306,2684 2360,2646 2468,2686 2785,2668 2783,2626 2626,2639 2478,2587 2341,2635 2241,2582 2061,2608 1992,2574 1767,2569"/>
                <Baseline points="1772,2633 1822,2633 1872,2633 1922,2634 1973,2635 2023,2637 2073,2638 2124,2640 2174,2643 2224,2645 2275,2647 2325,2649 2375,2651 2425,2652 2476,2655 2526,2657 2576,2657 2627,2658 2677,2658 2727,2657 2778,2655"/>
                <TextEquiv>
                    <Unicode>umb die warheit zu haben, und suche mann</Unicode>
                </TextEquiv>
            </TextLine>
            <TextLine id="r4l37" custom="readingOrder {index:36;}">
                <Coords points="1742,2701 1964,2742 2024,2708 2097,2740 2148,2704 2545,2754 2591,2718 2782,2735 2784,2666 2747,2659 2467,2686 2354,2647 2306,2683 2252,2655 2171,2682 2139,2649 2014,2675 1744,2633"/>
                <Baseline points="1749,2693 1800,2693 1851,2694 1902,2696 1954,2697 2005,2699 2056,2700 2108,2703 2159,2705 2210,2708 2262,2709 2313,2712 2364,2714 2415,2715 2467,2717 2518,2717 2569,2718 2621,2717 2672,2717 2723,2715 2775,2714"/>
                <TextEquiv>
                    <Unicode>darauß sein große boßlint, daß er solche sahen</Unicode>
                </TextEquiv>
            </TextLine>
            <TextLine id="r4l38" custom="readingOrder {index:37;}">
                <Coords points="1753,2765 2430,2773 2511,2814 2602,2781 2775,2789 2753,2739 2508,2732 2462,2760 2148,2705 1956,2742 1756,2692"/>
                <Baseline points="1760,2757 1810,2756 1860,2756 1911,2756 1961,2757 2012,2759 2062,2760 2113,2762 2163,2763 2214,2765 2264,2768 2314,2770 2365,2772 2415,2774 2466,2777 2516,2778 2567,2778 2617,2780 2668,2781 2718,2781 2769,2780"/>
                <TextEquiv>
                    <Unicode>laugen dafn, die von keiner consequent</Unicode>
                </TextEquiv>
            </TextLine>
            <TextLine id="r4l39" custom="readingOrder {index:38;}">
                <Coords points="1754,2850 1948,2820 2090,2864 2243,2826 2515,2871 2783,2847 2785,2797 2745,2776 2511,2825 2444,2782 2373,2807 2216,2770 2162,2805 2056,2767 1948,2796 1758,2764"/>
                <Baseline points="1763,2814 1813,2814 1864,2814 1914,2816 1965,2817 2016,2819 2066,2820 2117,2823 2167,2825 2218,2826 2269,2829 2319,2832 2370,2834 2420,2837 2471,2840 2522,2842 2572,2844 2623,2847 2673,2849 2724,2850 2775,2852"/>
                <TextEquiv>
                    <Unicode>vnd darunhalb er überwisen seyn, darauff</Unicode>
                </TextEquiv>
            </TextLine>
            <TextLine id="r4l40" custom="readingOrder {index:39;}">
                <Coords points="1735,2881 2007,2878 2193,2920 2329,2883 2500,2947 2686,2912 2799,2944 2802,2856 2670,2880 2615,2846 2474,2889 2389,2837 2323,2868 2241,2827 2132,2868 1737,2831"/>
                <Baseline points="1742,2879 1794,2877 1847,2877 1899,2877 1952,2879 2004,2880 2057,2882 2109,2883 2162,2886 2214,2888 2267,2891 2320,2892 2372,2895 2425,2898 2477,2901 2530,2904 2582,2906 2635,2908 2687,2910 2740,2912 2793,2913"/>
                <TextEquiv>
                    <Unicode>er uff seine mug gefallen umb gnad gebüllig</Unicode>
                </TextEquiv>
            </TextLine>
            <TextLine id="r4l41" custom="readingOrder {index:40;}">
                <Coords points="1759,2944 1880,2968 2042,2946 2151,2998 2251,2958 2488,2969 2528,3004 2632,2969 2734,2989 2704,2940 2497,2947 2354,2893 2280,2936 1762,2877"/>
                <Baseline points="1766,2940 1814,2942 1862,2942 1910,2943 1958,2945 2006,2946 2054,2948 2102,2949 2150,2952 2198,2954 2246,2955 2294,2957 2342,2960 2390,2961 2438,2963 2486,2965 2534,2967 2582,2969 2630,2970 2678,2972 2727,2973"/>
                <TextEquiv>
                    <Unicode>Vnd Eß die beschechenn Interrogaloria</Unicode>
                </TextEquiv>
            </TextLine>
            <TextLine id="r4l42" custom="readingOrder {index:41;}">
                <Coords points="1757,3017 1821,3042 1981,3009 2185,3054 2239,3025 2308,3068 2362,3027 2529,3060 2531,2987 2487,2970 2431,2997 2390,2958 2335,2980 2258,2959 2147,3000 2043,2947 1965,2972 1927,2945 1867,2977 1759,2944"/>
                <Baseline points="1764,3006 1803,3006 1843,3006 1883,3006 1923,3008 1963,3008 2003,3009 2043,3011 2083,3012 2123,3014 2163,3015 2203,3017 2243,3018 2283,3020 2323,3022 2363,3024 2403,3026 2443,3027 2483,3029 2523,3030"/>
                <TextEquiv>
                    <Unicode>folgende bekantumb gethann</Unicode>
                </TextEquiv>
            </TextLine>
            <TextLine id="r4l43" custom="readingOrder {index:42;}">
                <Coords points="1711,3114 1919,3156 1987,3119 2315,3153 2372,3122 2459,3179 2599,3123 2642,3161 2727,3143 2729,3073 2443,3077 2353,3026 2273,3077 2068,3020 1712,3083"/>
                <Baseline points="1718,3110 1768,3108 1818,3108 1868,3108 1918,3110 1968,3110 2018,3111 2068,3113 2118,3113 2168,3115 2219,3117 2269,3119 2319,3121 2369,3123 2419,3125 2469,3128 2519,3129 2569,3131 2619,3133 2669,3135 2720,3137"/>
                <TextEquiv>
                    <Unicode>daß erzu kunff in gefangenschaff gsin</Unicode>
                </TextEquiv>
            </TextLine>
            <TextLine id="r4l44" custom="readingOrder {index:43;}">
                <Coords points="1755,3167 1859,3199 1905,3172 1979,3207 2119,3179 2207,3215 2297,3189 2472,3220 2698,3203 2700,3144 2641,3160 2599,3122 2464,3178 2374,3122 2292,3160 2243,3125 2154,3160 2082,3115 1919,3156 1755,3148"/>
                <Baseline points="1761,3170 1807,3171 1854,3171 1900,3172 1947,3173 1993,3174 2040,3176 2086,3177 2133,3179 2179,3180 2226,3182 2272,3183 2319,3185 2365,3188 2412,3189 2458,3191 2505,3192 2551,3194 2598,3195 2644,3197 2691,3197"/>
                <TextEquiv>
                    <Unicode>eyn daselbsten geschmeitzt, dem dolck</Unicode>
                </TextEquiv>
            </TextLine>
            <TextLine id="r4l45" custom="readingOrder {index:44;}">
                <Coords points="1742,3247 2772,3272 2712,3189 2159,3222 2108,3179 1922,3216 1745,3175"/>
                <Baseline points="1749,3231 1799,3231 1850,3231 1901,3233 1952,3233 2003,3234 2054,3237 2104,3238 2155,3240 2206,3242 2257,3245 2308,3246 2359,3248 2410,3250 2460,3252 2511,3254 2562,3255 2613,3256 2664,3257 2715,3257 2766,3257"/>
                <TextEquiv>
                    <Unicode>vorgestelt und hernach auß der statt ver¬</Unicode>
                </TextEquiv>
            </TextLine>
            <TextLine id="r4l46" custom="readingOrder {index:45;}">
                <Coords points="1748,3290 1995,3290 2047,3333 2103,3304 2329,3311 2506,3355 2582,3325 2682,3360 2785,3318 2787,3287 2715,3257 2619,3297 2565,3259 2430,3254 2375,3288 2236,3242 2051,3275 1900,3236 1857,3271 1750,3246"/>
                <Baseline points="1755,3287 1806,3287 1857,3288 1908,3290 1959,3291 2010,3293 2061,3294 2113,3298 2164,3300 2215,3303 2266,3306 2317,3309 2368,3312 2419,3315 2471,3318 2522,3320 2573,3321 2624,3323 2675,3323 2726,3324 2778,3323"/>
                <TextEquiv>
                    <Unicode>bisen worden, habe aber nichts bösens gethan.</Unicode>
                </TextEquiv>
            </TextLine>
            <TextLine id="r4l47" custom="readingOrder {index:46;}">
                <Coords points="1737,3347 2124,3362 2270,3413 2309,3388 2454,3422 2557,3386 2679,3403 2682,3351 2572,3326 2398,3355 2329,3311 2263,3348 2138,3303 2052,3335 1994,3289 1739,3291"/>
                <Baseline points="1743,3345 1789,3345 1836,3345 1882,3347 1929,3349 1975,3350 2022,3353 2068,3355 2115,3358 2161,3360 2208,3363 2254,3366 2301,3369 2347,3371 2394,3374 2440,3377 2487,3378 2533,3380 2580,3382 2626,3383 2673,3384"/>
                <TextEquiv>
                    <Unicode>Wüße nit worumb mann salß gegen zum</Unicode>
                </TextEquiv>
            </TextLine>
            <TextLine id="r4l48" custom="readingOrder {index:47;}">
                <Coords points="1737,3439 1763,3433 1780,3452 1804,3458 1837,3440 1896,3440 1913,3454 1978,3421 1979,3403 1940,3387 1926,3393 1876,3349 1844,3346 1816,3360 1799,3348 1786,3355 1743,3344"/>
                <Baseline points="1746,3410 1771,3409 1796,3408 1821,3409 1846,3410 1871,3411 1896,3414 1921,3416 1946,3419 1971,3422"/>
                <TextEquiv>
                    <Unicode>verfahren.</Unicode>
                </TextEquiv>
            </TextLine>
            <TextEquiv>
                <Unicode>58.
selchem nach mann mit ime gegen dem steerke
huen zugefahren, und iun daselbsten Zurch
en nramb besichigen laßen, ob emnt
einem parhatten bruch behaffet und nis be
mito etwan uf dem Reggel gezeichnnt
worden eyn mochte, und It das Befinden
ahin widerprach worden, daß amit einem
indgwar zimlich großen bruch behaffet seye.
uff der rechten achßlen dann scheinn ins
als wann er bezeitb und zwar mit nunne
zahren gegeichnet worden wahre.
alß kaber deßwegen zu zud geselt worden
alt er deßen gar nit bekantlich sein wollen
ondern gesagt es seyn ein hen volant
Ccu
Wie dann alß d die Achtlin vor alhen
umbsehenden unzblößt, von münigklichen
füreine gebrunems zengen gehaltung
Vordeneß und zu seiner enschald umgleiches
an der dinen deß ruchten bauns gühingt.
arauff zum anbnuohten worden sich dns dem
stuhl zusetzen und dem mr Hans nun händ
arzugeben mit nochmahligen uenstork vor
ellung seiner großen versorkung und
it minderer unverschanikeit sachen zu¬
verlangen und gyhernung, dainhalb in
3
nun zumorige sachtnr und Examinalarii
dißmahlen gegenwertig überwisen thund
und mines weges geduncken solle, daß man
zn wegen seines Sruches, wie zu Gunff
beschechen, verschonen wwerde, sondern alle
Marter Angewundt und inm vorligende
Steinen alle werdind angehenckt Graden
umb die warheit zu haben, und suche mann
darauß sein große boßlint, daß er solche sahen
laugen dafn, die von keiner consequent
vnd darunhalb er überwisen seyn, darauff
er uff seine mug gefallen umb gnad gebüllig
Vnd Eß die beschechenn Interrogaloria
folgende bekantumb gethann
daß erzu kunff in gefangenschaff gsin
eyn daselbsten geschmeitzt, dem dolck
vorgestelt und hernach auß der statt ver¬
bisen worden, habe aber nichts bösens gethan.
Wüße nit worumb mann salß gegen zum
verfahren.</Unicode>
            </TextEquiv>
        </TextRegion>
    </Page>
</PcGts>
