3024 4032
340 509 458 589 127.
538 637 1423 783 Wil ab den stanhten mit den tallen
560 728 1447 834 habe bericht geben wollen, ob er sy das
550 790 1441 891 nit wider die oberkeit habe uffwiglen
554 859 1447 954 wollen. Nein sondern habe sy darmit
539 914 1443 1041 zu zeür schuldinkeit anmahanavnd was
542 988 1404 1100 er daßwingen zuuor gesagt, daß eyn
543 1044 1453 1154 beschechen, weilen er nit im siim gehalt
526 1115 1074 1221 das andern zu bekunnn.
521 1199 1400 1324 Ob e nit ein abschrifft deß ordinanr.
915 1289 1443 1386 lein von demselben haben
555 1289 774 1382 Hanhs habe.
547 1356 1006 1439 er ein keine gemacht
520 1427 1419 1558 Ob e die schritten uff ubstueben in
534 1511 1455 1614 Hr Cullarb seh. auß beuelch deß Brings¬
540 1568 1423 1693 rahts dazumahl alle wider ins gewold
538 1631 1440 1747 gelegt. Nein habe daran noch nilige
518 1714 1045 1820 hinder zum behalten.
1248 1877 1321 1925 dem
520 1876 1467 1984 ab die befundenzeichen uff einn gut
959 1967 1413 2037 da gungen be
525 1953 841 2051 bedüten sollen.
519 2014 1406 2111 zutn, daß selbige abgeschriben seyind.
492 2069 1413 2191 Das Cräzs Zwiffache Cntzli it dann, das die
513 2153 1421 2253 selben diachlesen, aber der Materi nach
520 2213 1370 2319 nit wahrt seiind abzuschreiben, das
482 2272 1404 2390 dritle aber mit manms und nin ru
499 2329 1388 2458 dardurch bedüte die schriffen, so in dem
509 2407 1395 2525 bedencken angezogen, e aber nit habe
509 2483 825 2576 finden coniii.
470 2591 1398 2713 ein übrigen verbleibt etc., sy seiner hin
503 2669 1441 2752 vor ggnthanen bekantumb. acte 5. obris
499 2721 1434 2806 mit vermulden bann nantwas wein 1685
496 2782 1218 2902 degso sagte, das Er zum Viecht thete
436 3089 1416 3215 Alß wi Neinunghe dise seine Jernere
483 3174 1383 3282 bekantnuss gebührender maßen hinder.
473 3218 1411 3343 bracht worden, habend deselben by sobe-
479 3292 1445 3417 Bantendingen und übersich gezögenem mich
490 3352 1416 3471 veren verdacht der büecklich gefahrlich
2708 531 2816 635 128.
1813 664 2789 821 gepflognung orressondenz von tragenden
1804 758 2810 868 oberkenlichen ambtswegen nit acquiescietin
1821 822 2814 947 können, maßen Numihttahl den examinato
1823 891 2769 1014 ten in zernirem ist uffgetragen worden.
1824 941 2826 1053 in in mug mit mehrerem andnost und zwar
1828 1000 2829 1108 mit vürcklicher anwendung der Marterch
1822 1058 2791 1174 setzen und inn zu quiescionierin 1 ob Elnicht
1822 1104 2825 1236 einem panchten gelt hinzuleichen ggewollen
2518 1178 2604 1212 ann
1826 1164 2787 1297 und No 22 by vorgebunder seiner er solches
1819 1234 2827 1347 genommen habe. 2. Ob e nit in gewnstem
1808 1291 2826 1406 Sad seine schwöstern andern in silbrrn schuß
1825 1348 2808 1455 n und tellerin troctiert habind. 3 zu wass
1802 1403 2785 1536 und er den underthann der tellen halb habe
1789 1475 2806 1574 den bericht entdenken und oba nit dardach
1814 1524 2829 1639 aeteration habe unwenken wollen, 4. Bant
1802 1578 2835 1727 sächlich aber, ob aißerer orten voms imme
1808 1649 2768 1745 ein möchte sonderschrifft noch mundtlich in
1805 1687 2792 1828 einiche weg nichts ommuniciert, 5 obar nit
1803 1752 2807 1889 rücklichen gefahrliche correspondenz gehabt,
1810 1829 2823 1936 oder Gmngstms Furnklich dergleichen Ten¬
1811 1895 2316 1990 tiert und gesucht habe.
1795 2088 2768 2207 eeolongen Numichlichen Examinatores solchem
1798 2161 2760 2270 beuelch zu volg den 7. aunis morgund umb
1805 2225 2763 2330 7. Ihr sich abermahlen zu zum In die ge¬
1803 2280 2808 2392 langenschafft berngt und darby nit arman
1799 2345 2808 2455 glet durch creffigens und ennstliches vermahnn,
1793 2409 2805 2520 ein zu anzeigung der warzeit wann noch et
1806 2468 2781 2575 das darhinderzenkle zuverleiten, mit ohn
1805 2532 2799 2634 vorholtem bedetin, daß dismahlen techter auß
1806 2591 2785 2690 eye, weilen gnugsamme ambständ und indicia
1799 2652 2751 2770 erhanden, das er mit dem gnzen nit recht her
1801 2716 2772 2832 außkommen und nit anderst sein genn, das er die
1788 2772 2763 2865 sachen bereits an istern ort commmnivert oder
1802 2840 2805 2950 berüits deß wegen uff das Conngson gelegenheit
1784 2901 2740 2986 darzu gesucht habe. Und sölle er hinmit
1798 2965 2802 3067 Iss die formierende interrogala alß Im war¬
1797 3018 2805 3129 heit und nach gewüßen antworten, umeder
1801 3085 2800 3191 lange, daß gotl der herr zum seine bngangen
1787 3143 2800 3255 sünden und nißethaten fenziechen wolle, und
1793 3200 2098 3291 genantlichen.
1769 3265 2746 3404 Ob er nit habe gelt hirleichen wollen, su
1792 3357 2746 3465 minder seye ins, dann daß e in dem jrug.
1790 3418 2789 3529 weibel zu Thurumg gesagt haben, er möchen et
