3024 4032
276 374 355 485 85
887 462 1388 605 Gartmattenn
579 506 1295 674 Helanna Aldiann.
807 611 1052 737 selation
566 732 1489 882 auh abgelaßenem beuelchen zuvolgn sind
518 800 1448 914 obige mbs Pnrßsung den mhhl zunn
533 866 1459 981 iher Thorman uff undgemeltem dalo
520 931 1449 1054 In der obarus gefangenschaft wegen,
516 983 1472 1114 gn Ubris von Muraets nh hauß Verganen
513 1051 1424 1152 genn diesftahls examiniert worden
530 1108 767 1199 und hatt
515 1178 1455 1312 Nach ernstlicher examination die Cart¬
509 1254 1457 1367 Mallerin d den diebstahl un r Hanß tragen
515 1312 1446 1424 laßen, bekent, auch der Susanna Caldi¬
516 1381 1472 1495 mann salßt zanptdinbin ander angeg nrhel
511 1426 605 1512 deco
512 1516 1466 1648 daecs, daß sy Baldimanni fürgeben, sy
503 1599 1465 1710 habe in jr obersten von Muralts ul gar
499 1666 1450 1781 den selbigen tags quarbeitet und habe
481 1735 1436 1841 das Barten Müdtli wa gesagt, sy so ln
508 1788 1435 1892 aus by der nacht habes holen es seyn
500 1864 1431 1961 gung vorhandeg, darüber sy binde hin¬
490 1918 1420 2018 gangne, die Kaldimann habe in dem
506 1981 1418 2096 nderem garten vnd labeus Plaz cabus
503 2053 1405 2156 abgehauben, selbigen über die nauhenn
494 2111 1437 2214 geworffen, und habe sy Bartmallerin sol
490 2166 1454 2274 chen in einem sack nach hauß getragen, und
463 2227 1449 2337 zwar, Bahrn der Sank und Labes so schwer
475 2298 1074 2406 das sy gnng daran getragen.
456 2377 1462 2508 Sy Saldimannin habe auch die nisernn falen
472 2458 1392 2565 so in dem Labispläz gelugen, genomm
485 2507 1445 2621 und über die Nanhenn geworffen, und habe
490 2585 1443 2689 n Bartmatlers selbige auch in jr haußge
475 2624 1415 2751 tragen und suyn der jabus und die zallen
487 2694 1437 2813 noch vorhanden, welche irn under loder¬
477 2785 831 2896 geben wurden.
470 2878 1410 2995 Huren Bartmallerin Bekent weiters, das
396 2942 1396 3095 Die Kaldimann, nach dem sy den dabis alß
461 3017 1434 3166 gestohlen obsintil den garten hiauff gangen
469 3073 1339 3219 eyn, wohin aber, seye wa ohnbekant.
457 3195 1444 3337 sach etwas zeites komme sy daher mit einem
450 3242 1439 3434 einen norsell mit lannen und gabe dors
458 3311 1426 3487 habe das jung neüebt, darauff hin sy diß
432 3368 1454 3574 zug s num camer versterkt und verschlössen.
2764 340 2849 446 86
1816 442 2819 668 Dernach seye die Baldimann weiters von
1833 532 2834 707 hauß gangen und habe hernach ein trageten
1823 571 2810 798 Ihben blatten gebracht, darauff die Gart
1817 640 2874 815 malherin zu tra gesagt, das ist wol schon
1803 702 2901 914 zug, du has das danm genebt, uff welche und
1800 770 2901 982 die Zeldimann geantwortet, sy habe solchen
1814 827 2903 1054 in der hrren von auralt hauß gericht, dass gar
1811 910 2898 1074 den meitli habe sy nicht allein angewinsen ca
1824 958 2909 1155 zub zunommen, sondern auch jna ihur und gmach
1811 1018 2907 1211 gnößfnet. ds gschier ungzufragen, darby sagen
1826 1095 2863 1256 de ebseyn so vill vorhanden, mann gespühen
1812 1135 2887 1329 solchers nit und sy die Bantmatlerin müste mit
1810 1235 2885 1376 ma gahn helffen ungwägen, darauff sy gan
1799 1308 2869 1430 sonngen mit wra gangen und habe in dem
1785 1354 2872 1519 hoff by der thuren gewartet, da habe die
1803 1414 2883 1536 aldimann fra nung sack guben zutragen
1786 1462 2879 1608 darinnen kafsen und wiße nit, was mahr für
1800 1519 2887 1674 zügwahre, welche sy in er hauß getragen und
1800 1593 2875 1734 sy die Kaldmann, habe damahlen hinmit zum
1784 1665 2818 1788 weillen mahl tag daselbsten unggetragen,
1793 1738 2869 1839 dernach seynd sy widerumb mit einanderen
1783 1799 2871 1917 dahin gangen darauff die Baldemanni wr
1810 1853 2872 1972 darzet vorden seyn. Sy aber so vor der thür
1802 1920 2854 2032 gewartet, seye davon nach haußgangen und
1810 1982 2872 2075 habe andenekt sy wolle morgenb umb ui
1930 2049 2059 2095 9
1808 2047 2872 2158 ihren by r obristen sel hauß anzengen vod
1793 2106 2871 2218 dab zug seyn, und daß man solches widerumb
1798 2172 2875 2276 reichen möge, sie sy dann auch guthar und by
1808 2235 2812 2320 25 obristin sich hauß morgens umb 3 ihren
1799 2291 2845 2402 geklopfet, und das Ort, da der diebstahl lignt
1801 2355 2857 2483 angezeigt, über anstatl Tanckgelts seyn sy
1796 2429 2548 2536 auch in zeshaff genomen worden.
1798 2570 2858 2716 isern Bartmatterin ist auch wegen verdachtes
1799 2644 2844 2774 temubten diebstahls, so he Daniil Gerber ge
1804 2717 2608 2840 lagt, in vrrhafft genommen worden.
1788 2902 2873 3087 is Baldiannn aber ohngnacht die gart.
1787 3005 2861 3163 matterin, solches jna es obbezelte vnnb
1794 3067 2866 3234 under angen erhalten und sy dem weibel
1798 3137 2887 3299 sühret, ß sy in gefangenschafft geführt, ii anch
1758 3194 2890 3389 dem Lui much selbsten gleichermaßen bekent
1781 3252 2848 3447 Jass Barten meitli habe sy darzu angewisen
1800 3302 2859 3520 und Ana Thor und Hemach geöffent, mit tar¬
1802 3379 2877 3597 mulden, es seyn gug gnug vorhanden, mann
