3024 4032
333 500 448 599 135.
536 604 1454 739 denselben aber daselbst nit angetroffen
541 682 1429 770 habe Er by h: dupre In seiner Matten
556 735 1456 845 vmb ein trunck zugesprochen, demselba
556 796 1446 908 aber außtrunkenlich gesagt, Er konn von
536 866 812 977 Reichenbach.
523 1019 1431 1147 Vnd Weilen hernach Nemuhillohl den
542 1094 1447 1185 examinatoruus Weteren bericht vorkomen
531 1151 1411 1270 Ib solte herr landtschreiber schamer zu
544 1214 1411 1325 andenn zu einem hinsigen burger
618 1285 696 1339 801
525 1275 1416 1402 geendt haben das 1r inn kung z der
535 1340 1417 1452 Canpper aul mit einigen Sigburgische
1340 1398 1413 1447 i
514 1414 1410 1508 Kearm habe onferierin suchen, Ia
505 1468 1377 1576 daß er denselben einandermahl by
511 1532 1417 1641 hee Mollondin in einer flich gesachen
516 1591 626 1685 habe.
504 1642 1428 1756 Item ob solte von heren cambelet von Wiht
510 1724 1362 1839 zu Murten gleiche sichwarhen gehort
512 1799 798 1873 worden sei.
501 1845 1425 1967 Alß ist uos beschechenas vorbringen gull
504 1924 1416 2029 funden worden diser sach auch nachzufor
484 1974 1422 2082 schen und zu solchem und oige bmunker
501 2038 1428 2152 sohnn allhero beschriben zulasen. Nasen
508 2113 1422 2213 selbige deßen zuvolg den 14. juns morguns
502 2169 1395 2285 us dem rahthauß erschinnen und hall
479 2262 1360 2371 Hr landtschreiber Scharer, us darmahnen
487 2332 1384 2438 Wass er diß ortis gesuchen oder wüße in
503 2391 1398 2499 gullen truwen zu Offenbahren sich gewißen
500 2450 1414 2561 hatt dahin nemahrt, daß er nit nur der¬
492 2507 1396 2616 gleichen nit geredt, sondern dunhl. Lehr¬
505 2579 1391 2683 ber, zudamntr solchens gesagt haben sölle,
502 2632 1381 2742 auch no munn und keine wort mit Ium
497 2692 1365 2798 geredt habe, Habe Juntung der ende
505 2761 1415 2874 einmahlen geuchen, Ißart der drunen jahnn
493 2818 1399 2950 by der zehnd verlychung zu Gammmunn rlda
496 2880 1415 2990 a mit herren stäffschaffnur in naumen herren mlers
484 2934 1379 3077 sel ankommen seye, alßo das er von ium nug
487 3002 962 3107 deß ortib gar mir wüße.
483 3095 1356 3244 Nit Mieder aber seyn ins das er vergangen
474 3180 1371 3317 aug den oberener lölsiger mit zwegen
487 3255 1329 3363 gehallleten pfarden hinrstes der sann
496 3307 1328 3409 rehen gesuchen, anerseitis deß Wasars
452 3368 1331 3489 dann habe er angetroffen nun laquaii
2755 398 2830 508 30
1784 480 2737 688 mit zweyen andern fferden Instanden
1788 556 2820 754 Welchen er angeredt, Was er da mache, vnd
1794 613 2854 815 Item die pfard zugehörind, darauff derselbe
1781 667 2880 879 Inme zur antwort gebe ec warte seinem kart
1775 765 2842 938 dem hr. von mollonden, Welcher in diser aune
1799 823 2862 1002 mit herren Zollmer Willading von dern etwas rnde
1775 897 2782 1073 Habe sy aber nit gesuchen, noch zeromen
1781 962 2600 1129 war sy mit einandere da gemacht.
1778 1035 2826 1241 Nach etwas kurzer zeit seyn ludwig lehr
1801 1155 2807 1336 ger, so derinden herumb streiche zu zum
1783 1201 2846 1369 kommen, den er gefragt, ob er nit wüsen, war
1760 1278 2860 1432 die Heere da mit einandere gemacht, welcher
1788 1357 2866 1499 zu zur antwort geben Num, Allein mein
1787 1398 2847 1539 solte diesach den deßen Meiinghl Bürichen
1780 1483 2757 1606 2 Wolle solches nacher stan schreiben
1787 1538 2663 1682 Anderss seyn zum gar nit in wüßen.
1755 1674 2771 1822 uff welchen bericht mann den herren lahrbar
1783 1754 2823 1869 us herren alt vogt Lehrberde von Landrshull sohn
1788 1806 2788 1931 von dem diß harkommen soll, auch beschiikt
1785 1895 2741 2014 und ermahnt hatt, wass zum diß als in
1786 1954 2790 2071 wüßen, auch von kein er solches gehors haben
1777 2028 2804 2142 in gutten arben anzuzeigen, welcher sich
1762 2096 2802 2201 dahin entschuldiget, das er die sach den nestan
1772 2156 2796 2269 übend nit recht vmrstanden, und seyn selbige
1780 2218 2796 2339 alß, daß herr Fischer deß geweßen herren vogt
1774 2287 2835 2404 Fischers sel vhon fraubbrunnen sohn, so dißmahl
1768 2350 2799 2468 sich by herren landtschreiber zu Lanrenn uff
1762 2421 2826 2537 haltet zume gesagt habe, daß ein gewüßen
1763 2484 2815 2596 zner von Bern aber nimanden mit name
1766 2544 2821 2652 genamset, In den auwo mit herren mollondin con-
1751 2604 2817 2719 teriert habe, Mann sölle mir die bansten
1756 2672 2787 2774 fragen, sy wurdind schon gewißen berichi
1744 2743 2297 2839 darvon zugebn lanßen.
2447 2736 2821 2849 von dem Kung
1769 2804 2192 2911 ansen er gar mit
1753 2896 2794 3035 hr camberet von Murten dann zugete
1780 3002 2713 3099 ebemmeßig, das e dargeichen, diswursin
1780 3047 2808 3158 vom mug ninmahlen geführt, denselben auch ma
1781 3113 2771 3216 nit kumen ohngeachtaß die ganze bar
2340 3180 2371 3216 1
1762 3173 2796 3278 gerschafft huer bekant seyn, also das er diß orl
1771 3233 2731 3345 von zum lung gar nit unßn, noch etwars
1774 3297 2743 3420 gehört habe, Wol aber seyn ein farckau
1775 3363 2740 3478 gemnamel vnder den banhren vnd sonsten
1766 3432 2754 3534 gangen, daß getnste Kerren von Stern und
