3024 4032
296 496 384 595 13.
451 503 1436 654 kein gar nit, wol aber seye er Bygtra
455 559 1446 714 am hauß gsin und etwan zwo sund lang
454 629 1440 801 by außgelöschstem lich by Jracf dem
465 688 1435 852 behr gelegen, auch sy ohnzüchuigklich mit
465 748 1423 905 en handen breührt, aber sa mit win
448 838 890 960 samb angemüchtet.
429 908 1432 1070 36 t dem h. Landtvogl zu Interlarken
455 1002 1414 1117 nit auch bekentn habe, Haß Joggi Jann
439 1062 1401 1186 die gat wurcklichen mit da gegangen
438 1125 1346 1266 habe da sy habe solchss bekent, seyn
452 1171 1439 1329 drumb nit, habe inm und pra ohnracht gethan
415 1272 1440 1425 Worumb sy dann hum und jra also faucht
454 1350 1432 1488 und alß ein große Sund gethann habe, Sy
453 1424 1404 1548 seyn also erschlucft, dißmahlen aber sagn
450 1504 783 1615 sy die warheit.
433 1556 1329 1726 ver sy zur retraction uffgewisen,
454 1647 1402 1787 mand, sondern er gewaßen vermahnen sy
420 1713 1439 1848 die nacher zu bekunnen und niemanden
439 1803 814 1914 ohnrecht zuhun.
439 1845 1445 2007 O6 k Jogg sy by der marter nit heim.
450 1923 1457 2072 lich angemahnt zun zuentschlagen. Kein
431 2004 1464 2119 sondern habe lant vor allen antwesunden
426 2065 1466 2192 zu jra gesprochen, wann sy noch nin gütlin
443 2131 1437 2265 blicheberopfen habe, so werde sy inn mit
432 2231 643 2336 schlagen.
429 2299 1438 2429 ab Hamb Jaun der eltere bruder nist auch
451 2381 1442 2515 nach ans heimorigen bekantnus und an¬
445 2463 1453 2566 gebeng mi jra wurcklichen zuschaffen ge
450 2523 1441 2640 habt habe Hen auch nitwol aber
453 2598 1414 2713 habe er sy in einem wald, also zu pra
465 2642 1453 2779 habe geholffen holz sagen uff das lub
438 2711 1450 2832 In bysem eine am undes indergelngt
433 2787 1462 2922 sy ohngebührlich begriffen, Win auch hernach
446 2861 1432 2974 einmahl  irem hauß aber eumahlen
448 2926 1231 3041 mit wilbats würcklichen verrichtet.
448 3051 1429 3203 lachdem nyn fur dißmahlen zum andern
456 3152 1410 3268 bekantnens von tra zuerhalten gewesen
424 3211 1438 3344 Ist selbiger dscf vermahnen Goll den herrn
445 3288 1384 3412 heißig zugitten, daß e tra san sunden
467 3353 1417 3483 ubzeichen und ir gerstbektens herr zu
1533 596 1707 721 undher
1567 675 1735 759 nher bei
1562 737 1753 790 enung de
1544 776 1684 871 selben
2703 414 2795 523 14.
1731 507 2828 688 einer grundtlichen bekantnuß irer begangen.
1746 592 2816 733 am gnthaten erweichen wolle, wider anzr
1759 647 2825 806 gewahrsamlich ort gethann, den ditten hanch
1754 700 2827 841 aber zu ternerem und ernstlicherm lan
1759 758 2761 917 imen zur Rtennkin geführt und daselbst
1740 812 2780 970 fra in Bysein und gegenwart mlohen h
1730 856 2832 1022 Hroßweibel Ringerss, herren syninger eggers
1735 941 2854 1117 H. Weltsch Senkelschreibe uestenbergab
1757 1040 2852 1167 und anderer nhle der surgeren mehr durch
1763 1080 2842 1238 ehg den ecamnatoren leißlich vorgestelt
1757 1157 2818 1295 worden Wais sy thun müßen und win sy sich
1735 1231 2789 1386 zuterhalten habe, wann sy die vergebung
1748 1306 2834 1425 wur sunden von gott dem Herren arlangen
1764 1368 2836 1513 ind ein gutt frewdiges geweßen erwerben
1747 1481 1903 1564 wolle.
1682 1506 2846 1685 Datt sy statschin zrn gutzann bekanzumb sich
1751 1598 2813 1736 sein obtermelt mit christem schmorker Ulli
1753 1654 2807 1804 Baffner und hinvor im iderland mit
1762 1734 2790 1851 einem Namens Lintuich In inzucht und
1762 1791 2844 1950 chubruch sich vergriffen zu haben nochmahlen
1754 1894 2030 2017 beställigen.
1738 1971 2831 2100 uff Refragen, Wylnn der Haffnen wonig
1719 2035 2871 2173 Zeit nach dem Schmoeker mit Jra zu thun ge¬
1767 2100 2862 2222 habt, worby sy haüßen könen, daß das und
1729 2174 2878 2282 dem schmieker und in dem Bafhner zuge
1754 2240 2859 2344 hörn. Er Schmoeler habe selbsten mit Ira
1759 2293 2856 2415 gerechnet, daß das und ime zinchen möge
1753 2400 2874 2528 Ob Schmoeker auch gewüß, daß Baffner
1768 2482 2850 2603 by Jagn gewesen seyn. Da sy hingind ins
1768 2555 2193 2666 eianden gesagt.
1745 2640 2864 2783 Rub 2 mann alß er vergangueg aprilich auß
1746 2732 2851 2862 dem uderland wider hungkommen, nit gesuchen
1726 2803 2851 2916 daß sy schwanger seyn Wol und habe sy ge
1755 2863 2815 2994 fagt, win ab zugangen, welches sy ange
1729 2933 2811 3057 zing, darauff er sy lader habe annunm
1780 2998 2773 3109 wollen auch siderhar allehen mit Ira gesm
1775 3057 2860 3184 und by dia gelegen seye biß sy nacher In
1780 3117 2379 3234 erlanken gesicht worden.
1772 3203 2801 3338 Volgents ist an sey mit ernstlichem zusermhen
1774 3282 2868 3415 auch zueg- und trutdung der Marter wegen
1771 3362 2869 3497 samb und Joggen janung gesuzt worden und
