<?xml version="1.0" encoding="UTF-8" standalone="yes"?>
<PcGts xmlns="http://schema.primaresearch.org/PAGE/gts/pagecontent/2013-07-15" xmlns:xsi="http://www.w3.org/2001/XMLSchema-instance" xsi:schemaLocation="http://schema.primaresearch.org/PAGE/gts/pagecontent/2013-07-15 http://schema.primaresearch.org/PAGE/gts/pagecontent/2013-07-15/pagecontent.xsd">
    <Metadata>
        <Creator>prov=University of Rostock/Institute of Mathematics/CITlab|PLANET AI GmbH/Gundram Leifert/gundram.leifert@planet-ai.de:name=German_Kurrent_XVI-XVIII_M1(htr_id=19584)::::v=2.6.7
prov=University of Rostock/Institute of Mathematics/CITlab|PLANET AI GmbH/Tobias Gruening/tobias.gruening@planet-ai.de:name=de.uros.citlab.module.baseline2polygon.B2PSeamMultiOriented:v=2.6.7
prov=University of Rostock/Institute of Mathematics/CITlab|PLANET AI GmbH/Tobias Gruening/tobias.gruening@planet-ai.de:name=/net_tf/LA73_249_0mod360.pb:de.uros.citlab.segmentation.CITlab_LA_ML:v=2.6.7
Transkribus</Creator>
        <Created>2021-03-11T13:59:02.809+01:00</Created>
        <LastChange>2022-09-12T15:02:15.062+02:00</LastChange>
        <TranskribusMetadata docId="1334840" pageId="52361689" pageNr="14" tsid="114643479" status="IN_PROGRESS" userId="9570" imgUrl="https://files.transkribus.eu/Get?id=BSFEBMJJPCXJGGDZMVGTMWUQ&amp;fileType=view" xmlUrl="https://files.transkribus.eu/Get?id=OTOSVKLWYKQJNTGUVPDWPGYE" imageId="19038610"/>
    </Metadata>
    <Page imageFilename="B_IX_485_Seite_014.jpg" imageWidth="3024" imageHeight="4032">
        <ReadingOrder>
            <OrderedGroup id="ro_1687513680922" caption="Regions reading order">
                <RegionRefIndexed index="0" regionRef="r1"/>
                <RegionRefIndexed index="1" regionRef="r2"/>
                <RegionRefIndexed index="2" regionRef="r3"/>
                <RegionRefIndexed index="3" regionRef="r4"/>
            </OrderedGroup>
        </ReadingOrder>
        <TextRegion orientation="0.0" id="r1" custom="readingOrder {index:0;}">
            <Coords points="285,421 285,577 381,577 381,421"/>
            <TextLine id="r1l1" custom="readingOrder {index:0;}">
                <Coords points="279,542 306,542 318,551 340,530 373,530 381,521 388,521 385,467 375,470 362,467 321,484 302,482 285,496 276,496"/>
                <Baseline points="285,527 317,522 349,521 381,521"/>
                <TextEquiv>
                    <Unicode>15.</Unicode>
                </TextEquiv>
            </TextLine>
            <TextEquiv>
                <Unicode>15.</Unicode>
            </TextEquiv>
        </TextRegion>
        <TextRegion orientation="0.0" id="r2" custom="readingOrder {index:1;}">
            <Coords points="443,541 443,3391 1493,3391 1493,541"/>
            <TextLine id="r2l1" custom="readingOrder {index:0;}">
                <Coords points="451,655 548,620 662,648 753,602 818,628 1104,592 1141,622 1347,571 1383,598 1400,493 1291,536 1248,505 1162,550 1059,506 961,554 895,506 772,550 604,519 544,565 446,567"/>
                <Baseline points="456,615 503,617 550,617 597,615 644,615 691,614 738,612 785,610 832,608 879,606 926,603 973,600 1020,597 1067,594 1114,591 1161,588 1208,583 1255,581 1302,577 1349,575 1397,570"/>
                <TextEquiv>
                    <Unicode>pendzlichen, us ain nach dem sy die thate</Unicode>
                </TextEquiv>
            </TextLine>
            <TextLine id="r2l2" custom="readingOrder {index:1;} person {offset:9; length:9;}">
                <Coords points="491,687 1059,684 1086,655 1155,684 1258,642 1401,646 1399,604 1225,629 1171,595 1142,622 1032,593 989,622 925,596 832,641 764,606 648,650 546,620 490,662"/>
                <Baseline points="498,678 542,677 587,674 632,673 677,671 722,669 766,669 811,666 856,666 901,663 946,662 990,660 1035,658 1080,657 1125,654 1170,651 1214,650 1259,647 1304,643 1349,639 1394,636"/>
                <TextEquiv>
                    <Unicode>mit samb Jaun Bald mit halben mund</Unicode>
                </TextEquiv>
            </TextLine>
            <TextLine id="r2l3" custom="readingOrder {index:2;}">
                <Coords points="469,746 579,729 700,770 742,730 948,748 1079,710 1327,743 1405,712 1402,657 1342,642 1200,692 1088,655 1046,691 757,667 467,702"/>
                <Baseline points="476,741 522,740 568,739 614,738 660,737 706,735 752,732 798,731 844,729 890,726 936,725 982,723 1028,720 1074,717 1120,716 1166,714 1212,713 1258,710 1304,709 1350,708 1397,707"/>
                <TextEquiv>
                    <Unicode>Bald besahnt, bald wder verminet, dß</Unicode>
                </TextEquiv>
            </TextLine>
            <TextLine id="r2l4" custom="readingOrder {index:3;}">
                <Coords points="437,830 521,798 650,795 703,839 863,796 904,823 1017,786 1156,809 1223,773 1310,816 1365,769 1434,773 1432,724 1260,756 1154,723 1075,755 1021,719 964,761 841,730 700,770 646,738 544,787 473,743 434,768"/>
                <Baseline points="443,806 492,804 541,802 590,801 639,799 689,797 738,796 787,795 836,793 885,792 935,791 984,789 1033,788 1082,785 1131,783 1181,780 1230,777 1279,774 1328,771 1377,767 1427,762"/>
                <TextEquiv>
                    <Unicode>die men indergefallen und hatt angefangen</Unicode>
                </TextEquiv>
            </TextLine>
            <TextLine id="r2l5" custom="readingOrder {index:4;} person {offset:35; length:4; continued:true;}">
                <Coords points="460,912 533,869 705,878 773,845 841,882 1024,884 1230,838 1305,881 1353,833 1482,842 1480,771 1311,813 1225,774 1114,820 1013,793 970,833 456,812"/>
                <Baseline points="465,864 515,861 566,860 616,858 667,857 717,855 768,854 818,852 869,851 919,850 970,849 1020,847 1071,845 1121,843 1172,842 1222,840 1273,837 1323,833 1374,830 1424,827 1475,822"/>
                <TextEquiv>
                    <Unicode>gen nüt stancken henlen und meynen gott</Unicode>
                </TextEquiv>
            </TextLine>
            <TextLine id="r2l6" custom="readingOrder {index:5;} person {offset:0; length:10; continued:true;}">
                <Coords points="444,939 820,947 904,908 1004,942 1056,907 1326,885 1401,921 1462,901 1460,856 1358,835 1313,876 1149,838 1103,881 1057,853 859,887 772,845 716,896 619,855 443,916"/>
                <Baseline points="450,930 500,926 550,923 600,920 650,918 701,917 751,914 801,912 851,911 901,909 952,908 1002,906 1052,904 1102,903 1152,900 1203,899 1253,895 1303,893 1353,889 1403,884 1454,879"/>
                <TextEquiv>
                    <Unicode>den herren und eine hoche oberkedt wegen</Unicode>
                </TextEquiv>
            </TextLine>
            <TextLine id="r2l7" custom="readingOrder {index:6;}">
                <Coords points="452,997 587,990 654,1021 712,978 769,998 919,967 1083,998 1113,966 1400,960 1415,922 1328,885 1199,895 1080,954 998,953 949,910 745,953 643,924 578,962 450,947"/>
                <Baseline points="459,993 506,988 554,984 601,981 649,977 696,975 744,974 791,972 839,971 886,971 934,969 981,969 1029,968 1076,966 1124,965 1171,963 1219,960 1266,959 1314,955 1361,951 1409,945"/>
                <TextEquiv>
                    <Unicode>frür begangen Mißetzaren umb ver¬</Unicode>
                </TextEquiv>
            </TextLine>
            <TextLine id="r2l8" custom="readingOrder {index:7;}">
                <Coords points="445,1093 493,1056 536,1077 601,1068 630,1084 659,1058 700,1076 738,1063 820,1077 865,1054 861,989 834,984 792,986 772,1004 719,977 654,1021 587,990 440,1010"/>
                <Baseline points="449,1053 474,1052 500,1052 525,1050 551,1049 576,1047 602,1045 627,1044 653,1043 678,1041 704,1040 729,1038 755,1037 780,1035 806,1034 831,1032 857,1031"/>
                <TextEquiv>
                    <Unicode>Zeichung zugillen</Unicode>
                </TextEquiv>
            </TextLine>
            <TextLine id="r2l9" custom="readingOrder {index:8;}">
                <Coords points="456,1194 621,1134 703,1156 871,1115 951,1162 1020,1116 1102,1163 1262,1094 1346,1140 1434,1095 1429,1021 1047,1090 898,1056 747,1100 655,1061 571,1099 493,1055 449,1090"/>
                <Baseline points="461,1158 509,1152 557,1148 605,1143 654,1139 702,1134 750,1131 799,1129 847,1126 895,1124 944,1122 992,1119 1040,1116 1088,1115 1137,1111 1185,1108 1233,1105 1282,1102 1330,1097 1378,1093 1427,1088"/>
                <TextEquiv>
                    <Unicode>uff betragen, ob sy bey erzeigter angst</Unicode>
                </TextEquiv>
            </TextLine>
            <TextLine id="r2l10" custom="readingOrder {index:9;}">
                <Coords points="449,1240 565,1249 673,1194 891,1206 976,1173 1215,1201 1270,1165 1353,1188 1438,1158 1436,1131 1347,1142 1299,1107 1114,1164 1028,1127 949,1161 862,1116 729,1180 574,1160 446,1190"/>
                <Baseline points="455,1229 503,1219 552,1213 601,1207 650,1200 698,1196 747,1192 796,1189 845,1187 893,1185 942,1183 991,1181 1040,1179 1088,1177 1137,1175 1186,1172 1235,1169 1283,1166 1332,1163 1381,1157 1430,1151"/>
                <TextEquiv>
                    <Unicode>haftigken den todtfrechte, dan sy wegen</Unicode>
                </TextEquiv>
            </TextLine>
            <TextLine id="r2l11" custom="readingOrder {index:10;}">
                <Coords points="450,1288 557,1265 667,1316 761,1256 889,1238 1004,1269 1129,1227 1334,1262 1473,1217 1470,1160 1342,1199 1271,1165 1151,1218 974,1173 870,1210 604,1205 536,1255 447,1240"/>
                <Baseline points="456,1284 506,1278 557,1269 607,1265 658,1260 708,1256 759,1251 809,1248 860,1247 910,1243 961,1241 1011,1240 1062,1238 1112,1236 1163,1235 1213,1232 1264,1230 1314,1227 1365,1224 1415,1220 1466,1217"/>
                <TextEquiv>
                    <Unicode>Arnn vntheten verdinnt habe Hath sy mit</Unicode>
                </TextEquiv>
            </TextLine>
            <TextLine id="r2l12" custom="readingOrder {index:11;}">
                <Coords points="468,1352 795,1320 867,1359 994,1298 1431,1289 1457,1221 1147,1285 1072,1235 988,1273 787,1252 627,1303 553,1265 467,1322"/>
                <Baseline points="474,1343 523,1338 572,1334 621,1329 670,1325 719,1321 768,1317 817,1314 866,1312 915,1308 964,1306 1013,1303 1062,1301 1111,1298 1160,1296 1209,1293 1258,1291 1307,1288 1356,1285 1405,1282 1454,1278"/>
                <TextEquiv>
                    <Unicode>auter und Herzhatfter stimm gnantwortet</Unicode>
                </TextEquiv>
            </TextLine>
            <TextLine id="r2l13" custom="readingOrder {index:12;}">
                <Coords points="461,1408 562,1402 608,1438 672,1392 717,1426 863,1424 932,1371 1174,1395 1214,1364 1282,1406 1366,1362 1423,1401 1471,1372 1468,1315 1339,1334 1095,1297 1048,1331 995,1297 863,1361 794,1319 577,1364 458,1348"/>
                <Baseline points="468,1410 517,1404 567,1399 617,1394 667,1390 716,1387 766,1383 816,1380 866,1377 915,1375 965,1373 1015,1370 1065,1368 1114,1367 1164,1364 1214,1362 1264,1360 1313,1358 1363,1355 1413,1352 1463,1349"/>
                <TextEquiv>
                    <Unicode>kein sy lachte dan todt nit, wolle gargen</Unicode>
                </TextEquiv>
            </TextLine>
            <TextLine id="r2l14" custom="readingOrder {index:13;}">
                <Coords points="450,1493 686,1458 744,1490 807,1456 1050,1483 1111,1433 1193,1462 1284,1426 1400,1450 1416,1350 1311,1407 1219,1365 1180,1401 1023,1366 862,1424 716,1426 672,1393 608,1438 562,1402 445,1418"/>
                <Baseline points="456,1475 503,1469 551,1465 599,1460 647,1456 695,1452 743,1449 790,1446 838,1444 886,1441 934,1439 982,1437 1030,1434 1078,1432 1125,1430 1173,1428 1221,1425 1269,1423 1317,1420 1365,1417 1413,1413"/>
                <TextEquiv>
                    <Unicode>sterben, zeige denselben wol geroment</Unicode>
                </TextEquiv>
            </TextLine>
            <TextLine id="r2l15" custom="readingOrder {index:14;}">
                <Coords points="442,1575 574,1605 711,1554 809,1583 861,1538 1029,1560 1087,1526 1190,1580 1248,1539 1483,1533 1480,1465 1058,1495 979,1466 902,1521 836,1471 719,1524 501,1475 438,1496"/>
                <Baseline points="449,1580 500,1572 551,1565 602,1560 654,1554 705,1550 756,1547 808,1544 859,1541 910,1539 962,1537 1013,1536 1064,1533 1115,1532 1167,1530 1218,1529 1269,1526 1321,1523 1372,1521 1423,1517 1475,1514"/>
                <TextEquiv>
                    <Unicode>Wans sy dann also angstige, sy förchte, Wann</Unicode>
                </TextEquiv>
            </TextLine>
            <TextLine id="r2l16" custom="readingOrder {index:15;}">
                <Coords points="953,1573 965,1570 967,1573 981,1573 986,1576 992,1570 993,1572 999,1570 1001,1572 1004,1570 1005,1572 1012,1572 1012,1542 1001,1543 997,1541 985,1545 977,1539 965,1551 959,1546 953,1546"/>
                <Baseline points="960,1566 1005,1566"/>
                <TextEquiv>
                    <Unicode>11</Unicode>
                </TextEquiv>
            </TextLine>
            <TextLine id="r2l17" custom="readingOrder {index:16;}">
                <Coords points="454,1674 547,1626 700,1659 884,1592 961,1637 1035,1591 1091,1623 1139,1592 1275,1624 1420,1590 1417,1523 1194,1579 1080,1528 1019,1576 866,1544 803,1587 739,1558 607,1601 521,1572 450,1595"/>
                <Baseline points="459,1634 506,1628 554,1622 602,1617 649,1613 697,1610 745,1607 792,1605 840,1602 888,1601 936,1599 983,1599 1031,1598 1079,1596 1126,1595 1174,1593 1222,1592 1269,1590 1317,1588 1365,1584 1413,1581"/>
                <TextEquiv>
                    <Unicode>sy jemand ohnrecht thuye und die Marheit</Unicode>
                </TextEquiv>
            </TextLine>
            <TextLine id="r2l18" custom="readingOrder {index:17;}">
                <Coords points="465,1700 572,1736 708,1691 764,1722 843,1691 1081,1706 1173,1670 1413,1685 1449,1672 1447,1609 1317,1591 1274,1624 1138,1592 980,1639 882,1592 700,1659 561,1631 463,1665"/>
                <Baseline points="471,1698 519,1691 568,1685 616,1681 665,1676 713,1673 762,1670 810,1667 859,1665 907,1664 956,1662 1005,1661 1053,1661 1102,1659 1150,1659 1199,1658 1247,1656 1296,1654 1344,1652 1393,1649 1442,1646"/>
                <TextEquiv>
                    <Unicode>bit sage, so fächte sy, sy wurde nit selig,</Unicode>
                </TextEquiv>
            </TextLine>
            <TextLine id="r2l19" custom="readingOrder {index:18;}">
                <Coords points="449,1827 589,1838 770,1771 834,1795 952,1764 1225,1766 1319,1801 1452,1751 1451,1724 1158,1672 1064,1735 1005,1704 651,1739 444,1720"/>
                <Baseline points="455,1808 504,1800 554,1793 603,1788 653,1783 702,1779 752,1775 801,1773 851,1770 900,1769 950,1767 999,1766 1049,1763 1098,1763 1148,1761 1197,1760 1247,1758 1296,1756 1346,1754 1395,1751 1445,1748"/>
                <TextEquiv>
                    <Unicode>uff zusprechen, solle hiemand Weder jra</Unicode>
                </TextEquiv>
            </TextLine>
            <TextLine id="r2l20" custom="readingOrder {index:19;}">
                <Coords points="455,1867 505,1893 548,1850 657,1853 694,1882 743,1843 863,1862 893,1830 1064,1863 1125,1824 1348,1872 1428,1801 1148,1769 976,1804 892,1772 850,1801 771,1770 715,1823 454,1837"/>
                <Baseline points="462,1865 510,1859 558,1853 606,1850 654,1846 702,1842 750,1839 798,1836 846,1833 894,1832 942,1830 990,1829 1038,1827 1086,1826 1134,1826 1182,1824 1230,1824 1278,1824 1326,1823 1374,1823 1422,1823"/>
                <TextEquiv>
                    <Unicode>noch anderen hnrucht thun, alß welcher gu</Unicode>
                </TextEquiv>
            </TextLine>
            <TextLine id="r2l21" custom="readingOrder {index:20;}">
                <Coords points="459,1964 694,1916 859,1936 942,1894 1317,1891 1376,1924 1427,1880 1500,1885 1497,1815 1350,1865 1119,1824 1062,1864 899,1836 853,1867 790,1843 595,1880 549,1851 455,1884"/>
                <Baseline points="465,1929 516,1925 567,1919 619,1915 670,1910 722,1908 773,1905 824,1902 876,1898 927,1896 979,1893 1030,1892 1081,1890 1133,1888 1184,1886 1236,1884 1287,1883 1338,1883 1390,1881 1441,1878 1493,1877"/>
                <TextEquiv>
                    <Unicode>große sund währe, sondern die marheit grund</Unicode>
                </TextEquiv>
            </TextLine>
            <TextLine id="r2l22" custom="readingOrder {index:21;}">
                <Coords points="781,1974 944,1962 985,1997 1027,1968 1096,1995 1125,1966 1240,1973 1289,1947 1335,1974 1386,1941 1495,1937 1492,1894 1466,1884 1376,1923 1189,1890 1094,1932 1017,1894 921,1931 885,1909 781,1960"/>
                <Baseline points="788,1976 824,1971 861,1968 898,1965 935,1962 971,1960 1008,1958 1045,1958 1082,1955 1119,1955 1155,1952 1192,1951 1229,1949 1266,1947 1303,1944 1339,1942 1376,1938 1413,1934 1450,1929 1487,1923"/>
                <TextEquiv>
                    <Unicode>Hatt sy gesagt, ja sy wolle</Unicode>
                </TextEquiv>
            </TextLine>
            <TextLine id="r2l23" custom="readingOrder {index:22;}">
                <Coords points="467,1991 555,1991 596,2020 617,2011 635,2021 662,2005 685,2018 759,1991 758,1949 737,1939 688,1946 666,1929 640,1928 608,1958 564,1957 522,1935 499,1960 480,1953 465,1961"/>
                <Baseline points="473,1983 498,1983 523,1983 549,1982 574,1980 599,1979 625,1977 650,1975 675,1973 701,1972 726,1971 752,1970"/>
                <TextEquiv>
                    <Unicode>ich anziigen.</Unicode>
                </TextEquiv>
            </TextLine>
            <TextLine id="r2l24" custom="readingOrder {index:23;}">
                <Coords points="471,2072 673,2030 769,2080 925,2024 1330,2034 1483,2003 1481,1954 1429,1935 1320,1985 1254,1960 1211,2002 1149,1966 1087,2002 1025,1969 911,2010 767,1959 685,2019 468,2005"/>
                <Baseline points="477,2051 529,2046 582,2042 634,2039 687,2036 739,2034 792,2032 845,2030 897,2029 950,2027 1002,2025 1055,2024 1107,2022 1160,2020 1213,2018 1265,2015 1318,2011 1370,2006 1423,2001 1476,1994"/>
                <TextEquiv>
                    <Unicode>is thun und seye die sach also, daß sy dem</Unicode>
                </TextEquiv>
            </TextLine>
            <TextLine id="r2l25" custom="readingOrder {index:24;}">
                <Coords points="467,2161 545,2119 714,2139 1050,2086 1226,2119 1303,2070 1468,2065 1465,2005 1278,2013 1216,2063 1140,2015 922,2025 860,2076 685,2039 462,2073"/>
                <Baseline points="471,2123 520,2117 570,2113 619,2109 669,2105 718,2103 768,2100 817,2097 867,2096 916,2093 966,2091 1015,2090 1065,2088 1114,2085 1164,2082 1213,2079 1263,2075 1312,2071 1362,2067 1411,2062 1461,2055"/>
                <TextEquiv>
                    <Unicode>herrn landvvogt die Warzeit nit recht bekent</Unicode>
                </TextEquiv>
            </TextLine>
            <TextLine id="r2l26" custom="readingOrder {index:25;}">
                <Coords points="474,2202 798,2177 843,2205 992,2151 1172,2194 1254,2149 1346,2174 1483,2144 1480,2102 1415,2081 1222,2120 1069,2088 1002,2124 926,2098 893,2128 626,2119 590,2155 548,2128 471,2154"/>
                <Baseline points="479,2189 528,2186 578,2183 628,2180 678,2178 728,2175 777,2174 827,2171 877,2168 927,2166 977,2163 1026,2161 1076,2157 1126,2155 1176,2151 1226,2148 1275,2143 1325,2140 1375,2134 1425,2130 1475,2124"/>
                <TextEquiv>
                    <Unicode>habe, und habe weder samb nach Joggi dem</Unicode>
                </TextEquiv>
            </TextLine>
            <TextLine id="r2l27" custom="readingOrder {index:26;}">
                <Coords points="465,2286 664,2240 799,2268 1004,2231 1043,2263 1287,2220 1389,2258 1456,2207 1454,2178 1311,2185 1255,2150 1191,2203 1065,2175 958,2215 754,2176 709,2207 591,2178 461,2206"/>
                <Baseline points="471,2258 519,2255 568,2250 617,2247 666,2244 715,2242 764,2240 812,2238 861,2237 910,2235 959,2233 1008,2231 1057,2229 1106,2227 1154,2225 1203,2221 1252,2219 1301,2215 1350,2211 1399,2205 1448,2199"/>
                <TextEquiv>
                    <Unicode>ger kein thätliche gemuinschafft mit Jra ge¬</Unicode>
                </TextEquiv>
            </TextLine>
            <TextLine id="r2l28" custom="readingOrder {index:27;}">
                <Coords points="471,2344 967,2297 1031,2343 1106,2313 1162,2346 1231,2293 1284,2326 1336,2292 1453,2305 1449,2213 1385,2267 1207,2229 1152,2274 1073,2275 1002,2230 746,2273 658,2241 469,2287"/>
                <Baseline points="477,2331 525,2325 573,2321 622,2317 670,2313 719,2311 767,2308 815,2307 864,2305 912,2304 961,2303 1009,2301 1057,2300 1106,2298 1154,2297 1203,2295 1251,2294 1299,2290 1348,2287 1396,2283 1445,2279"/>
                <TextEquiv>
                    <Unicode>habte vol aber Win vorgedacht, sy mit den</Unicode>
                </TextEquiv>
            </TextLine>
            <TextLine id="r2l29" custom="readingOrder {index:28;}">
                <Coords points="476,2408 968,2376 1048,2409 1109,2372 1219,2397 1258,2363 1444,2355 1440,2286 1339,2326 1231,2294 1158,2348 1118,2322 1033,2344 972,2300 792,2317 752,2354 473,2346"/>
                <Baseline points="483,2397 530,2393 578,2388 626,2385 673,2382 721,2379 769,2377 816,2376 864,2373 912,2372 960,2370 1007,2369 1055,2367 1103,2366 1150,2364 1198,2362 1246,2360 1293,2357 1341,2354 1389,2351 1437,2348"/>
                <TextEquiv>
                    <Unicode>handen ohngebührlich und ohnzüchtigklich be</Unicode>
                </TextEquiv>
            </TextLine>
            <TextLine id="r2l30" custom="readingOrder {index:29;}">
                <Coords points="482,2465 557,2502 603,2466 743,2479 784,2450 1082,2442 1175,2478 1263,2423 1307,2451 1486,2434 1484,2394 1336,2359 1260,2414 1140,2373 1040,2420 992,2393 843,2433 674,2379 606,2414 577,2387 480,2405"/>
                <Baseline points="489,2462 538,2459 587,2457 637,2454 686,2453 736,2451 785,2449 835,2448 884,2447 934,2445 983,2444 1032,2442 1082,2441 1131,2439 1181,2438 1230,2435 1280,2433 1329,2431 1379,2427 1428,2424 1478,2420"/>
                <TextEquiv>
                    <Unicode>dastet faß sein die rechte Barheit vnd bnm</Unicode>
                </TextEquiv>
            </TextLine>
            <TextLine id="r2l31" custom="readingOrder {index:30;}">
                <Coords points="475,2571 628,2523 682,2558 861,2520 914,2559 969,2526 1029,2551 1089,2501 1345,2537 1485,2490 1484,2433 1321,2464 1264,2423 1176,2478 892,2451 777,2503 674,2457 556,2502 513,2464 471,2479"/>
                <Baseline points="480,2525 532,2524 585,2522 637,2522 690,2520 742,2519 795,2517 848,2516 900,2514 953,2513 1005,2511 1058,2508 1110,2507 1163,2505 1216,2502 1268,2499 1321,2497 1373,2495 1426,2490 1479,2487"/>
                <TextEquiv>
                    <Unicode>sy anderst sagen, so ihnte sy zun Anrricht und</Unicode>
                </TextEquiv>
            </TextLine>
            <TextLine id="r2l32" custom="readingOrder {index:31;}">
                <Coords points="476,2602 547,2623 671,2584 806,2628 1019,2572 1193,2611 1405,2555 1235,2516 1190,2543 1076,2501 1016,2559 969,2527 911,2562 853,2521 772,2567 722,2531 675,2561 624,2523 475,2568"/>
                <Baseline points="482,2591 527,2591 573,2589 619,2589 665,2588 711,2588 756,2587 802,2586 848,2585 894,2585 940,2583 985,2582 1031,2580 1077,2579 1123,2577 1169,2576 1214,2574 1260,2571 1306,2570 1352,2568 1398,2565"/>
                <TextEquiv>
                    <Unicode>wechtete also, sy wurde nit selig wurden</Unicode>
                </TextEquiv>
            </TextLine>
            <TextLine id="r2l33" custom="readingOrder {index:32;}">
                <Coords points="455,2666 657,2694 702,2652 798,2695 968,2649 1116,2685 1214,2644 1318,2678 1371,2634 1426,2641 1424,2567 1193,2610 1082,2575 974,2631 733,2630 671,2584 573,2632 453,2599"/>
                <Baseline points="461,2654 508,2653 556,2652 604,2652 652,2651 700,2651 748,2650 796,2649 844,2649 892,2648 940,2648 987,2646 1035,2646 1083,2645 1131,2643 1179,2642 1227,2640 1275,2638 1323,2635 1371,2633 1419,2630"/>
                <TextEquiv>
                    <Unicode>Darauff sy angefangen ntliche schonn gezett</Unicode>
                </TextEquiv>
            </TextLine>
            <TextLine id="r2l34" custom="readingOrder {index:33;}">
                <Coords points="467,2733 520,2718 543,2741 574,2739 633,2716 668,2738 695,2735 716,2722 715,2654 701,2653 647,2698 615,2693 597,2678 576,2691 535,2654 508,2674 466,2671"/>
                <Baseline points="474,2721 500,2719 526,2717 552,2715 578,2714 605,2714 631,2714 657,2714 683,2715 710,2715"/>
                <TextEquiv>
                    <Unicode>zuthen.</Unicode>
                </TextEquiv>
            </TextLine>
            <TextLine id="r2l35" custom="readingOrder {index:34;}">
                <Coords points="453,2821 709,2807 804,2843 835,2814 891,2856 1067,2814 1184,2847 1319,2794 1373,2821 1424,2797 1424,2738 1041,2782 780,2731 637,2792 565,2745 452,2746"/>
                <Baseline points="459,2811 509,2810 559,2810 610,2808 660,2808 711,2810 761,2810 812,2810 862,2811 913,2811 963,2811 1014,2813 1064,2811 1115,2811 1165,2810 1216,2808 1266,2805 1317,2801 1367,2796 1418,2790"/>
                <TextEquiv>
                    <Unicode>Weilen nun allem ansachen nach dise ian be¬</Unicode>
                </TextEquiv>
            </TextLine>
            <TextLine id="r2l36" custom="readingOrder {index:35;}">
                <Coords points="485,2874 1091,2889 1125,2864 1243,2917 1435,2864 1435,2807 1297,2835 1258,2809 1186,2846 1066,2813 897,2855 711,2811 485,2832"/>
                <Baseline points="492,2871 538,2870 585,2870 632,2868 679,2868 726,2868 772,2868 819,2868 866,2870 913,2870 960,2871 1006,2871 1053,2871 1100,2873 1147,2873 1194,2871 1240,2871 1287,2871 1334,2868 1381,2867 1428,2864"/>
                <TextEquiv>
                    <Unicode>kantnus auß einem rettenden und Zurkeit¬</Unicode>
                </TextEquiv>
            </TextLine>
            <TextLine id="r2l37" custom="readingOrder {index:36;}">
                <Coords points="486,2976 662,2933 762,2975 864,2930 1082,2968 1437,2931 1437,2900 1236,2917 1114,2872 961,2923 892,2869 485,2884"/>
                <Baseline points="492,2939 538,2936 585,2934 632,2933 679,2933 726,2933 773,2933 820,2934 867,2935 914,2936 961,2937 1007,2937 1054,2938 1101,2939 1148,2937 1195,2937 1242,2936 1289,2933 1336,2931 1383,2925 1430,2921"/>
                <TextEquiv>
                    <Unicode>ihten hürzen gefloßen, alß hatt mann ui</Unicode>
                </TextEquiv>
            </TextLine>
            <TextLine id="r2l38" custom="readingOrder {index:37;}">
                <Coords points="485,3005 548,3030 937,3004 1015,3039 1063,3010 1178,3048 1273,3004 1498,3021 1498,2949 1442,2927 1357,2977 1196,2942 1125,2984 1058,2945 1009,2970 864,2931 756,2975 667,2934 485,2977"/>
                <Baseline points="492,3005 544,3003 597,3002 649,3002 702,3002 754,3002 807,3003 860,3004 912,3006 965,3006 1017,3008 1070,3008 1122,3009 1175,3008 1228,3008 1280,3006 1333,3003 1385,2999 1438,2994 1491,2988"/>
                <TextEquiv>
                    <Unicode>mahl mit der matter nicht an sy sezen, sonder</Unicode>
                </TextEquiv>
            </TextLine>
            <TextLine id="r2l39" custom="readingOrder {index:38;}">
                <Coords points="463,3076 585,3075 628,3117 741,3070 979,3071 1082,3106 1165,3075 1285,3110 1391,3095 1392,3025 1273,3004 1154,3055 1064,3011 1022,3039 960,3012 904,3053 789,3002 671,3008 636,3043 464,3005"/>
                <Baseline points="470,3071 515,3069 561,3068 607,3068 653,3068 698,3068 744,3068 790,3069 836,3069 881,3071 927,3071 973,3072 1019,3074 1064,3075 1110,3075 1156,3077 1202,3077 1247,3078 1293,3078 1339,3078 1385,3078"/>
                <TextEquiv>
                    <Unicode>die sach zu weiterum beüeligen mntschluß</Unicode>
                </TextEquiv>
            </TextLine>
            <TextLine id="r2l40" custom="readingOrder {index:39;}">
                <Coords points="471,3146 528,3171 697,3135 788,3168 863,3133 904,3161 1024,3154 1056,3185 1135,3155 1281,3187 1324,3162 1325,3121 1185,3075 1110,3124 912,3066 725,3072 631,3120 545,3064 473,3087"/>
                <Baseline points="479,3129 520,3131 562,3131 604,3132 646,3132 688,3134 730,3134 772,3135 814,3136 856,3137 898,3138 939,3140 981,3140 1023,3141 1065,3143 1107,3143 1149,3144 1191,3144 1233,3146 1275,3146 1317,3146"/>
                <TextEquiv>
                    <Unicode>Mahl dem rählen gortragen wollen.</Unicode>
                </TextEquiv>
            </TextLine>
            <TextLine id="r2l41" custom="readingOrder {index:40;}">
                <Coords points="445,3218 514,3241 618,3215 701,3269 768,3227 869,3264 910,3224 1120,3240 1211,3281 1440,3220 1441,3181 1365,3132 1271,3197 1212,3177 1149,3218 924,3149 766,3202 645,3143 586,3172 447,3157"/>
                <Baseline points="452,3213 501,3212 550,3212 599,3213 648,3213 697,3216 746,3218 795,3222 844,3224 893,3227 943,3230 992,3233 1041,3234 1090,3236 1139,3237 1188,3236 1237,3234 1286,3232 1335,3228 1384,3223 1434,3215"/>
                <TextEquiv>
                    <Unicode>Ass befragen, ob sy nit mansen zug zuchen</Unicode>
                </TextEquiv>
            </TextLine>
            <TextLine id="r2l42" custom="readingOrder {index:41;}">
                <Coords points="484,3286 1159,3301 1254,3340 1295,3302 1488,3301 1489,3233 1450,3216 1390,3261 1335,3228 1224,3281 1107,3244 988,3272 909,3228 864,3270 808,3226 701,3268 485,3231"/>
                <Baseline points="491,3279 540,3279 590,3279 639,3281 689,3282 738,3284 788,3285 837,3288 887,3291 936,3293 986,3294 1036,3296 1085,3297 1135,3299 1184,3299 1234,3299 1283,3297 1333,3296 1382,3293 1432,3289 1482,3284"/>
                <TextEquiv>
                    <Unicode>gekandt, umb darmit irem mann zuvorgeben,</Unicode>
                </TextEquiv>
            </TextLine>
            <TextLine id="r2l43" custom="readingOrder {index:42;} person {offset:32; length:11;}">
                <Coords points="487,3385 600,3402 682,3354 798,3362 866,3409 1003,3372 1060,3408 1303,3395 1485,3366 1487,3302 1403,3350 1344,3322 1278,3358 1161,3303 985,3296 911,3345 867,3300 798,3335 735,3294 490,3296"/>
                <Baseline points="495,3351 544,3348 593,3348 642,3348 691,3350 741,3351 790,3354 839,3356 888,3360 937,3364 987,3366 1036,3369 1085,3372 1134,3375 1183,3376 1233,3377 1282,3375 1331,3374 1380,3371 1429,3365 1479,3359"/>
                <TextEquiv>
                    <Unicode>und solches dem herren landvogt Velkan beat</Unicode>
                </TextEquiv>
            </TextLine>
            <TextEquiv>
                <Unicode>pendzlichen, us ain nach dem sy die thate
mit samb Jaun Bald mit halben mund
Bald besahnt, bald wder verminet, dß
die men indergefallen und hatt angefangen
gen nüt stancken henlen und meynen gott
den herren und eine hoche oberkedt wegen
frür begangen Mißetzaren umb ver¬
Zeichung zugillen
uff betragen, ob sy bey erzeigter angst
haftigken den todtfrechte, dan sy wegen
Arnn vntheten verdinnt habe Hath sy mit
auter und Herzhatfter stimm gnantwortet
kein sy lachte dan todt nit, wolle gargen
sterben, zeige denselben wol geroment
Wans sy dann also angstige, sy förchte, Wann
11
sy jemand ohnrecht thuye und die Marheit
bit sage, so fächte sy, sy wurde nit selig,
uff zusprechen, solle hiemand Weder jra
noch anderen hnrucht thun, alß welcher gu
große sund währe, sondern die marheit grund
Hatt sy gesagt, ja sy wolle
ich anziigen.
is thun und seye die sach also, daß sy dem
herrn landvvogt die Warzeit nit recht bekent
habe, und habe weder samb nach Joggi dem
ger kein thätliche gemuinschafft mit Jra ge¬
habte vol aber Win vorgedacht, sy mit den
handen ohngebührlich und ohnzüchtigklich be
dastet faß sein die rechte Barheit vnd bnm
sy anderst sagen, so ihnte sy zun Anrricht und
wechtete also, sy wurde nit selig wurden
Darauff sy angefangen ntliche schonn gezett
zuthen.
Weilen nun allem ansachen nach dise ian be¬
kantnus auß einem rettenden und Zurkeit¬
ihten hürzen gefloßen, alß hatt mann ui
mahl mit der matter nicht an sy sezen, sonder
die sach zu weiterum beüeligen mntschluß
Mahl dem rählen gortragen wollen.
Ass befragen, ob sy nit mansen zug zuchen
gekandt, umb darmit irem mann zuvorgeben,
und solches dem herren landvogt Velkan beat</Unicode>
            </TextEquiv>
        </TextRegion>
        <TextRegion orientation="0.0" id="r3" custom="readingOrder {index:2;}">
            <Coords points="1487,455 1487,617 1565,617 1565,455"/>
            <TextLine id="r3l1" custom="readingOrder {index:0;}">
                <Coords points="1477,575 1490,579 1501,590 1511,585 1518,590 1552,570 1571,572 1585,477 1570,480 1564,474 1549,484 1537,476 1527,480 1510,467 1493,472"/>
                <Baseline points="1487,555 1513,561 1539,565 1565,567"/>
                <TextEquiv>
                    <Unicode></Unicode>
                </TextEquiv>
            </TextLine>
            <TextEquiv>
                <Unicode></Unicode>
            </TextEquiv>
        </TextRegion>
        <TextRegion orientation="0.0" id="r4" custom="readingOrder {index:3;}">
            <Coords points="1745,430 1745,3434 2871,3434 2871,430"/>
            <TextLine id="r4l1" custom="readingOrder {index:0;}">
                <Coords points="2716,497 2735,492 2741,485 2752,490 2765,482 2776,484 2781,478 2788,478 2784,393 2771,392 2764,399 2757,396 2740,412 2711,412"/>
                <Baseline points="2721,462 2751,461 2781,459"/>
                <TextEquiv>
                    <Unicode>16.</Unicode>
                </TextEquiv>
            </TextLine>
            <TextLine id="r4l2" custom="readingOrder {index:1;} place {offset:21; length:4;}">
                <Coords points="1751,647 1962,606 2066,647 2126,607 2281,612 2329,645 2433,589 2585,625 2663,578 2737,583 2735,537 2531,562 2404,548 2321,497 2221,555 2154,514 1747,571"/>
                <Baseline points="1757,620 1805,617 1854,615 1902,614 1951,612 2000,611 2048,609 2097,608 2145,606 2194,605 2243,603 2291,600 2340,599 2388,596 2437,594 2486,591 2534,587 2583,583 2631,580 2680,575 2729,570"/>
                <TextEquiv>
                    <Unicode>habe etc. Sy habe zu thun eine grunn</Unicode>
                </TextEquiv>
            </TextLine>
            <TextLine id="r4l3" custom="readingOrder {index:2;}">
                <Coords points="1760,700 1914,675 2139,714 2235,668 2757,643 2806,669 2822,616 2697,575 2472,639 2413,594 2326,648 2126,606 2072,649 1865,613 1758,660"/>
                <Baseline points="1766,684 1818,683 1871,681 1923,680 1976,677 2028,675 2081,674 2133,671 2186,669 2238,668 2291,665 2343,663 2396,660 2448,658 2501,656 2553,653 2606,651 2658,648 2711,646 2763,643 2816,641"/>
                <TextEquiv>
                    <Unicode>alben Kauff, umb die wuß an den Kalberen</Unicode>
                </TextEquiv>
            </TextLine>
            <TextLine id="r4l4" custom="readingOrder {index:3;}">
                <Coords points="1738,762 2836,716 2834,664 2749,647 2665,687 2615,658 2403,692 2275,668 2138,715 1969,714 1914,674 1736,698"/>
                <Baseline points="1745,747 1799,744 1853,741 1907,738 1961,737 2015,735 2069,732 2124,731 2178,729 2232,728 2286,726 2340,723 2394,722 2448,720 2503,717 2557,714 2611,711 2665,707 2719,702 2773,698 2828,692"/>
                <TextEquiv>
                    <Unicode>zuvertemben, kies weges aber iren mann</Unicode>
                </TextEquiv>
            </TextLine>
            <TextLine id="r4l5" custom="readingOrder {index:4;}">
                <Coords points="1739,831 1869,806 1939,847 2043,799 2110,843 2279,780 2721,797 2816,757 2814,712 2732,700 2663,750 2612,715 2450,733 2402,768 1962,733 1737,796"/>
                <Baseline points="1745,816 1798,811 1851,806 1904,803 1958,800 2011,797 2064,795 2117,794 2171,792 2224,791 2277,789 2330,788 2384,786 2437,785 2490,782 2543,778 2597,775 2650,770 2703,763 2756,757 2810,749"/>
                <TextEquiv>
                    <Unicode>dardurch hinzurichten und obwolen sy sol</Unicode>
                </TextEquiv>
            </TextLine>
            <TextLine id="r4l6" custom="readingOrder {index:5;}">
                <Coords points="1767,900 1996,864 2078,910 2142,858 2306,884 2695,825 2778,847 2841,815 2838,751 2685,812 2618,779 2318,806 2270,780 2134,841 2053,812 1941,845 1821,805 1764,837"/>
                <Baseline points="1772,875 1825,871 1878,869 1931,866 1984,864 2037,861 2090,860 2143,858 2196,857 2249,855 2303,852 2356,851 2409,849 2462,846 2515,843 2568,839 2621,836 2674,830 2727,825 2780,819 2834,812"/>
                <TextEquiv>
                    <Unicode>ihms dem herren landvvogt bekent haben möchte</Unicode>
                </TextEquiv>
            </TextLine>
            <TextLine id="r4l7" custom="readingOrder {index:6;}">
                <Coords points="1756,987 1976,937 2146,965 2337,903 2579,955 2754,921 2835,880 2833,840 2642,832 2570,876 2480,848 2381,885 2346,856 2298,888 2213,853 2079,909 2000,872 1933,913 1753,913"/>
                <Baseline points="1760,938 1813,936 1866,933 1920,931 1973,929 2027,928 2080,927 2133,926 2187,924 2240,923 2294,921 2347,920 2400,918 2454,915 2507,912 2561,909 2614,905 2667,900 2721,896 2774,890 2828,882"/>
                <TextEquiv>
                    <Unicode>so seye ins doch nit etc. Ace 3 ovembris 1682</Unicode>
                </TextEquiv>
            </TextLine>
            <TextLine id="r4l8" custom="readingOrder {index:7;}">
                <Coords points="1774,1132 2242,1154 2285,1108 2822,1077 2819,1015 2713,1039 2627,997 2378,1058 1981,1036 1906,1096 1772,1106"/>
                <Baseline points="1781,1128 1832,1128 1884,1127 1936,1125 1988,1124 2039,1121 2091,1118 2143,1116 2195,1113 2246,1110 2298,1107 2350,1104 2402,1100 2453,1097 2505,1093 2557,1089 2609,1086 2660,1083 2712,1080 2764,1076 2816,1073"/>
                <TextEquiv>
                    <Unicode>ber Melche abgelegte relation vnd In Be¬</Unicode>
                </TextEquiv>
            </TextLine>
            <TextLine id="r4l9" custom="readingOrder {index:8;}">
                <Coords points="1766,1205 1872,1222 2096,1177 2170,1214 2277,1171 2333,1204 2381,1159 2459,1202 2584,1151 2614,1177 2726,1136 2783,1159 2800,1103 2739,1084 2618,1133 2418,1105 2236,1158 1762,1140"/>
                <Baseline points="1772,1193 1823,1190 1874,1188 1925,1186 1976,1184 2027,1182 2078,1179 2130,1177 2181,1175 2232,1173 2283,1170 2334,1167 2385,1164 2436,1161 2488,1157 2539,1153 2590,1149 2641,1145 2692,1140 2743,1135 2795,1128"/>
                <TextEquiv>
                    <Unicode>trachtung irer zinuorigen zu Jarerlanken</Unicode>
                </TextEquiv>
            </TextLine>
            <TextLine id="r4l10" custom="readingOrder {index:9;}">
                <Coords points="1770,1283 2153,1281 2223,1228 2312,1265 2405,1226 2488,1258 2549,1219 2827,1204 2828,1172 2657,1155 2618,1191 2557,1158 2462,1204 2381,1159 2338,1205 2277,1171 2188,1214 2086,1177 1960,1229 1909,1194 1871,1222 1766,1205"/>
                <Baseline points="1775,1253 1827,1250 1879,1248 1932,1245 1984,1242 2036,1240 2089,1238 2141,1236 2193,1233 2246,1231 2298,1229 2350,1227 2403,1224 2455,1221 2507,1218 2560,1213 2612,1210 2664,1205 2717,1200 2769,1194 2822,1187"/>
                <TextEquiv>
                    <Unicode>Erentinig gethanen bekantung und der an¬</Unicode>
                </TextEquiv>
            </TextLine>
            <TextLine id="r4l11" custom="readingOrder {index:10;}">
                <Coords points="1773,1359 2207,1290 2491,1282 2621,1317 2799,1253 2719,1197 2488,1257 2316,1231 2225,1277 1769,1283"/>
                <Baseline points="1778,1311 1828,1310 1879,1307 1930,1305 1980,1304 2031,1302 2082,1299 2132,1298 2183,1296 2234,1293 2285,1290 2335,1289 2386,1286 2437,1283 2487,1280 2538,1275 2589,1272 2639,1268 2690,1263 2741,1257 2792,1251"/>
                <TextEquiv>
                    <Unicode>geben Jaggen sann nit nach völliger außge</Unicode>
                </TextEquiv>
            </TextLine>
            <TextLine id="r4l12" custom="readingOrder {index:11;}">
                <Coords points="1772,1413 1924,1404 1996,1351 2330,1393 2466,1335 2585,1366 2651,1325 2738,1342 2841,1312 2836,1228 2726,1306 2276,1287 2243,1322 2055,1307 1768,1356"/>
                <Baseline points="1776,1371 1828,1368 1881,1367 1934,1365 1987,1362 2040,1361 2093,1359 2146,1358 2199,1355 2252,1353 2305,1351 2357,1349 2410,1346 2463,1343 2516,1340 2569,1335 2622,1330 2675,1325 2728,1320 2781,1312 2834,1305"/>
                <TextEquiv>
                    <Unicode>andener labbußungs straff und verrichteten</Unicode>
                </TextEquiv>
            </TextLine>
            <TextLine id="r4l13" custom="readingOrder {index:12;}">
                <Coords points="1775,1454 2128,1416 2182,1451 2416,1397 2490,1439 2553,1388 2616,1434 2687,1390 2761,1427 2834,1405 2829,1316 2738,1359 2652,1326 2615,1366 2331,1391 1998,1351 1925,1404 1773,1412"/>
                <Baseline points="1781,1430 1833,1427 1885,1425 1937,1422 1989,1420 2042,1418 2094,1415 2146,1413 2198,1412 2250,1410 2303,1407 2355,1405 2407,1403 2459,1400 2511,1397 2564,1392 2616,1388 2668,1383 2720,1378 2772,1371 2825,1365"/>
                <TextEquiv>
                    <Unicode>chongrehlicher deprecarion angefangen u</Unicode>
                </TextEquiv>
            </TextLine>
            <TextLine id="r4l14" custom="readingOrder {index:13;}">
                <Coords points="1781,1496 2178,1483 2235,1517 2550,1453 2631,1486 2744,1441 2851,1457 2849,1409 1779,1452"/>
                <Baseline points="1787,1487 1839,1485 1892,1484 1945,1482 1998,1481 2051,1479 2103,1478 2156,1476 2209,1475 2262,1472 2315,1470 2367,1469 2420,1466 2473,1463 2526,1460 2579,1457 2631,1453 2684,1448 2737,1443 2790,1438 2843,1433"/>
                <TextEquiv>
                    <Unicode>retracpieren, dach by beschehener onfroncaon</Unicode>
                </TextEquiv>
            </TextLine>
            <TextLine id="r4l15" custom="readingOrder {index:14;}">
                <Coords points="1782,1565 2209,1532 2294,1572 2468,1526 2544,1550 2588,1516 2678,1556 2759,1498 2826,1503 2825,1466 2738,1442 2636,1492 2559,1460 2511,1497 2395,1473 2230,1516 2081,1481 1780,1519"/>
                <Baseline points="1787,1545 1838,1541 1890,1537 1941,1535 1993,1533 2045,1532 2096,1532 2148,1532 2199,1530 2251,1530 2303,1530 2354,1529 2406,1529 2457,1526 2509,1524 2561,1521 2612,1517 2664,1511 2715,1505 2767,1495 2819,1485"/>
                <TextEquiv>
                    <Unicode>er geständig worden, ebend mahl jer dißman</Unicode>
                </TextEquiv>
            </TextLine>
            <TextLine id="r4l16" custom="readingOrder {index:15;}">
                <Coords points="1782,1617 1879,1648 2035,1599 2293,1626 2393,1582 2465,1613 2499,1578 2674,1613 2738,1562 2791,1600 2854,1560 2852,1517 2775,1504 2680,1553 2602,1522 2297,1571 2210,1533 2071,1568 1983,1534 1885,1584 1780,1565"/>
                <Baseline points="1788,1605 1840,1601 1893,1597 1946,1595 1999,1593 2052,1590 2105,1589 2158,1589 2211,1587 2264,1587 2317,1586 2369,1585 2422,1583 2475,1581 2528,1578 2581,1576 2634,1572 2687,1568 2740,1561 2793,1555 2846,1547"/>
                <TextEquiv>
                    <Unicode>ligen gethanen znkanumb sich noch noh erselli¬</Unicode>
                </TextEquiv>
            </TextLine>
            <TextLine id="r4l17" custom="readingOrder {index:16;}">
                <Coords points="1770,1693 2032,1644 2099,1684 2149,1647 2301,1692 2462,1641 2822,1651 2852,1592 2737,1563 2682,1613 2500,1577 2468,1613 2383,1583 2293,1626 2084,1601 2047,1633 1768,1649"/>
                <Baseline points="1775,1668 1828,1664 1882,1659 1935,1655 1989,1652 2042,1650 2096,1647 2149,1647 2203,1646 2256,1646 2310,1644 2364,1644 2417,1643 2471,1642 2524,1641 2578,1638 2631,1635 2685,1632 2738,1626 2792,1621 2846,1613"/>
                <TextEquiv>
                    <Unicode>gen conni sondern auß sehr sillen umbstan</Unicode>
                </TextEquiv>
            </TextLine>
            <TextLine id="r4l18" custom="readingOrder {index:17;}">
                <Coords points="1779,1745 2056,1720 2271,1754 2324,1708 2452,1749 2547,1700 2815,1695 2812,1630 2659,1669 2452,1643 2316,1695 2148,1647 2093,1685 2034,1644 1866,1702 1777,1688"/>
                <Baseline points="1785,1730 1836,1726 1887,1722 1938,1719 1989,1716 2040,1715 2091,1713 2142,1712 2193,1712 2244,1710 2296,1710 2347,1709 2398,1707 2449,1706 2500,1704 2551,1701 2602,1697 2653,1692 2704,1688 2755,1682 2807,1674"/>
                <TextEquiv>
                    <Unicode>dan schlißen müßen, daß sy zr hart noch nit</Unicode>
                </TextEquiv>
            </TextLine>
            <TextLine id="r4l19" custom="readingOrder {index:18;}">
                <Coords points="1794,1809 1875,1779 1927,1819 2018,1774 2087,1811 2187,1775 2260,1802 2299,1765 2410,1794 2494,1760 2596,1790 2643,1752 2787,1750 2784,1679 2727,1717 2597,1695 2432,1750 2323,1709 2277,1753 2138,1722 2054,1757 1994,1723 1792,1755"/>
                <Baseline points="1800,1788 1849,1784 1898,1781 1947,1778 1996,1775 2045,1773 2094,1772 2143,1770 2192,1770 2241,1769 2290,1768 2339,1767 2388,1766 2437,1764 2486,1763 2535,1761 2584,1758 2633,1755 2682,1752 2731,1747 2780,1742"/>
                <TextEquiv>
                    <Unicode>geztschaffen geraumt und din warheit nit</Unicode>
                </TextEquiv>
            </TextLine>
            <TextLine id="r4l20" custom="readingOrder {index:19;}">
                <Coords points="1785,1891 2172,1835 2427,1856 2532,1812 2832,1825 2815,1748 2744,1784 2699,1752 2639,1788 2494,1760 2421,1795 2314,1766 2155,1810 2004,1780 1926,1821 1782,1803"/>
                <Baseline points="1790,1848 1841,1845 1893,1841 1945,1838 1997,1835 2048,1832 2100,1829 2152,1827 2204,1825 2255,1823 2307,1822 2359,1820 2411,1818 2462,1817 2514,1815 2566,1814 2618,1811 2669,1809 2721,1807 2773,1805 2825,1802"/>
                <TextEquiv>
                    <Unicode>zollign außgesagt, hiemit er gethanens munstin</Unicode>
                </TextEquiv>
            </TextLine>
            <TextLine id="r4l21" custom="readingOrder {index:20;}">
                <Coords points="1791,1941 1987,1932 2043,1893 2173,1930 2251,1881 2646,1914 2839,1870 2840,1842 2763,1803 2698,1846 2531,1813 2334,1865 2169,1836 1952,1876 1860,1843 1789,1888"/>
                <Baseline points="1797,1899 1848,1897 1900,1895 1952,1893 2004,1892 2056,1890 2108,1889 2159,1887 2211,1884 2263,1883 2315,1881 2367,1880 2419,1878 2471,1877 2522,1875 2574,1874 2626,1872 2678,1871 2730,1869 2782,1868 2834,1865"/>
                <TextEquiv>
                    <Unicode>und Beinn mehr für zin gleißnerische ger</Unicode>
                </TextEquiv>
            </TextLine>
            <TextLine id="r4l22" custom="readingOrder {index:21;}">
                <Coords points="1769,1988 2130,1957 2191,1984 2277,1946 2334,1987 2379,1949 2509,1986 2570,1934 2768,1963 2838,1951 2837,1884 2577,1925 2366,1883 2251,1882 2174,1930 1767,1913"/>
                <Baseline points="1775,1952 1827,1953 1880,1953 1933,1953 1986,1953 2039,1952 2091,1952 2144,1951 2197,1950 2250,1949 2303,1947 2355,1946 2408,1944 2461,1943 2514,1941 2567,1938 2619,1937 2672,1934 2725,1932 2778,1928 2831,1925"/>
                <TextEquiv>
                    <Unicode>stellung, alß aber fur ein Zeichen ninns rech¬</Unicode>
                </TextEquiv>
            </TextLine>
            <TextLine id="r4l23" custom="readingOrder {index:22;}">
                <Coords points="1779,2022 1880,2042 2036,2002 2090,2044 2321,2048 2562,2005 2666,2037 2762,2018 2762,1963 2238,1989 2135,1957 1915,1989 1778,1958"/>
                <Baseline points="1785,2012 1833,2010 1882,2007 1930,2007 1979,2006 2027,2006 2076,2006 2124,2006 2173,2006 2221,2006 2270,2006 2319,2006 2367,2006 2416,2006 2464,2007 2513,2006 2561,2006 2610,2006 2658,2004 2707,2003 2756,2001"/>
                <TextEquiv>
                    <Unicode>den rewenden herzumb znhalten wahere</Unicode>
                </TextEquiv>
            </TextLine>
            <TextLine id="r4l24" custom="readingOrder {index:23;}">
                <Coords points="1773,2096 1959,2057 2079,2094 2246,2062 2357,2108 2432,2058 2552,2095 2611,2056 2780,2073 2780,2028 2519,2045 2457,2006 2382,2045 2047,2017 1932,2048 1772,2020"/>
                <Baseline points="1779,2078 1828,2072 1878,2069 1928,2066 1978,2063 2027,2062 2077,2061 2127,2060 2177,2060 2226,2060 2276,2060 2326,2060 2376,2060 2425,2060 2475,2060 2525,2060 2575,2060 2624,2060 2674,2058 2724,2057 2774,2055"/>
                <TextEquiv>
                    <Unicode>Myhen vor wnterem entschluß nohtwundig</Unicode>
                </TextEquiv>
            </TextLine>
            <TextLine id="r4l25" custom="readingOrder {index:24;}">
                <Coords points="1785,2170 1957,2119 2149,2144 2281,2120 2385,2162 2523,2119 2745,2148 2796,2127 2796,2076 2675,2097 2614,2057 2548,2096 2432,2057 2377,2104 2095,2108 1959,2058 1784,2100"/>
                <Baseline points="1791,2132 1840,2130 1890,2129 1940,2126 1990,2126 2040,2124 2090,2123 2140,2123 2190,2121 2240,2121 2290,2120 2339,2120 2389,2120 2439,2118 2489,2118 2539,2118 2589,2117 2639,2117 2689,2115 2739,2115 2789,2114"/>
                <TextEquiv>
                    <Unicode>eachtet sy nach einen ristlichen herre be</Unicode>
                </TextEquiv>
            </TextLine>
            <TextLine id="r4l26" custom="readingOrder {index:25;} person {offset:26; length:6;}">
                <Coords points="1781,2224 1868,2190 1949,2214 2102,2186 2173,2219 2326,2180 2648,2202 2736,2189 2736,2136 2497,2120 2384,2162 2290,2123 2025,2144 1958,2118 1781,2168"/>
                <Baseline points="1788,2187 1835,2187 1882,2187 1929,2187 1976,2187 2023,2186 2070,2186 2117,2186 2164,2184 2211,2184 2259,2183 2306,2183 2353,2183 2400,2181 2447,2181 2494,2181 2541,2181 2588,2181 2635,2181 2682,2181 2730,2183"/>
                <TextEquiv>
                    <Unicode>ehen und ia  auß dem vort Gotter</Unicode>
                </TextEquiv>
            </TextLine>
            <TextLine id="r4l27" custom="readingOrder {index:26;}">
                <Coords points="1784,2263 1901,2279 2008,2241 2103,2292 2237,2250 2278,2275 2623,2245 2665,2273 2718,2229 2795,2264 2819,2197 2621,2193 2573,2226 2410,2191 2288,2228 2206,2192 2158,2227 1923,2192 1784,2222"/>
                <Baseline points="1791,2252 1842,2250 1893,2249 1944,2249 1995,2247 2046,2247 2097,2246 2148,2246 2199,2246 2250,2246 2302,2244 2353,2244 2404,2244 2455,2243 2506,2243 2557,2242 2608,2241 2659,2240 2710,2240 2761,2237 2813,2235"/>
                <TextEquiv>
                    <Unicode>retigklich zusprechen zulaßen, vmb zuuhn</Unicode>
                </TextEquiv>
            </TextLine>
            <TextLine id="r4l28" custom="readingOrder {index:27;} person {offset:40; length:6;}">
                <Coords points="1769,2313 2224,2337 2306,2300 2411,2347 2492,2311 2579,2302 2624,2340 2835,2295 2834,2251 2771,2281 2717,2231 2658,2279 2573,2246 2276,2277 2237,2250 2103,2291 2040,2254 1995,2293 1936,2254 1768,2258"/>
                <Baseline points="1775,2312 1827,2310 1880,2309 1932,2307 1985,2307 2038,2306 2090,2304 2143,2304 2196,2303 2248,2303 2301,2303 2354,2301 2406,2301 2459,2301 2512,2300 2564,2300 2617,2300 2670,2298 2722,2298 2775,2297 2828,2295"/>
                <TextEquiv>
                    <Unicode>Ds villicher durch diß mitleh jr herren anicht</Unicode>
                </TextEquiv>
            </TextLine>
            <TextLine id="r4l29" custom="readingOrder {index:28;}">
                <Coords points="1790,2379 2026,2396 2090,2351 2510,2402 2586,2358 2860,2373 2859,2324 2740,2300 2435,2345 2303,2303 2224,2339 1860,2311 1790,2354"/>
                <Baseline points="1797,2366 1849,2364 1902,2363 1955,2361 2008,2360 2060,2360 2113,2358 2166,2358 2219,2358 2271,2358 2324,2358 2377,2358 2430,2358 2482,2357 2535,2357 2588,2357 2641,2355 2693,2355 2746,2354 2799,2352 2852,2351"/>
                <TextEquiv>
                    <Unicode>und sy zur tregen bekantnen frur begangen</Unicode>
                </TextEquiv>
            </TextLine>
            <TextLine id="r4l30" custom="readingOrder {index:29;}">
                <Coords points="1790,2427 1983,2451 2125,2406 2198,2440 2300,2408 2399,2449 2515,2417 2593,2460 2693,2455 2766,2429 2766,2376 2709,2353 2502,2401 2098,2358 2046,2393 1904,2363 1790,2399"/>
                <Baseline points="1797,2420 1845,2417 1893,2414 1941,2412 1989,2412 2037,2411 2085,2411 2133,2412 2181,2412 2229,2413 2278,2414 2326,2415 2374,2415 2422,2415 2470,2417 2518,2416 2566,2415 2614,2414 2662,2412 2710,2410 2759,2408"/>
                <TextEquiv>
                    <Unicode>nen knchauns anbzag Gerden möge, in</Unicode>
                </TextEquiv>
            </TextLine>
            <TextLine id="r4l31" custom="readingOrder {index:30;}">
                <Coords points="1773,2477 2111,2513 2164,2474 2243,2503 2319,2472 2446,2505 2575,2481 2626,2518 2812,2490 2812,2421 2641,2457 2198,2440 2131,2406 1983,2452 1773,2421"/>
                <Baseline points="1779,2472 1830,2469 1881,2468 1932,2468 1984,2466 2035,2466 2086,2466 2138,2466 2189,2466 2240,2466 2292,2466 2343,2468 2394,2468 2445,2468 2497,2469 2548,2469 2599,2469 2651,2471 2702,2471 2753,2471 2805,2469"/>
                <TextEquiv>
                    <Unicode>Maßen dann zu volg empfangenen Gezelchib</Unicode>
                </TextEquiv>
            </TextLine>
            <TextLine id="r4l32" custom="readingOrder {index:31;} person {offset:19; length:8;}">
                <Coords points="1780,2527 2076,2525 2187,2561 2300,2534 2350,2572 2458,2532 2841,2536 2828,2476 2639,2517 2320,2472 2122,2508 1780,2476"/>
                <Baseline points="1787,2529 1839,2529 1891,2528 1944,2526 1996,2526 2048,2525 2101,2525 2153,2525 2205,2525 2258,2526 2310,2526 2362,2526 2415,2527 2467,2528 2519,2528 2572,2528 2624,2529 2676,2529 2729,2529 2781,2529 2834,2529"/>
                <TextEquiv>
                    <Unicode>Mrfn Herr HHelsfer Nächmann mr und nebe</Unicode>
                </TextEquiv>
            </TextLine>
            <TextLine id="r4l33" custom="readingOrder {index:32;}">
                <Coords points="1771,2616 1927,2593 2038,2630 2104,2584 2641,2613 2801,2602 2830,2546 2713,2568 2609,2526 2549,2563 2400,2539 2347,2571 1772,2529"/>
                <Baseline points="1778,2580 1830,2580 1882,2580 1934,2582 1987,2583 2039,2583 2091,2585 2143,2586 2196,2586 2248,2588 2300,2589 2352,2589 2405,2591 2457,2591 2509,2591 2561,2591 2614,2591 2666,2589 2718,2588 2770,2586 2823,2585"/>
                <TextEquiv>
                    <Unicode>E. A. E. Iro Dinerin deß h Großweibel</Unicode>
                </TextEquiv>
            </TextLine>
            <TextLine id="r4l34" custom="readingOrder {index:33;} person {offset:0; length:7;}">
                <Coords points="1756,2656 1967,2635 2302,2676 2441,2647 2523,2690 2803,2644 2670,2601 2499,2629 2105,2584 2036,2633 1923,2598 1757,2620"/>
                <Baseline points="1764,2640 1815,2640 1867,2640 1918,2640 1970,2640 2022,2642 2073,2642 2125,2643 2176,2643 2228,2645 2280,2645 2331,2646 2383,2646 2434,2646 2486,2646 2538,2646 2589,2646 2641,2646 2692,2645 2744,2643 2796,2642"/>
                <TextEquiv>
                    <Unicode>Kingers und Grichschriizers zu zweyen</Unicode>
                </TextEquiv>
            </TextLine>
            <TextLine id="r4l35" custom="readingOrder {index:34;}">
                <Coords points="1787,2707 1922,2744 2036,2692 2106,2739 2189,2693 2327,2742 2860,2723 2860,2672 2775,2650 2483,2683 1787,2650"/>
                <Baseline points="1793,2697 1846,2696 1899,2696 1952,2696 2005,2696 2058,2697 2111,2697 2164,2699 2217,2700 2270,2700 2323,2702 2376,2703 2429,2705 2482,2705 2535,2705 2588,2706 2641,2705 2694,2705 2747,2703 2800,2702 2853,2699"/>
                <TextEquiv>
                    <Unicode>mehlen zu traß die gefangenschafft sich bege¬</Unicode>
                </TextEquiv>
            </TextLine>
            <TextLine id="r4l36" custom="readingOrder {index:35;}">
                <Coords points="1787,2765 1887,2751 1956,2796 2011,2764 2191,2796 2436,2767 2624,2807 2802,2781 2803,2704 2660,2751 2329,2743 2192,2695 2119,2745 2061,2713 1916,2742 1788,2712"/>
                <Baseline points="1794,2759 1844,2759 1894,2759 1944,2759 1994,2759 2044,2760 2094,2760 2144,2762 2194,2762 2244,2762 2294,2763 2344,2763 2394,2765 2444,2765 2494,2766 2544,2766 2594,2766 2644,2766 2694,2766 2744,2766 2795,2766"/>
                <TextEquiv>
                    <Unicode>ben samlichen und zum ersten den 4. dises</Unicode>
                </TextEquiv>
            </TextLine>
            <TextLine id="r4l37" custom="readingOrder {index:36;}">
                <Coords points="1768,2835 1978,2815 2169,2854 2325,2825 2366,2866 2436,2832 2860,2839 2848,2802 2474,2798 2439,2765 2394,2800 2278,2770 2222,2804 2011,2763 1897,2804 1808,2759 1768,2779"/>
                <Baseline points="1775,2823 1828,2820 1882,2819 1936,2817 1990,2816 2044,2817 2098,2817 2152,2819 2206,2820 2260,2822 2314,2823 2367,2825 2421,2827 2475,2829 2529,2830 2583,2831 2637,2831 2691,2831 2745,2829 2799,2826 2853,2823"/>
                <TextEquiv>
                    <Unicode>Da dann ohngeach aller gethane Hinmann.</Unicode>
                </TextEquiv>
            </TextLine>
            <TextLine id="r4l38" custom="readingOrder {index:37;}">
                <Coords points="1786,2910 1978,2868 2197,2923 2311,2891 2384,2926 2542,2891 2862,2909 2875,2833 2607,2825 2561,2868 2406,2834 2366,2867 1925,2815 1788,2851"/>
                <Baseline points="1794,2879 1847,2876 1901,2874 1954,2873 2008,2873 2062,2873 2115,2873 2169,2876 2223,2877 2276,2879 2330,2882 2384,2883 2437,2885 2491,2888 2545,2889 2598,2891 2652,2892 2706,2892 2759,2892 2813,2891 2867,2889"/>
                <TextEquiv>
                    <Unicode>gen und vermahnungen guß zem gort gottes</Unicode>
                </TextEquiv>
            </TextLine>
            <TextLine id="r4l39" custom="readingOrder {index:38;}">
                <Coords points="1790,2957 1945,2927 2073,2976 2120,2936 2224,2965 2285,2941 2336,2985 2529,2940 2627,2985 2752,2949 2811,2982 2841,2917 2191,2921 1976,2872 1791,2907"/>
                <Baseline points="1797,2937 1848,2936 1900,2934 1952,2933 2004,2933 2056,2933 2108,2934 2159,2934 2211,2936 2263,2937 2315,2939 2367,2941 2419,2942 2471,2944 2522,2945 2574,2946 2626,2948 2678,2949 2730,2949 2782,2949 2834,2949"/>
                <TextEquiv>
                    <Unicode>und sonsten, sy nit moregt bnnanb, alß die zu</Unicode>
                </TextEquiv>
            </TextLine>
            <TextLine id="r4l40" custom="readingOrder {index:39;} person {offset:29; length:15; continued:true;}">
                <Coords points="1805,3037 2138,2992 2433,3025 2508,2999 2747,3046 2858,3015 2859,2977 2752,2949 2627,2985 2482,2939 2333,2982 2292,2946 2129,2936 2063,2980 1932,2975 1884,2929 1806,2968"/>
                <Baseline points="1812,2999 1864,2997 1916,2994 1968,2994 2020,2993 2072,2993 2124,2993 2176,2994 2228,2996 2280,2997 2332,2998 2384,3000 2436,3002 2488,3003 2540,3005 2592,3006 2644,3008 2696,3009 2748,3009 2800,3011 2852,3011"/>
                <TextEquiv>
                    <Unicode>rahrmahlen widerafferten mit Christen schmde</Unicode>
                </TextEquiv>
            </TextLine>
            <TextLine id="r4l41" custom="readingOrder {index:40;} person {offset:0; length:3; continued:true;} person {offset:8; length:11;}">
                <Coords points="1790,3081 2095,3038 2271,3053 2342,3100 2540,3054 2600,3106 2667,3060 2850,3080 2851,3021 2582,3044 2500,3003 2428,3031 2352,3001 2307,3037 2136,2992 1937,3030 1791,3002"/>
                <Baseline points="1797,3053 1849,3053 1901,3051 1954,3051 2006,3051 2058,3051 2111,3051 2163,3053 2215,3053 2268,3054 2320,3054 2372,3056 2425,3057 2477,3057 2529,3059 2582,3060 2634,3060 2686,3062 2739,3062 2791,3063 2844,3063"/>
                <TextEquiv>
                    <Unicode>ker und Ulli affner zugangnen ehubruchtln</Unicode>
                </TextEquiv>
            </TextLine>
            <TextLine id="r4l42" custom="readingOrder {index:41;} person {offset:17; length:8;} person {offset:35; length:4;}">
                <Coords points="1808,3117 2152,3111 2231,3163 2287,3122 2496,3116 2665,3152 2828,3131 2854,3082 2668,3060 2602,3109 2568,3082 2533,3106 2503,3076 2193,3086 2084,3042 2014,3092 1864,3056 1808,3097"/>
                <Baseline points="1814,3113 1865,3110 1917,3108 1968,3107 2020,3107 2072,3107 2123,3107 2175,3108 2227,3108 2278,3110 2330,3112 2382,3114 2433,3115 2485,3117 2537,3119 2588,3120 2640,3120 2692,3122 2743,3122 2795,3120 2847,3119"/>
                <TextEquiv>
                    <Unicode>und den mit imen dierrich zerubten Andi</Unicode>
                </TextEquiv>
            </TextLine>
            <TextLine id="r4l43" custom="readingOrder {index:42;}">
                <Coords points="1792,3207 1879,3169 2231,3204 2269,3173 2432,3196 2463,3167 2639,3208 2697,3171 2744,3216 2816,3203 2817,3129 2726,3159 2380,3118 2249,3158 2152,3111 1936,3111 1880,3156 1792,3136"/>
                <Baseline points="1799,3177 1849,3174 1900,3173 1950,3173 2001,3171 2051,3171 2102,3171 2152,3171 2203,3173 2253,3173 2304,3173 2355,3174 2405,3176 2456,3176 2506,3177 2557,3177 2607,3177 2658,3177 2708,3177 2759,3177 2810,3176"/>
                <TextEquiv>
                    <Unicode>gen fahler bekant, sondern irn hieuor zu</Unicode>
                </TextEquiv>
            </TextLine>
            <TextLine id="r4l44" custom="readingOrder {index:43;}">
                <Coords points="1802,3247 1898,3271 2036,3232 2226,3262 2271,3237 2373,3279 2504,3241 2628,3294 2682,3249 2872,3243 2873,3193 2688,3227 2572,3174 2517,3217 2464,3169 2427,3201 2269,3173 2142,3214 2006,3176 1802,3224"/>
                <Baseline points="1809,3240 1861,3237 1914,3235 1967,3233 2020,3231 2073,3231 2125,3231 2178,3231 2231,3233 2284,3233 2337,3234 2389,3236 2442,3237 2495,3239 2548,3240 2601,3242 2653,3242 2706,3242 2759,3243 2812,3242 2865,3242"/>
                <TextEquiv>
                    <Unicode>nderschidenlichen mahlen gethann bekantuus ds</Unicode>
                </TextEquiv>
            </TextLine>
            <TextLine id="r4l45" custom="readingOrder {index:44;}">
                <Coords points="1805,3306 2495,3293 2682,3343 2863,3308 2864,3238 2641,3285 2039,3232 1988,3269 1805,3264"/>
                <Baseline points="1811,3300 1863,3296 1915,3292 1967,3291 2020,3289 2072,3288 2124,3288 2176,3289 2229,3290 2281,3291 2333,3293 2385,3294 2438,3297 2490,3298 2542,3300 2594,3300 2647,3302 2699,3302 2751,3302 2803,3300 2856,3299"/>
                <TextEquiv>
                    <Unicode>namlichen samb dann sy im Gald alß sy mit</Unicode>
                </TextEquiv>
            </TextLine>
            <TextLine id="r4l46" custom="readingOrder {index:45;}">
                <Coords points="1799,3360 1949,3351 2057,3400 2161,3343 2323,3395 2372,3362 2877,3364 2810,3299 2731,3347 2402,3297 2243,3328 2135,3290 2025,3328 1847,3305 1799,3340"/>
                <Baseline points="1805,3357 1858,3354 1911,3353 1964,3351 2018,3351 2071,3351 2124,3351 2178,3353 2231,3353 2284,3354 2338,3356 2391,3358 2444,3359 2497,3360 2551,3362 2604,3363 2657,3363 2711,3363 2764,3362 2817,3361 2871,3359"/>
                <TextEquiv>
                    <Unicode>einenderm halz gesagt ußf das laub inder</Unicode>
                </TextEquiv>
            </TextLine>
            <TextLine id="r4l47" custom="readingOrder {index:46;}">
                <Coords points="1792,3457 1933,3428 2124,3458 2212,3424 2342,3464 2592,3466 2838,3428 2838,3397 2696,3368 2322,3400 2160,3343 2059,3400 1948,3349 1792,3366"/>
                <Baseline points="1799,3420 1850,3417 1902,3416 1953,3415 2005,3414 2057,3414 2108,3414 2160,3414 2211,3416 2263,3416 2315,3417 2366,3417 2418,3418 2469,3419 2521,3419 2573,3419 2624,3419 2676,3417 2727,3417 2779,3415 2831,3413"/>
                <TextEquiv>
                    <Unicode>gelegt, daselbst wie auch hernach zn Jrem</Unicode>
                </TextEquiv>
            </TextLine>
            <TextEquiv>
                <Unicode>16.
habe etc. Sy habe zu thun eine grunn
alben Kauff, umb die wuß an den Kalberen
zuvertemben, kies weges aber iren mann
dardurch hinzurichten und obwolen sy sol
ihms dem herren landvvogt bekent haben möchte
so seye ins doch nit etc. Ace 3 ovembris 1682
ber Melche abgelegte relation vnd In Be¬
trachtung irer zinuorigen zu Jarerlanken
Erentinig gethanen bekantung und der an¬
geben Jaggen sann nit nach völliger außge
andener labbußungs straff und verrichteten
chongrehlicher deprecarion angefangen u
retracpieren, dach by beschehener onfroncaon
er geständig worden, ebend mahl jer dißman
ligen gethanen znkanumb sich noch noh erselli¬
gen conni sondern auß sehr sillen umbstan
dan schlißen müßen, daß sy zr hart noch nit
geztschaffen geraumt und din warheit nit
zollign außgesagt, hiemit er gethanens munstin
und Beinn mehr für zin gleißnerische ger
stellung, alß aber fur ein Zeichen ninns rech¬
den rewenden herzumb znhalten wahere
Myhen vor wnterem entschluß nohtwundig
eachtet sy nach einen ristlichen herre be
ehen und ia  auß dem vort Gotter
retigklich zusprechen zulaßen, vmb zuuhn
Ds villicher durch diß mitleh jr herren anicht
und sy zur tregen bekantnen frur begangen
nen knchauns anbzag Gerden möge, in
Maßen dann zu volg empfangenen Gezelchib
Mrfn Herr HHelsfer Nächmann mr und nebe
E. A. E. Iro Dinerin deß h Großweibel
Kingers und Grichschriizers zu zweyen
mehlen zu traß die gefangenschafft sich bege¬
ben samlichen und zum ersten den 4. dises
Da dann ohngeach aller gethane Hinmann.
gen und vermahnungen guß zem gort gottes
und sonsten, sy nit moregt bnnanb, alß die zu
rahrmahlen widerafferten mit Christen schmde
ker und Ulli affner zugangnen ehubruchtln
und den mit imen dierrich zerubten Andi
gen fahler bekant, sondern irn hieuor zu
nderschidenlichen mahlen gethann bekantuus ds
namlichen samb dann sy im Gald alß sy mit
einenderm halz gesagt ußf das laub inder
gelegt, daselbst wie auch hernach zn Jrem</Unicode>
            </TextEquiv>
        </TextRegion>
    </Page>
</PcGts>
