3024 4032
390 527 505 647 193.
609 579 1530 726 Dn h. apostels Jacob Ansumer epi
613 666 1557 780 stel 1. cap 14 15t 1 weßen wort also lanten
590 733 1511 846 ein jeglicher wirt versucht wannar
614 798 1563 923 von seiner eiggen Luß hingezogen und
614 864 1536 991 gleichsam alß dunch ein alß gelorket
620 920 1560 1049 wirt Daruac Wann die inseemphan
606 995 1524 1121 det, gebidret sy snnd die Sund aber
605 1047 1552 1194 Wann sy Toltendet ist, gebihret den Ee
635 1189 1497 1342 6 jumahlen sund und Mißethaten a
607 1281 1494 1394 erem mentschen zum Aubs Vordin
611 1341 1516 1467 So ist ins das lndige eocempet diser vor
621 1398 1542 1529 augen suhunden neunn Sundnem So
607 1485 1530 1616 gret Meyer bargenn allhenn dns
613 1541 1486 1675 alturs von 24. Jahrun In Mulchernn
627 1610 1524 1733 nachdem sy in iren jungen jahren insom
626 1676 1516 1801 derzeit zu der Sund der emblichen In¬
615 1740 1521 1870 kischheit von wursehbst angebohren vnd
623 1808 1516 1937 Anmnunn Katur, in daren dann zar im¬
622 1878 1518 2012 sige feztud zfur seulen zinen beri¬
611 1941 1528 2065 eten zaor und gules zundel angeroßen
609 2010 1518 2134 verlorket und gerüizet vorden, die sund
594 2067 1534 2186 ingnacht bedere Neynem schon zinuor mit
603 2142 1523 2273 underschidenlichen lunsstraffen vnd zui¬
604 2207 1516 2342 gangen alß gefangenschafft Schallenwunck
605 2278 1530 2407 und anderem bereits angesuchen und dar
610 2348 1480 2486 sy vermuint worden, Sy dardurch von
607 2417 1491 2540 fernerem übelihen abzuhalten, so wiit
602 2490 1474 2588 außgebrochen, und alß ein Aubis umb
601 2554 1521 2675 ich gefreßen, daß sy zu seiner hochstan
603 2618 1526 2745 laßigen und durmen hirnan Wordin und
594 2689 1500 2810 In Bßarsn Beflarkung und gefahr vrmb
599 2751 1496 2875 umbs und senlen gerahsen. getalten
597 2817 1498 2943 y sich nit nur in schandtlicher Inkischheit
597 2896 1508 3026 und zurng in id ußart magl landen
589 2953 1518 3077 vertrabet, sondern von diser sunds Win
602 3023 1524 3146 endtlichen auß gerechtem gericht gottens
595 3106 1533 3227 und lngen schnahlaßigen versuchungen daß
599 3180 1495 3298 medigen satamb zugeschechen vflugt In
596 3248 1549 3351 emnern, Alß in ein gutonrmmlise verlang
590 3317 1549 3434 nung par Religion, obtt und seiner kachen
1593 1214 1632 1283 1
1779 2166 1832 2265 3
1775 2317 1837 2418 4.
1797 1698 1825 1772 1.
1785 1867 1865 1952 2
2780 445 2893 556 194
1824 556 2907 757 zu sohn und feehe und in die verzweif¬
1869 652 2851 811 gete ergebung an den lndigen satan
1872 693 2918 850 Auch die lmbe gugen Trum Lubendt Mun¬
1866 763 2897 945 thnn so weit verlohren, daß sy underschi¬
1883 843 2913 1005 ainliche nemhaffte persohnn auß abschei
1878 882 2896 1077 eiher boßheit, schandtlichem nyd und Haß
1857 983 2895 1145 gnoßer Casteren und fahlein halb hatt be
1863 1029 2841 1209 güchtigen undr anclagen dörfun, hinmit
1869 1103 2886 1274 nit gescheucht, sund iss sund straff db
1879 1175 2846 1334 gaff über inn eigen allende Persohn
1854 1308 2125 1414 zubringen.
1868 1390 2868 1532 sie dann selbige durch vnderschidenliche
1871 1478 2884 1626 mit ina gehalteen ecamina bnkantlich
1873 1601 2044 1666 worden.
1891 1629 2925 1796 aß sy zujunigen an religion offentlich
1850 1729 2694 1852 In der nachen abgeschwohlen habe.
1883 1821 2881 1977 aß sy sich mit bg so wohl ehubnuc alß
1842 1889 2925 2022 Huren fahter Daunner nun wußentliche
1872 1960 2903 2082 vnd min Iutenßentliche Blichtschand be¬
1875 2052 2283 2165 eiffen beflerkt.
1843 2124 2884 2256 daß sy sich wnder dem satan scheiftlichen
1873 2210 2586 2334 unt flüisch und blucht ergeben.
1871 2289 2892 2424 aß sy villen ehrlichen und ansuhnlichen für
1876 2372 2876 2489 gum mit faltschen anclagungen ohnrucht
1870 2440 2047 2554 gethan.
1874 2579 2814 2718 ber selche so thann und Theilis an der
1866 2678 2917 2799 Marter befalligte Fergihs und bekantnms
1871 2749 2917 2872 habend dann gnädige Herrin und oberi
1857 2820 2922 2934 us großen Rahns denn zon goll empfan¬
1869 2877 2900 3003 genm ambtlongen obligt durch antonn
1880 2949 2878 3058 vnde straffen dangleichen schendtliche Er¬
1870 3015 2877 3138 gemißen und in Hottins K. Gusatz vur¬
1898 3080 2838 3203 ollene Sendag und Kaser außzunottin
1877 3160 2879 3270 nd Municklichen zum Exempel, auch Hand
1876 3220 2916 3342 habung bötllicher und oberlentlicher ond
1876 3288 2887 3413 nngen an lyb und geben ustraffen, mit
1859 3356 2824 3481 dem nydt zu rucht erkent und gesprochen.
