3024 4032
338 857 460 981 egn
311 946 460 1050 dinit
525 507 1509 662 Worumb ins hinuor gelaugnet eb sege seit
530 598 1479 736 einem jahr nit heit gfün.  habe müt
495 653 869 764 daran gedunckt.
521 793 1533 988 Berchem nach er finer wider hereingelaßen
537 899 1233 1003 und nochmalm befragt worden.
514 964 1498 1095 ob er nit gesagt, er habe seinen bindersichn
522 1048 1471 1150 wollen. E. Sein, sl habe seinen Binder
516 1102 1507 1227 Im elsaß gelaßen und nacher Costanz zu in
525 1165 1024 1284 vuon schwager wollen.
511 1237 1472 1360 ab es seit siiches jahlin nit in der stall gsin.
490 1326 1509 1441 Weilen der cuzwihrt bareites mit zum gandt
483 1393 1087 1504 sagt er dißmahlen. Da
475 1486 1468 1618 vorumb e dann zuuor gesagt habe kein
495 1566 1474 1679 z sein varstand sege gsin mit vahren i
469 1630 1028 1730 er idarhar nit fürgin.
454 1690 1488 1859 Wo e hir eingekahrt, f zum Binsemsuh
458 1795 1442 1927 da zr mit einer weibit persohn um halbe
470 1864 1443 1986 gewuncken, Wüsee aber nit ver sy sege
463 1935 1428 2079 Wo er sy angetroffen. segind zugleich
435 2026 1403 2138 Ans wihrtshauß mit einanderen gangen
441 2097 1234 2232 Wo E Harkommen, R von Baseli
453 2196 1432 2308 Ob e müzig allharkommen, oder ob jemand
462 2257 1446 2392 by zum gewesen. R Kein er sage mühig
450 2346 683 2420 ankommen.
423 2396 1461 2535 Wo er übernachtet.  In einem dorff etshen
428 2486 1298 2600 Burg, wüße aber nit, wie ins henße
421 2559 1430 2690 Ober in die ambs persohn, so mit zum ga¬
430 2637 1462 2762 fangen und allhargeführt worden seyn vl
425 2699 1444 2829 chalhei Weisen lutz die halbe mit zamge
435 2770 1351 2896 beunnken.  Nem er amnen sy ni.
413 2851 1451 2987 Ob e vor glongen jahren sich nit by der faggt
419 2933 1138 3061 Mühli zugerzogen f Kem
382 3026 1399 3163 Wie sein Sandar Keibn. H. Samn tam uge
402 3106 1415 3229 Lande Autsoine und habe kem andern Lan
393 3205 1393 3357 Als sy nun in ann Contraduriden gegen
375 3287 1447 3434 einandern controneiert worden, Hall den mage
367 3382 1055 3514 Inn ander angen erhalfen,
1713 482 2873 699 1. Daß er gesagt Habe, er wolle seinen bruder
1790 590 2488 761 und nit seinen schwager suchen
1772 560 2934 828 daß sy nun sund obenhalb rasell zusammenkommen
1802 712 2764 864 und mit einanderen nacher stern gangen
1694 756 1745 821 2.
1791 768 2774 948 arüber u sich also außgehauwen Will
1754 825 2916 1049 daß hrere und keanfrere im franzen fast um
1786 1021 1888 1117 sge.
1791 962 2918 1157 und dann seyn sy zwar mit gangen, abernib
1782 1052 2906 1222 alßo nun gesellschafft, habe nichts mit prache
1785 1108 2883 1300 ihne gehabt, iemnn sy nit, sonder selbige wie
1786 1190 2884 1368 andern licht mehr underwegen angetroffen.
1751 1326 2916 1513 Worauff zmn dass Daumeßen auch angeleg¬
1757 1397 2842 1584 darim gegreßet und nach Wiiters befragt
1769 1541 1953 1625 worden.
1759 1557 2853 1723 Ob a nit la sampagne und sein knder
1763 1641 2889 1797 hannot genent worden s. Kein ohngnach
1759 1727 2886 1853 der lezwort zum under das gesicht anhalten
1748 1800 2904 1926 daß e und sein struder von anderen also zum
1772 1847 2899 1975 sruz, da sy einanderen zugewuncken, gemant
1770 1946 1934 2016 worden.
1758 1996 2902 2130 Wans die magder gesagt habe, wo sy Barkommen
1555 2080 2857 2219 und außvolle z auß sturgund oder bags homano. Wo
1766 2152 2864 2274 sy aber hinaußwolle, habe sy nit gesagt und
1768 2222 2206 2340 es sy auch nit befrag.
1749 2315 2885 2472 alß z seinen bruder oder schwagen hinrnt
1761 2388 2878 2554 angetroffen, so er hingegangen. H wider
1734 2469 2250 2581 zuruck nacher Sasell
1740 2543 2880 2734 Worumb e denselben nit zuurst zu Rasell
1748 2632 2832 2789 gesucht alß ir hinffkommen. R an seyn nit
1759 2709 2827 2893 In die stall sondern bymben dch gangen.
1721 2787 2897 3007 worumb k eit nacher Zürich gangen, Ain erder
1742 2890 2832 3067 Magd gesagt.  habe dißmahln, alß mann
1741 2946 2877 3143 am zu Ollmansingen gefangen genommen, dahin
1733 3017 2833 3214 gahnn wollen, habe nit gesagt, das es von herr
1737 3094 2363 3242 grad uff Zürich zu wolle.
1717 3167 2897 3415 welcher under ann la hare heiße. E. Wüße nit
1729 3278 2873 3505 Der landtweebel Frundin zu Lntzbrrg habe nun
1733 3330 2047 3442 alß genmmnet.
1714 3387 2899 3664 Worumb u ub wd kömmen. s seinem scwager
1710 3470 1922 3587 zusuchen.
