3024 4032
404 504 534 595 4
532 2329 595 2400 3
588 1913 631 2001 1
619 610 1555 755 Es habe aber die Fr Ihne nit ruhgen
662 698 1564 803 laßen, sondern zwingen wollen wider
673 757 1540 863 ufzustechen und den hund zu holen
670 825 1573 947 alß er selbiges aber nit thun wolte.
671 875 1565 1016 seye sy selbsten vfgestanden, vnd di
679 950 1558 1080 er vermercket, das sy ein liecht
677 1032 1573 1136 schlagen: habe er auch vfstechen vn
691 1088 1588 1232 ihre helffen wollen, da habe er (alß
691 1171 1481 1277 er uß dem beth steigen wollen
1477 1201 1582 1296 s
670 1244 1578 1369 frauw mit dem fuß gestoßen, see
682 1300 1583 1431 aber nit mit willen geschechen, sonder
670 1385 1578 1513 glaube das sy selbsten daran geloßen,
698 1459 1575 1603 Vernentte aber mid das sy zu boden
697 1517 1559 1641 gefallen, sondern seye selbsten gleich
700 1574 1562 1711 darauf zu ihme wider in daß beth
684 1648 850 1735 kommen.
683 1721 1562 1856 Alß aber Jacob Herman sein stieft
689 1802 1562 1916 sohn uf seiner anklag verharrete,
665 1868 1558 1985 daß namlich die mutter sel ihme
695 1922 1525 2042 gesagt, er habe ihro einen stoß
680 2006 1456 2110 geben, daran sy grung habe
676 2051 1568 2166 Item daß die mutter uf dem boden
686 2113 1579 2227 gelegen und das er von dem seievatter
677 2178 1533 2302 selbsten ufgeweckt worden, umb
668 2250 1350 2364 der mutter vszuhelßen
682 2317 1575 2455 und daß er die muller uf dem boden
683 2389 1548 2527 mit dem rugken an einem Trogli
681 2464 1561 2591 legend, mit villem schanm vor dem
670 2534 1568 2653 mund und sprachlooß gefunden, und
667 2605 1558 2712 dem Stießvatter geholfen selbige
682 2676 1542 2801 vfheben und in daß beth legen,
610 2748 1561 2898 Aüß aber vernemete, daß sein fr zu
636 2850 1551 2949 boden gefallen, vil weniger gestechen
640 2896 1571 3025 wolte, das der steeksohn ihme geholßen
620 2946 1534 3086 sy vfheben und in das beth legen,
616 3040 1561 3154 daß er zwar den stießsohn gewerkt,
642 3109 1548 3212 aber nit zu obigem end hin, sondern das
644 3182 1562 3270 er nach seiner fr sel willen mit ihme
626 3235 1578 3327 In der hebamen geche und mache daß
623 3289 1082 3384 sy zu ihra komme,
1751 2507 1795 2581 2
1801 1074 1850 1157 1
1851 556 2890 717 Sind endlich alle die persohnen welche
1871 627 2905 774 disere frauw in ihrer kranckheit besucht
1879 695 2869 845 und ihres zustands und hergangenheit
1870 745 2931 906 einiche wüßenschafft haben mögen, bescheiden
1867 798 2935 958 und vernommen worden, die dan zenget
1887 933 2203 1042 die volget
1891 993 2913 1148 Anna Schneider der spittal hebamen
1872 1065 2930 1203 tochter zeüget das m Fluß und sein
1866 1126 2951 1297 stiefsohn an der h. lsternacht umb 2 uehren
1869 1209 2862 1343 nach mitternacht vor ihrer muttert
1871 1269 2940 1417 understübl kommen und derselben angehalten
1873 1341 2924 1482 alsobald it ihnen zu des m pleßen
1862 1409 2946 1532 werbzu gechen, sagende, daß sy von ihme
1851 1467 2917 1598 Pluß einen stoß empfang aber nit
1868 1525 2854 1668 mit seinem willen, und nitwuße
1858 1612 2895 1727 was ihra seye, dan sy sich wehen klage
1874 1683 2571 1788 als werend es kindswehr
2758 1690 2889 1788 Ers
1862 1746 2912 1859 habe aber die mütter eigener schwachheit
1873 1803 2909 1916 alben nit dahin gechen können, sondern sy
1874 1860 2915 1976 gezeügin geschickt, sy aber habe die heren
1872 1925 2920 2006 im beth gesunden und von ihra vernomen, daß
1858 1987 2534 2087 ihr mann ihre einen stoß geben
2697 2004 2869 2079 Haben
1856 2055 2827 2153 darüber ihres waßer gesahet und der
1859 2120 2930 2211 müller ubergebracht, woraus sy abgenommen,
1849 2169 2787 2278 das die Plußin by zweyen monate
1858 2237 2878 2336 schwanger seyn möge, vnd besohlen man
1852 2295 2890 2401 solle wund und fahltranck kochen, derselben
1868 2355 2920 2485 zu Trieken geben und die treüter waren
1861 2419 2651 2536 vf das schmertzhafften ohrt legen
1856 2510 2845 2632 hin gleiches bezeuget auch die mutten
1859 2589 2845 2701 Elßbeth die Hebammen selbsten (welche
1870 2638 2864 2746 hernach by ihrem hauß absonderlich
1859 2706 2884 2820 vernommen worden) daß sy von dem fluß
1867 2760 2881 2874 ind seinem stiehlsohn in der shaten nacht
1856 2830 2874 2944 ersucht worden, wüße aber umb welche
1845 2886 2873 3013 zeit es eigentllich gewosen und das sy uf
1837 2948 2870 3063 den morgen ihre tochter iu der plußenen
1852 2997 2847 3119 geschickt, dero waßer empfang und
1849 3072 2902 3194 besichtiget, vnd daraus ein Kleinds zeichen
1848 3122 2881 3249 vermerckt, daß dieselbe schwanger sein
1840 3187 2844 3299 möge und obige sachen ihren verordnet
2572 3400 2766 3523 Herr.
