3024 4032
383 667 445 756 2
538 669 1555 828 In die obern gefangenschafft überschickt
553 755 1526 877 christen renchbal sihon hinvor zwunmahl
527 794 1531 917 Im Schallentonnnk anwisen, hettund In Ich
510 842 1553 972 denselben deß landts zuvrweisen wol dr
530 905 1538 1059 sach gehabt. Weilen er abgritßert landts
522 980 1585 1108 sich auch nicht beßeren, sondern villich noch mihr
526 1037 1562 1181 vergreiffen wurde, alß habind in dh inn
499 1100 1544 1227 Zein Willenmahl imb Schallmulonenk nr¬
522 1165 1533 1288 kent, alwo er eingeschendet und bis dss
505 1245 1514 1399 scheinbahre beßerung sonng zur arbeit
514 1307 1524 1434 solle angehalten werden. acte 15. septembris.
1328 1364 1501 1447 1689
715 1508 1315 1675 Oseph Martin
571 1620 1165 1743 Bvon Rosineres.
467 1751 1536 1895 her ist wegen e undwrschidenlicher denb¬
482 1838 1561 1929 Rahlen halb im verdacht, und in seinem Lin¬
479 1901 1539 2022 derlichen Aubwesen fortfahrt, auch iiner
475 1964 1567 2094 nachbarschafft zimlich überlegen, biß i
451 2042 1528 2159 zeigende angenscheinliche baßerung ims
457 2118 1541 2261 Schallentoarak erkent wachn. are 11 8obris.
1376 2199 1544 2279 1687
724 2472 1296 2612 Tstienne Hernet
738 2581 1141 2704 von Degnens.
414 2743 1514 2912 hinleglih laut Chorgrichtlichen Hortrags
411 2841 1499 2984 Diser hernet die von ann geschwangeren
415 2874 1540 3052 Marie Ciffeli durmn eri ehe verzrochen
428 2951 1550 3132 Bermog er dh erkantumb nicht zunnahmn
429 3028 1511 3216 Andergiger durd land und geüint munden
426 3092 1548 3264 vill, alß ist selbiger nach Numargen beüeli
406 3141 1553 3348 daß landkso so lang, biß e tr et erkantnus
416 3231 1531 3436 statt und gung gethan haben süüt durwir¬
419 3298 1490 3510 und in den bannisarions-end intinueri
393 3409 1350 3612 Worden. acte 11. octobris 1687
2836 593 2906 695 8.
2063 669 2635 828 Anga Gershen.
2074 782 2493 891 dehgt dann.
1808 858 2954 980 Alß Anna Stetthen Meicher Himil
1826 946 2872 1078 Ehrweib vff Stattenburg ambtegung
1820 1004 2880 1127 iterzacken durch das horgeichte df
1829 1059 2877 1214 Battenburg wegen schwangeren lmbs
1831 1121 2917 1265 und das mit ghristen schmonken auch von
1803 1194 2931 1322 daselbsten begangung und bekenten ehe
1838 1257 2938 1381 beuchs-fahler zur gsatzmußigen ablauß¬
1836 1343 2910 1442 ung in die gefeugngschaft nacher In¬
1820 1371 2878 1500 verbacken erkent und zahm abgezührt
1829 1442 2932 1579 worden, hatt sichbige uff beweglichen zu
1827 1499 2967 1652 prechen daß h landtzogts daselbsten fei¬
1836 1575 2974 1705 willig belent, sich nit mir mit gmeichtun
1830 1636 2953 1763 chrisne schmöeter zu zwegen- sondern
1836 1699 2904 1818 auch mit Ulli geffner ebenmüßig zu
1802 1778 2925 1883 söngen an Hams jann zu drugen
1846 1828 2933 1941 und mit Jaggi Jans gebruderin auch zu
1793 1889 2932 1992 zweyns-mahlis, all kuir uff dem
1804 1945 2966 2097 Eesthenburg vnd Irer sictes ledigen Zeibis
1831 2025 2938 2139 etnrs zuuor im Ridarland mit in¬
1835 2077 2971 2215 nun gsellgn, nemmend dinrich da sy und
1831 2132 3029 2275 noch ledigen pibis bahten an inzucht
1837 2219 2966 2342 und fheischlicher vermischung sich vertrabt
1828 2292 2942 2405 und vergaßen zuhaben, und durch er¬
1828 2361 2954 2467 lauffens Mißenzug arran mann zu
1833 2414 2968 2550 vergeben, Willems gutonsen auch beschechen
1834 2497 2968 2617 wähle, Wann sy nit wegen daß begang
1839 2545 2950 2687 nun fahlerch  die gufaugunschafft gab
1820 2628 2987 2762 geführt worden wahre und Hofgnnub die
1836 2682 2978 2811 angebung, sisart dem dietlich, so ui
1828 2765 2955 2899 Glander, by der beschechenen Confron
1836 2838 3006 2982 ation, der hat und deß byschlafes mit
1828 2906 2985 3049 Irne ambständen deß anlaßen, darzed¬
1836 2979 2939 3110 und deß drtu gestandig worden hatt
1821 3055 2915 3179 H Sutschin in wahrender var enthaltung
1831 3131 2939 3267 und gsätzmüßiger abbeßung der angebung
1828 3204 2998 3345 angefangen zu laugnen, In zu retractieren
1803 3298 2924 3421 ast land dann derelien bruder mit tra
1839 3368 2989 3485 etwas tharliches zuschaffen gehabt habe
1843 3421 2924 3551 erntlichen vermahuen aber bald der gat
1836 3500 2909 3645 wider bekantlich worden argnsb 13
1857 3560 2870 3689 ams Jann seine hinndrige bekantuun
