3024 4032
226 307 333 412 21.
696 428 1294 573 Hans Gramat.
513 579 1464 740 iser kams Brammat der wäber im
461 678 1477 812 Doffenholtz der kilchhori Stelx ist allhin
496 730 1490 873 vor chorgricht zweyer ehebruches fahlenn
496 787 1459 900 bekantlich worden und alß die gerloni
494 860 1463 976 ungs-straff uff sich gezogen, daher
501 914 1486 1029 er auß oberkeitlichem benulch außdar
493 982 1475 1102 hongrichtlichen gefangenschafft abgeholt
503 1047 1469 1149 und gsazmüßig mit dem Lydi von Stall
508 1102 1410 1221 und zand verwisen worden. Alß
497 1153 1474 1287 erkent das 2 aud crequier das 5. doctebris
489 1217 733 1304 1689 Ih
678 1563 1322 1704 scsanne Mussilion
730 1673 1108 1783 von Moisee.
463 1803 1434 1955 heurn hatt laut thongrichtlichen hor¬
479 1900 1452 2017 trages zean purre wedg von Noc
484 1956 1453 2070 en mit züngnung weur libslucht
454 2025 1476 2140 deß byschlaffe beklagt, welcher aber
454 2085 1421 2206 gubezagung seiner gnschuld sich mit
454 2150 1422 2244 dum End innocentirt vnd sein Ruch¬
439 2222 1448 2340 deßwegen außgestanden, daharo irad
451 2280 1465 2398 selbige in die obern gefannkschafft und
435 2342 1461 2464 daß sy mit dem lanmeyßen zu an
472 2404 1470 2537 gebung deß kindes ruchten vatteren an
472 2467 1468 2604 gehalten werden solle, erkent weilen
478 2541 1477 2669 aber sy ohngeacht angewenten dann
452 2588 1468 2730 eysens vnd scharefur examination Mhh
459 2676 1454 2799 Müllerss alß examinaroris keinen anderen
464 2741 1449 2893 Baller hatt namsen wollen. alß habend
440 2813 1469 2931 in ed ohngnach die erkantumb schon gw
449 2877 1451 3037 gangen, daß in solchem fahl sy samt dem
457 2951 1450 3091 und auß dem land gewisen wurden solle.
444 3006 1474 3154 In abunderung derselben beßer befun.
446 3078 1482 3232 den sich mit der schon außgestandener saaß
413 3148 1474 3326 hinzerungen und sy mit zeeignung aant
445 3212 1476 3368 undts guliberieren, jedoch mit ernstlicher
444 3283 1465 3473 iusinuation deß Lindts alß nun Müller
443 3338 1444 3537 frewlich Mahrzummmen, Widrigen selb
2750 246 2845 364 22
1796 371 2797 581 by einicher verwahrlosung sy ernstlich
1804 427 2917 652 wurde abgestrafft werden. Acte 2 und 8 jan
2618 517 2860 603 1685
2008 839 2604 1039 Dinor Andie von
2060 966 2437 1108 raintongl.
1778 1038 2860 1239 Welcher alß ein muhtwilliger Schuin¬
1823 1125 2814 1293 der gsult, nit allein hinsiger Meister
1801 1162 2833 1356 hatt beschwärlich fürfalt, sondern nahe
1815 1245 2852 1425 lals in einer Schlugurnn, darin in die
1827 1309 2892 1455 müse schuld hatt, etwelche burger allhina
1827 1370 2869 1526 verwundet. ist mit einer Eydlisglubd
1828 1447 2857 1588 voms Biheren zihl hinauß Grwisin
1814 1531 2704 1649 worden. Alte 15 jan 1685
2003 1839 2818 1997 Debastian von Diek
2184 1949 2569 2072 bactu jun.
1795 2044 2799 2195 I auß oberkeitlichem brunlch den
1810 2151 2225 2254 vannisations eyd
1816 2260 2857 2408 uff gnad zin intimiert und darby be¬
1810 2365 2827 2482 denet worden, sich in Kringsdunst zu be¬
1804 2422 2842 2531 geben und durch sein volchenhalten an
1810 2481 2839 2594 tasb zur gnad und wider lands- uff
1819 2555 2774 2654 ung zu guben, alß daß wann er mit
1809 2615 2865 2734 gutten attestatis londerkomen worde, Mann
1804 2673 2795 2816 nun dieselbe uff anhalten nit vorsagen
1803 2750 2907 2870 worde erkentden e. invmiert das 10. febr
2526 2831 2696 2920 gbs
1772 2873 2845 3043 Belcheis Tages umgghl iun drey no¬
1810 2978 2329 3097 mat termin vurgont.
2045 3113 2585 3268 rre krie
1784 3197 2878 3362 ls der bannisations-eyd wegen begangen
1785 3284 2835 3400 Htomsen Ehubruchs von Statt vnd vnd
1799 3358 2845 3494 intimiert morden Den 21. febr 1685
