3024 4032
137 3087 291 3207 Jean
129 3180 354 3282 alange
350 499 440 586 71.
325 768 460 863 symect
473 633 1423 780 Wylen nun fr vgmert hinuor außgesagt,
514 725 1498 827 daß er ein siertell stund weit von Burgdaß
533 788 1499 892 einen abschiid genommen, alß ist er nahmahlen
494 841 1440 947 disers funrtnub halber befragt worden
493 926 1476 1039 Da e dann nochmahlen beställiget, das Entbag
515 998 1458 1107 ein stüchsenschuß weit von der struck, da
493 1061 1399 1177 ztem geren seind von dum camppat
520 1121 1455 1225 gangen und ein saaß ruchts uns hull
510 1186 1485 1299 loge zugenomen, ohn daß er zum Camper
509 1248 1443 1366 gesagt habe, daß enacher Curnen wolle
485 1321 1436 1463 Welches er Vymert zum Campert by den
491 1438 1444 1499 Confrontation erhalten, hinzegen
488 1474 1442 1577 pert dss semer wag und das h imma
486 1537 1350 1633 von diser bande ammin auch vmrbliben
470 1604 1372 1743 Jahnn Ime dass daun eßin, gleich dem
469 1704 1366 1820 andern zu erst asppliciert und hernach
461 1767 1408 1888 eimehl jahr vszogen werden, über
467 1847 1379 1943 aber dise interrogata Wie auch aber
458 1904 1445 2011 andern, alß wegen Cappellards mane
453 1970 1342 2091 Saltschen attestationi, filonteregen
451 2035 1366 2153 und Scanberegin dus woas dangleich
448 2104 1363 2189 kui andern antweort arhalten konnen
412 2163 1409 2275 sondern alles mit sein und nit wüßer
418 2228 1396 2359 beantwortet worden. Ae Mittlonchen
408 2304 849 2422 Den 6. maii 1685.
365 2631 1379 2757 Sreitags ist mit dem Coamine in bysein
401 2741 1302 2836 herren vogt Schmalzen herren Zollner villadings
404 2764 1399 2925 h Umbaultner Mey und herr guillaume Heiders
394 2843 1352 2940 Vm auch villnr anderer Nuht Continuiert und
379 2913 1098 3046 dean la Grange bnfragt Worden
599 2997 661 3073 1
363 2987 1354 3138 Was Er für ein ronte von seinem Kinmahst
387 3063 1330 3220 gißhins imb land genommen f. er seye vog
400 3121 1390 3269 gon als zeganion von dannn  Oshnn hernach
387 3176 1374 3332 uff gefort altkilch, sasell und instahl, das
378 3260 1352 3402 nur inen, namlich den formentin angetrofft
348 3331 1314 3493 Ob ekein gewahr by imm getragen.. numb
356 3380 1347 3551 sonder dagen noch gschoß, so wider den mun
363 3514 738 3631 bürgischen bürich.
1531 3211 1693 3319 ierre
1517 3298 1704 3396 dormen.
1562 3365 1631 3435 tin
2757 469 2852 572 23
1759 642 2830 809 wo er hingewalt f Seinem standar nach gan
1788 692 2837 839 Sr. Galles, welchen daselbst auch einkauffen vnd
1805 754 2851 918 hernach Humbd fur die Soldate darauß machen
1815 877 1899 963 laße
1803 853 2863 1012 vorl zur einkauffung dann das gelt habe s
1796 921 2858 1061 für mun theill habe war nit mehr gehalten, alß dren
1834 987 1865 1027 1
1797 987 2828 1125 Bagors, so zum brunden zu Lanzbarg abgenomen
1801 1031 2854 1176 worden, allein sein binder habe das gelt bi zum
1801 1154 1916 1233 gehalt
1757 1162 2848 1312 Vievill dann daßelben er habe s. Ewann by
1787 1289 2098 1393 Sinhtig Tallurn
1743 1289 2874 1449 Ab seye nit gleüblich von solcher geringen sein wegen
2573 1344 2858 1467 Willich haben
1785 1394 2566 1493 am solche große suiß vozimmen
1801 1454 2383 1564 mehr gelt, das er nit wuße.
1786 1482 2825 1643 No Er dann sein taden habe s zu vie fraucbe,
1769 1600 2120 1695 dariu er abidariu
1771 1629 2767 1748 Weil sy nach d ohnvartmiltem gutt, so solle er
1787 1674 2851 1828 wüßen, das sein buder aum gelt habe  habend
1791 1787 2245 1885 nach vatter und mütter
1778 1823 2839 1945 Ober sein bruder nit auch ein strad gehabt und mar
1786 1908 2868 2032 zuselbige gegebener Vatter habe zunnselbige
1789 1980 2841 2089 gegeben, umb selbige mit dem erkauffen wahren
1766 2059 1975 2126 zu laden
1765 2085 2830 2202 worumb in Lann gesagen habe, sind strudi haben
1764 2156 2859 2250 helben umb 3 shlan erkaufft. dasum ben
1772 2214 2799 2307 der habn ulbigen u bynin deß Kallens erkaufft,
1756 2272 2827 2379 welchen auff der vatmer guttgeheien und behalt
1729 2364 2776 2461 Vara den tornentin anmann. Vo Er hankomme
1774 2448 2113 2525 und hinauß wollen.
2131 2450 2822 2562 er habe gesagt wann don
1753 2497 2552 2620 Straßlang und wolle nacher mihili
1751 2572 2804 2682 Ob die nagd auch mit dem formenrin angelanget
1762 2639 2804 2761 eyn s sege etwarspällen ankommen, Wnlen sy
1752 2699 2059 2808 zufiß gegangen.
1735 2768 2834 2898 nun ecm eosammt angetroffen. N. Niemand
1739 2850 2838 2982 arb von dch muchn die gsellen geführt e danon
1756 2929 2822 3071 wene er in gugen, habe nimahlen mit zum guandt.
1730 3072 2760 3242 Bergents Ist dem Vierre Formentin
1762 3195 2782 3317 nochmahlen zugesprochen worden Holl dum
1745 3249 2820 3404 Herrg din ehr zugeben und die warheit
1743 3323 2307 3443 zu bekunnen, sonderlich
1744 3389 2838 3534 ob er nit pierre deagon oder manute
1726 3485 2853 3627 sich auch nunn, Giden Er deßelben Frauw¬
