<?xml version="1.0" encoding="UTF-8" standalone="yes"?>
<PcGts xmlns="http://schema.primaresearch.org/PAGE/gts/pagecontent/2013-07-15" xmlns:xsi="http://www.w3.org/2001/XMLSchema-instance" xsi:schemaLocation="http://schema.primaresearch.org/PAGE/gts/pagecontent/2013-07-15 http://schema.primaresearch.org/PAGE/gts/pagecontent/2013-07-15/pagecontent.xsd">
    <Metadata>
        <Creator>prov=University of Rostock/Institute of Mathematics/CITlab|PLANET AI GmbH/Gundram Leifert/gundram.leifert@planet-ai.de:name=German_Kurrent_XVI-XVIII_M1(htr_id=19584)::::v=2.6.7
prov=University of Rostock/Institute of Mathematics/CITlab|PLANET AI GmbH/Tobias Gruening/tobias.gruening@planet-ai.de:name=de.uros.citlab.module.baseline2polygon.B2PSeamMultiOriented:v=2.6.7
prov=University of Rostock/Institute of Mathematics/CITlab|PLANET AI GmbH/Tobias Gruening/tobias.gruening@planet-ai.de:name=/net_tf/LA73_249_0mod360.pb:de.uros.citlab.segmentation.CITlab_LA_ML:v=2.6.7
Transkribus</Creator>
        <Created>2021-03-11T13:59:04.184+01:00</Created>
        <LastChange>2022-09-12T15:04:36.672+02:00</LastChange>
        <TranskribusMetadata docId="1334840" pageId="52362070" pageNr="79" tsid="114643867" status="IN_PROGRESS" userId="9570" imgUrl="https://files.transkribus.eu/Get?id=GAWCGUCGQBOWULIDGXJHCTHW&amp;fileType=view" xmlUrl="https://files.transkribus.eu/Get?id=NNRFIZNHIORLRKUVILAXLNCX" imageId="19038680"/>
    </Metadata>
    <Page imageFilename="B_IX_485_Seite_079.jpg" imageWidth="3024" imageHeight="4032">
        <ReadingOrder>
            <OrderedGroup id="ro_1687513682903" caption="Regions reading order">
                <RegionRefIndexed index="0" regionRef="r1"/>
                <RegionRefIndexed index="1" regionRef="r2"/>
                <RegionRefIndexed index="2" regionRef="r3"/>
                <RegionRefIndexed index="3" regionRef="r4"/>
                <RegionRefIndexed index="4" regionRef="r5"/>
                <RegionRefIndexed index="5" regionRef="r6"/>
            </OrderedGroup>
        </ReadingOrder>
        <TextRegion orientation="0.0" id="r1" custom="readingOrder {index:0;}">
            <Coords points="335,406 335,559 404,559 404,406"/>
            <TextLine id="r1l1" custom="readingOrder {index:0;}">
                <Coords points="329,523 343,524 356,536 371,538 394,516 410,514 410,448 390,447 371,460 354,453 329,455"/>
                <Baseline points="335,509 369,506 404,509"/>
                <TextEquiv>
                    <Unicode>39.</Unicode>
                </TextEquiv>
            </TextLine>
            <TextEquiv>
                <Unicode>39.</Unicode>
            </TextEquiv>
        </TextRegion>
        <TextRegion orientation="0.0" id="r2" custom="readingOrder {index:1;}">
            <Coords points="402,1844 402,1997 447,1997 447,1844"/>
            <TextLine id="r2l1" custom="readingOrder {index:0;}">
                <Coords points="397,1966 406,1962 407,1964 423,1963 428,1958 433,1958 445,1946 454,1945 451,1901 445,1902 438,1898 431,1900 428,1904 424,1902 420,1905 413,1903 408,1898 392,1899"/>
                <Baseline points="402,1947 447,1944"/>
                <TextEquiv>
                    <Unicode>5</Unicode>
                </TextEquiv>
            </TextLine>
            <TextEquiv>
                <Unicode>5</Unicode>
            </TextEquiv>
        </TextRegion>
        <TextRegion orientation="0.0" id="r3" custom="readingOrder {index:2;}">
            <Coords points="429,1610 429,1760 474,1760 474,1610"/>
            <TextLine id="r3l1" custom="readingOrder {index:0;}">
                <Coords points="422,1750 432,1750 438,1754 453,1744 460,1749 474,1737 481,1737 481,1664 473,1664 465,1669 452,1664 444,1666 435,1658 431,1661 422,1660"/>
                <Baseline points="429,1710 474,1710"/>
                <TextEquiv>
                    <Unicode>1.</Unicode>
                </TextEquiv>
            </TextLine>
            <TextEquiv>
                <Unicode>1.</Unicode>
            </TextEquiv>
        </TextRegion>
        <TextRegion orientation="0.0" id="r4" custom="readingOrder {index:3;}">
            <Coords points="452,613 452,3418 1467,3418 1467,613"/>
            <TextLine id="r4l1" custom="readingOrder {index:0;}">
                <Coords points="551,655 762,656 793,682 953,647 997,689 1140,668 1460,724 1474,665 1311,662 1207,601 938,563 716,595 558,560"/>
                <Baseline points="558,644 603,642 648,642 693,642 739,642 784,643 829,645 874,647 920,648 965,652 1010,655 1055,658 1101,662 1146,668 1191,673 1236,677 1282,685 1327,692 1372,698 1417,706 1463,714"/>
                <TextEquiv>
                    <Unicode>anderem stonck also dardurch nun be¬</Unicode>
                </TextEquiv>
            </TextLine>
            <TextLine id="r4l2" custom="readingOrder {index:1;}">
                <Coords points="543,724 617,767 694,717 773,714 860,751 970,718 1035,761 1171,732 1458,783 1461,723 1340,730 1223,675 1002,700 936,647 735,692 648,648 547,654"/>
                <Baseline points="549,716 594,714 639,714 684,713 729,713 774,713 819,713 864,714 909,715 954,716 1000,719 1045,721 1090,725 1135,729 1180,734 1225,739 1270,745 1315,751 1360,759 1405,768 1451,777"/>
                <TextEquiv>
                    <Unicode>kantsamme der sachen zuuberkommen umb</Unicode>
                </TextEquiv>
            </TextLine>
            <TextLine id="r4l3" custom="readingOrder {index:2;}">
                <Coords points="534,788 663,783 709,825 793,789 861,829 915,794 970,824 1031,803 1103,842 1257,813 1418,862 1451,859 1455,791 1043,766 992,728 618,768 537,729"/>
                <Baseline points="540,782 585,782 630,783 675,783 721,785 766,785 811,786 856,788 902,788 947,791 992,792 1037,794 1083,796 1128,800 1173,803 1218,808 1264,812 1309,818 1354,823 1399,830 1445,837"/>
                <TextEquiv>
                    <Unicode>Meinunghl deso Baser zudmmnen und alß</Unicode>
                </TextEquiv>
            </TextLine>
            <TextLine id="r4l4" custom="readingOrder {index:3;}">
                <Coords points="536,861 642,849 699,880 738,848 864,845 1017,901 1142,868 1454,916 1457,859 1183,809 1101,842 1069,814 910,808 664,827 540,783"/>
                <Baseline points="543,849 588,849 633,849 678,849 724,851 769,851 814,852 860,853 905,855 950,857 996,858 1041,861 1086,863 1131,867 1177,870 1222,874 1267,878 1313,884 1358,888 1403,894 1449,900"/>
                <TextEquiv>
                    <Unicode>deso ehn nunn recompens darfur zuer¬</Unicode>
                </TextEquiv>
            </TextLine>
            <TextLine id="r4l5" custom="readingOrder {index:4;}">
                <Coords points="542,931 619,965 763,915 994,931 1095,976 1247,936 1473,968 1474,931 1372,899 1330,922 1263,875 1032,908 977,869 806,851 736,903 545,855"/>
                <Baseline points="549,920 594,921 640,921 686,923 732,923 778,923 824,923 870,923 916,924 962,924 1008,924 1053,926 1099,927 1145,929 1191,930 1237,933 1283,936 1329,940 1375,944 1421,949 1467,956"/>
                <TextEquiv>
                    <Unicode>langen und obwolen zuzeiten wegen</Unicode>
                </TextEquiv>
            </TextLine>
            <TextLine id="r4l6" custom="readingOrder {index:5;}">
                <Coords points="536,1002 1450,1023 1418,980 1243,943 1191,984 922,937 710,965 664,942 623,972 536,950"/>
                <Baseline points="542,999 587,998 632,996 677,996 722,995 767,995 812,993 857,993 902,993 947,993 992,995 1037,995 1082,996 1127,997 1172,999 1217,1001 1262,1002 1307,1004 1352,1007 1397,1010 1443,1013"/>
                <TextEquiv>
                    <Unicode>seines Melaniolischen gemuhts zum ge¬</Unicode>
                </TextEquiv>
            </TextLine>
            <TextLine id="r4l7" custom="readingOrder {index:6;}">
                <Coords points="532,1083 754,1062 816,1117 871,1118 953,1068 1351,1099 1449,1094 1450,1059 1370,1011 1214,1056 1109,1002 1018,1051 919,1000 791,1044 691,989 533,1026"/>
                <Baseline points="539,1071 584,1069 629,1067 674,1065 719,1064 765,1064 810,1064 855,1064 900,1065 945,1065 991,1067 1036,1068 1081,1071 1126,1072 1171,1074 1217,1077 1262,1079 1307,1080 1352,1082 1397,1083 1443,1085"/>
                <TextEquiv>
                    <Unicode>dancken eingefallen, wann er untruw</Unicode>
                </TextEquiv>
            </TextLine>
            <TextLine id="r4l8" custom="readingOrder {index:7;}">
                <Coords points="537,1147 1459,1161 1459,1112 1374,1088 1308,1125 1149,1080 1092,1112 1016,1063 846,1120 748,1078 537,1083"/>
                <Baseline points="543,1139 588,1139 633,1138 679,1137 724,1137 770,1137 815,1137 861,1139 906,1139 952,1139 997,1140 1042,1140 1088,1141 1133,1142 1179,1143 1224,1143 1270,1145 1315,1145 1361,1145 1406,1146 1452,1146"/>
                <TextEquiv>
                    <Unicode>werden wolte, das er solche darzu brauchen</Unicode>
                </TextEquiv>
            </TextLine>
            <TextLine id="r4l9" custom="readingOrder {index:8;}">
                <Coords points="542,1210 912,1205 986,1235 1175,1202 1336,1244 1380,1209 1462,1232 1462,1181 1407,1154 1118,1186 1035,1145 989,1175 953,1145 890,1170 787,1142 672,1191 618,1144 543,1150"/>
                <Baseline points="549,1206 594,1206 639,1206 684,1206 730,1208 775,1208 820,1208 866,1208 911,1208 956,1208 1002,1208 1047,1208 1092,1208 1137,1208 1183,1208 1228,1209 1273,1209 1319,1211 1364,1211 1409,1213 1455,1215"/>
                <TextEquiv>
                    <Unicode>knteg so habe er sich dennoch allerzeit das</Unicode>
                </TextEquiv>
            </TextLine>
            <TextLine id="r4l10" custom="readingOrder {index:9;}">
                <Coords points="542,1287 719,1317 834,1262 910,1318 972,1273 1067,1319 1240,1268 1450,1298 1450,1259 1334,1248 1292,1212 1233,1256 1124,1210 1051,1251 959,1214 818,1205 756,1240 677,1211 618,1239 543,1210"/>
                <Baseline points="549,1274 593,1274 638,1275 683,1275 727,1275 772,1275 817,1274 861,1274 906,1274 951,1274 996,1274 1040,1274 1085,1274 1130,1274 1174,1275 1219,1275 1264,1277 1308,1278 1353,1280 1398,1281 1443,1284"/>
                <TextEquiv>
                    <Unicode>für besegnet, alß das pu kuin forat an</Unicode>
                </TextEquiv>
            </TextLine>
            <TextLine id="r4l11" custom="readingOrder {index:10;}">
                <Coords points="534,1386 582,1396 675,1344 1005,1358 1094,1390 1178,1341 1443,1366 1443,1314 1404,1291 1324,1313 1153,1279 1082,1327 1016,1273 909,1318 834,1261 720,1318 608,1280 534,1294"/>
                <Baseline points="540,1346 584,1345 629,1344 674,1344 719,1343 764,1343 809,1342 853,1341 898,1341 943,1341 988,1341 1033,1341 1078,1342 1123,1343 1167,1343 1212,1344 1257,1346 1302,1348 1347,1350 1392,1352 1437,1355"/>
                <TextEquiv>
                    <Unicode>chlag, nach Willen nit gehabt, etwas in</Unicode>
                </TextEquiv>
            </TextLine>
            <TextLine id="r4l12" custom="readingOrder {index:11;}">
                <Coords points="536,1423 676,1404 781,1453 828,1417 969,1443 1030,1407 1136,1443 1170,1419 1423,1434 1423,1357 1334,1387 1240,1344 1003,1396 876,1357 817,1388 726,1345 536,1382"/>
                <Baseline points="543,1415 586,1413 630,1413 673,1412 717,1412 761,1412 804,1412 848,1412 892,1412 935,1412 979,1413 1023,1413 1066,1415 1110,1415 1154,1416 1197,1416 1241,1416 1285,1417 1328,1418 1372,1418 1416,1418"/>
                <TextEquiv>
                    <Unicode>truws horzummen, und das er nt</Unicode>
                </TextEquiv>
            </TextLine>
            <TextLine id="r4l13" custom="readingOrder {index:12;}">
                <Coords points="533,1495 827,1491 882,1529 997,1475 1106,1518 1162,1481 1208,1518 1262,1480 1291,1506 1386,1485 1369,1429 1149,1454 1105,1429 1012,1464 895,1420 799,1457 742,1416 533,1423"/>
                <Baseline points="540,1487 582,1485 624,1485 666,1484 708,1484 750,1484 792,1484 834,1484 876,1482 918,1482 960,1482 1002,1484 1044,1484 1086,1484 1128,1484 1170,1484 1212,1484 1254,1484 1296,1485 1338,1485 1380,1485"/>
                <TextEquiv>
                    <Unicode>Jonb Weiters hinuor außgesagt habe</Unicode>
                </TextEquiv>
            </TextLine>
            <TextLine id="r4l14" custom="readingOrder {index:13;}">
                <Coords points="503,1582 592,1612 842,1556 931,1598 1014,1559 1247,1556 1425,1604 1451,1523 1296,1524 1247,1489 1208,1519 1163,1481 1105,1531 991,1492 881,1529 504,1488"/>
                <Baseline points="510,1556 556,1556 603,1556 649,1556 696,1556 743,1554 789,1554 836,1553 883,1553 929,1552 976,1551 1023,1551 1069,1551 1116,1553 1163,1554 1209,1555 1256,1557 1303,1560 1349,1563 1396,1568 1443,1574"/>
                <TextEquiv>
                    <Unicode>das seyn auß doncht der Marter beschehen</Unicode>
                </TextEquiv>
            </TextLine>
            <TextLine id="r4l15" custom="readingOrder {index:14;} person {offset:26; length:7;}">
                <Coords points="508,1744 583,1722 627,1750 847,1697 1010,1730 1080,1699 1254,1707 1395,1745 1396,1657 1204,1660 1147,1630 948,1670 684,1624 509,1688"/>
                <Baseline points="515,1704 558,1704 602,1704 646,1704 689,1704 733,1704 777,1704 820,1704 864,1704 908,1706 952,1706 995,1706 1039,1707 1083,1707 1126,1709 1170,1710 1214,1712 1257,1713 1301,1715 1345,1718 1389,1719"/>
                <TextEquiv>
                    <Unicode>aß er uff übsterben herre lüllens u sy</Unicode>
                </TextEquiv>
            </TextLine>
            <TextLine id="r4l16" custom="readingOrder {index:15;}">
                <Coords points="524,1778 594,1811 768,1761 811,1792 896,1766 1087,1805 1161,1774 1366,1797 1442,1776 1443,1736 1286,1738 1235,1709 1165,1757 1082,1700 1012,1736 846,1697 751,1744 624,1750 584,1720 524,1752"/>
                <Baseline points="531,1772 576,1769 621,1768 666,1767 712,1766 757,1766 802,1766 847,1767 893,1767 938,1769 983,1770 1028,1771 1074,1772 1119,1773 1164,1775 1209,1776 1255,1777 1300,1778 1345,1779 1390,1779 1436,1779"/>
                <TextEquiv>
                    <Unicode>geschechener eydes insinuation nit alle chriten</Unicode>
                </TextEquiv>
            </TextLine>
            <TextLine id="r4l17" custom="readingOrder {index:16;}">
                <Coords points="530,1861 606,1887 826,1835 1003,1872 1119,1842 1183,1874 1350,1842 1468,1890 1468,1806 1340,1777 1193,1816 1146,1783 1074,1810 987,1776 935,1802 900,1773 783,1777 732,1812 681,1771 530,1824"/>
                <Baseline points="536,1842 582,1839 628,1837 674,1836 721,1835 767,1833 813,1833 859,1833 906,1835 952,1835 998,1835 1044,1836 1091,1838 1137,1838 1183,1839 1229,1840 1276,1841 1322,1841 1368,1841 1414,1841 1461,1839"/>
                <TextEquiv>
                    <Unicode>ind sactes loider imb gutodib geliffennt habe</Unicode>
                </TextEquiv>
            </TextLine>
            <TextLine id="r4l18" custom="readingOrder {index:17;}">
                <Coords points="538,1983 605,1938 703,1933 793,1986 985,1935 1123,1993 1265,1939 1297,1962 1379,1947 1380,1888 1228,1907 1037,1863 873,1908 673,1858 538,1923"/>
                <Baseline points="545,1943 586,1939 627,1937 669,1935 710,1934 752,1934 793,1934 834,1934 876,1935 917,1935 959,1937 1000,1938 1041,1940 1083,1941 1124,1943 1166,1943 1207,1944 1248,1944 1290,1944 1331,1943 1373,1941"/>
                <TextEquiv>
                    <Unicode>aß er das pacquet verschloßenn, das</Unicode>
                </TextEquiv>
            </TextLine>
            <TextLine id="r4l19" custom="readingOrder {index:18;}">
                <Coords points="516,2040 665,2007 910,2029 1033,2004 1118,2042 1205,2007 1270,2049 1315,2004 1418,2006 1418,1965 1122,1993 1004,1946 769,1993 666,1939 516,1993"/>
                <Baseline points="522,2007 566,2006 611,2006 655,2006 700,2006 744,2007 789,2007 833,2009 878,2009 922,2010 967,2010 1011,2012 1056,2012 1100,2012 1145,2012 1189,2012 1234,2010 1278,2009 1323,2006 1367,2002 1412,1998"/>
                <TextEquiv>
                    <Unicode>geduncken betreffend wegen onjunition</Unicode>
                </TextEquiv>
            </TextLine>
            <TextLine id="r4l20" custom="readingOrder {index:19;} place {offset:0; length:6;}">
                <Coords points="491,2109 581,2071 843,2091 873,2069 985,2115 1055,2078 1189,2101 1371,2071 1320,2016 1264,2055 1205,2007 1059,2054 935,2007 864,2052 766,2010 665,2007 590,2051 491,2036"/>
                <Baseline points="497,2075 540,2073 583,2072 627,2070 670,2070 713,2070 757,2070 800,2070 843,2072 887,2073 930,2073 973,2074 1017,2075 1060,2075 1103,2075 1147,2075 1190,2073 1233,2072 1277,2069 1320,2065 1364,2061"/>
                <TextEquiv>
                    <Unicode>Zürich und sere völlig erbrochen und</Unicode>
                </TextEquiv>
            </TextLine>
            <TextLine id="r4l21" custom="readingOrder {index:20;}">
                <Coords points="506,2179 571,2137 637,2178 729,2138 793,2178 862,2135 967,2164 1125,2140 1171,2166 1171,2098 1076,2079 996,2119 927,2090 728,2113 682,2082 628,2094 587,2074 507,2108"/>
                <Baseline points="513,2135 545,2135 578,2133 610,2133 643,2132 675,2132 708,2132 740,2132 773,2132 805,2133 838,2133 871,2134 903,2135 936,2136 968,2136 1001,2138 1033,2138 1066,2139 1098,2141 1131,2141 1164,2142"/>
                <TextEquiv>
                    <Unicode>hinder um gunomen habe</Unicode>
                </TextEquiv>
            </TextLine>
            <TextLine id="r4l22" custom="readingOrder {index:21;}">
                <Coords points="1255,2163 1270,2164 1289,2155 1303,2160 1358,2145 1374,2155 1390,2148 1399,2153 1419,2144 1417,2084 1403,2093 1371,2094 1339,2071 1306,2096 1289,2083 1274,2084 1266,2076 1253,2079"/>
                <Baseline points="1262,2144 1287,2144 1312,2142 1337,2142 1362,2141 1387,2139 1412,2141"/>
                <TextEquiv>
                    <Unicode>Bekenn</Unicode>
                </TextEquiv>
            </TextLine>
            <TextLine id="r4l23" custom="readingOrder {index:22;}">
                <Coords points="521,2217 815,2198 883,2227 914,2206 1332,2234 1421,2206 1421,2144 1202,2183 1111,2152 1065,2189 905,2140 792,2178 732,2137 640,2179 571,2141 521,2161"/>
                <Baseline points="528,2199 572,2198 616,2198 661,2198 705,2198 749,2199 794,2199 838,2201 882,2202 927,2202 971,2204 1015,2204 1060,2204 1104,2204 1148,2204 1193,2204 1237,2202 1281,2201 1326,2199 1370,2197 1415,2193"/>
                <TextEquiv>
                    <Unicode>nüt rewendem henzen seine begangeen gnöben</Unicode>
                </TextEquiv>
            </TextLine>
            <TextLine id="r4l24" custom="readingOrder {index:23;}">
                <Coords points="506,2265 1070,2294 1355,2257 1309,2222 1203,2255 1084,2210 1026,2241 989,2210 867,2230 839,2202 805,2225 739,2201 506,2219"/>
                <Baseline points="513,2262 554,2260 596,2259 638,2259 680,2259 722,2261 763,2262 805,2263 847,2265 889,2267 931,2268 972,2271 1014,2272 1056,2273 1098,2273 1140,2273 1181,2271 1223,2269 1265,2266 1307,2262 1349,2256"/>
                <TextEquiv>
                    <Unicode>Nisethate und verbruchen, Balle woll den</Unicode>
                </TextEquiv>
            </TextLine>
            <TextLine id="r4l25" custom="readingOrder {index:24;}">
                <Coords points="492,2326 613,2345 653,2315 766,2318 1026,2361 1123,2323 1196,2344 1375,2324 1375,2293 1300,2269 960,2295 493,2269"/>
                <Baseline points="498,2316 541,2316 585,2316 628,2316 672,2316 715,2318 759,2319 802,2321 846,2322 889,2325 933,2325 976,2327 1020,2328 1063,2330 1107,2330 1150,2330 1194,2330 1237,2328 1281,2325 1324,2324 1368,2319"/>
                <TextEquiv>
                    <Unicode>Baren und eine hoche oberkeit und under</Unicode>
                </TextEquiv>
            </TextLine>
            <TextLine id="r4l26" custom="readingOrder {index:25;}">
                <Coords points="508,2380 843,2380 927,2413 967,2389 1138,2429 1348,2400 1372,2354 1134,2328 1079,2365 973,2367 871,2325 802,2348 768,2319 720,2346 654,2315 612,2346 509,2323"/>
                <Baseline points="515,2370 557,2369 600,2370 642,2371 685,2373 727,2374 770,2376 812,2379 855,2381 897,2384 940,2386 982,2388 1025,2390 1067,2391 1110,2393 1152,2393 1195,2393 1237,2391 1280,2391 1322,2388 1365,2384"/>
                <TextEquiv>
                    <Unicode>mänigklich umb verzeichung, und umb uin</Unicode>
                </TextEquiv>
            </TextLine>
            <TextLine id="r4l27" custom="readingOrder {index:26;}">
                <Coords points="498,2476 556,2441 621,2464 668,2443 706,2460 848,2441 953,2482 987,2452 1053,2471 1055,2395 992,2411 965,2389 929,2414 912,2397 881,2412 843,2380 730,2395 712,2380 668,2410 593,2371 501,2395"/>
                <Baseline points="506,2435 533,2433 560,2433 587,2433 614,2433 641,2433 668,2433 695,2433 722,2433 749,2434 776,2435 803,2436 830,2436 857,2438 884,2439 911,2440 938,2442 965,2442 992,2444 1019,2446 1047,2447"/>
                <TextEquiv>
                    <Unicode>gnädige und Milte untheill.</Unicode>
                </TextEquiv>
            </TextLine>
            <TextLine id="r4l28" custom="readingOrder {index:27;}">
                <Coords points="446,2716 510,2684 713,2736 794,2698 889,2729 1065,2707 1223,2770 1336,2719 1446,2726 1448,2650 1410,2628 1203,2696 1100,2634 1060,2666 947,2643 802,2683 694,2607 608,2652 451,2580"/>
                <Baseline points="453,2691 502,2691 551,2691 601,2693 650,2694 699,2696 749,2698 798,2700 847,2703 897,2706 946,2709 995,2712 1045,2714 1094,2715 1143,2717 1193,2718 1242,2718 1291,2717 1341,2716 1390,2714 1440,2711"/>
                <TextEquiv>
                    <Unicode>Ber melcge angehönte verguht Minäghe</Unicode>
                </TextEquiv>
            </TextLine>
            <TextLine id="r4l29" custom="readingOrder {index:28;}">
                <Coords points="494,2765 1247,2786 1313,2820 1386,2787 1388,2724 1222,2768 1065,2712 988,2745 858,2705 713,2736 651,2700 582,2718 497,2689"/>
                <Baseline points="501,2756 547,2756 593,2756 639,2757 686,2759 732,2761 778,2763 824,2766 871,2769 917,2771 963,2774 1009,2776 1056,2778 1102,2780 1148,2781 1194,2783 1241,2783 1287,2781 1333,2780 1380,2777"/>
                <TextEquiv>
                    <Unicode>und oberen so vill den budenich nug be</Unicode>
                </TextEquiv>
            </TextLine>
            <TextLine id="r4l30" custom="readingOrder {index:29;}">
                <Coords points="503,2816 608,2848 733,2835 774,2865 958,2837 1077,2891 1144,2847 1345,2852 1364,2793 1313,2819 1153,2781 1030,2806 751,2754 504,2800"/>
                <Baseline points="509,2819 551,2819 593,2819 636,2820 678,2822 720,2825 763,2827 805,2829 847,2831 890,2834 932,2838 974,2840 1017,2842 1059,2844 1101,2845 1144,2846 1186,2846 1228,2846 1271,2844 1313,2843 1356,2838"/>
                <TextEquiv>
                    <Unicode>auff erkent habend, daß er umb das</Unicode>
                </TextEquiv>
            </TextLine>
            <TextLine id="r4l31" custom="readingOrder {index:30;}">
                <Coords points="479,2891 669,2915 719,2893 758,2929 900,2892 1276,2938 1362,2896 1364,2850 1243,2884 1128,2857 1073,2892 955,2836 847,2868 719,2836 657,2859 481,2836"/>
                <Baseline points="485,2886 528,2885 572,2883 615,2883 659,2885 702,2886 746,2889 789,2892 833,2894 876,2897 920,2900 963,2902 1007,2905 1050,2907 1094,2909 1137,2909 1181,2909 1224,2909 1268,2906 1311,2903 1355,2898"/>
                <TextEquiv>
                    <Unicode>Was erohnoußund etwann gethann habe.</Unicode>
                </TextEquiv>
            </TextLine>
            <TextLine id="r4l32" custom="readingOrder {index:31;}">
                <Coords points="467,2961 696,2957 751,2994 788,2963 917,2962 1191,3017 1279,2988 1368,3035 1418,3012 1421,2948 1250,2924 1095,2959 879,2899 758,2929 470,2893"/>
                <Baseline points="474,2948 523,2946 572,2946 622,2948 671,2949 721,2951 770,2954 819,2957 869,2960 918,2963 968,2966 1017,2970 1067,2973 1116,2976 1165,2978 1215,2981 1264,2982 1314,2982 1363,2982 1413,2981"/>
                <TextEquiv>
                    <Unicode>durch die außgesandene gefangenschafft gang</Unicode>
                </TextEquiv>
            </TextLine>
            <TextLine id="r4l33" custom="readingOrder {index:32;}">
                <Coords points="481,3025 576,3066 629,3024 671,3046 733,3020 764,3051 1042,3041 1245,3079 1383,3054 1385,3004 1198,3022 1165,2993 1122,3028 999,3018 949,2972 870,2999 788,2963 752,2995 682,2958 576,2986 483,2963"/>
                <Baseline points="488,3012 532,3012 576,3014 621,3016 665,3017 710,3020 754,3023 799,3025 843,3027 888,3031 932,3033 976,3036 1021,3039 1065,3041 1110,3042 1154,3044 1199,3045 1243,3045 1288,3045 1332,3045 1377,3044"/>
                <TextEquiv>
                    <Unicode>sain gebüßt haben und hinmit der gefan</Unicode>
                </TextEquiv>
            </TextLine>
            <TextLine id="r4l34" custom="readingOrder {index:33;}">
                <Coords points="492,3106 700,3085 835,3133 888,3103 966,3147 1007,3119 1125,3145 1288,3131 1278,3071 1175,3095 1054,3043 992,3086 925,3048 802,3074 733,3020 576,3060 497,3020"/>
                <Baseline points="500,3078 539,3080 578,3080 617,3081 656,3084 695,3085 734,3087 774,3091 813,3093 852,3096 891,3100 930,3102 969,3105 1008,3108 1048,3110 1087,3113 1126,3114 1165,3114 1204,3116 1243,3114 1283,3114"/>
                <TextEquiv>
                    <Unicode>genschafft ledig gelaßen warden solle.</Unicode>
                </TextEquiv>
            </TextLine>
            <TextLine id="r4l35" custom="readingOrder {index:34;}">
                <Coords points="469,3179 559,3189 622,3156 691,3192 852,3168 920,3190 963,3176 966,3121 888,3107 819,3140 740,3100 684,3139 631,3108 601,3128 517,3101 472,3116"/>
                <Baseline points="477,3155 502,3154 527,3153 552,3153 578,3153 603,3154 628,3155 653,3156 679,3156 704,3157 729,3159 754,3160 780,3162 805,3164 830,3164 855,3166 881,3167 906,3169 931,3170 957,3171"/>
                <TextEquiv>
                    <Unicode>Acte 24. ovebris 1685.</Unicode>
                </TextEquiv>
            </TextLine>
            <TextLine id="r4l36" custom="readingOrder {index:35;}">
                <Coords points="966,3178 977,3181 981,3186 1000,3177 1010,3178 1018,3183 1029,3140 1024,3138 1002,3140 998,3139 993,3132 979,3128"/>
                <Baseline points="974,3174 1011,3183"/>
                <TextEquiv>
                    <Unicode></Unicode>
                </TextEquiv>
            </TextLine>
            <TextLine id="r4l37" custom="readingOrder {index:36;}">
                <Coords points="446,3251 571,3289 685,3268 720,3302 771,3263 907,3273 1053,3329 1333,3301 1335,3259 1306,3249 1029,3227 943,3254 783,3194 450,3192"/>
                <Baseline points="452,3254 495,3254 539,3255 583,3255 626,3257 670,3258 714,3261 757,3264 801,3266 845,3270 889,3273 932,3277 976,3281 1020,3283 1063,3286 1107,3290 1151,3293 1194,3294 1238,3297 1282,3299 1326,3299"/>
                <TextEquiv>
                    <Unicode>Den 27. dito ist ime auch deßhalber ein</Unicode>
                </TextEquiv>
            </TextLine>
            <TextLine id="r4l38" custom="readingOrder {index:37;} place {offset:17; length:10;}">
                <Coords points="465,3356 544,3367 607,3334 655,3375 709,3333 931,3343 1066,3388 1268,3369 1332,3412 1381,3403 1387,3306 1052,3329 904,3273 770,3263 720,3302 686,3269 470,3275"/>
                <Baseline points="474,3330 519,3329 564,3329 609,3327 654,3329 699,3329 744,3331 789,3333 834,3336 879,3338 925,3342 970,3345 1015,3348 1060,3351 1105,3355 1150,3359 1195,3362 1240,3366 1285,3368 1330,3371 1376,3372"/>
                <TextEquiv>
                    <Unicode>ehrbewahlumb von Neinunghen den rahte</Unicode>
                </TextEquiv>
            </TextLine>
            <TextLine id="r4l39" custom="readingOrder {index:38;}">
                <Coords points="487,3402 508,3397 557,3427 629,3403 673,3426 733,3412 786,3455 806,3455 833,3436 838,3341 787,3354 711,3332 655,3375 628,3355 600,3367 584,3349 552,3367 522,3353 489,3362"/>
                <Baseline points="494,3390 519,3390 545,3389 571,3389 596,3389 622,3390 648,3392 673,3394 699,3395 725,3398 750,3399 776,3401 802,3402 828,3404"/>
                <TextEquiv>
                    <Unicode>ercheil oden.</Unicode>
                </TextEquiv>
            </TextLine>
            <TextEquiv>
                <Unicode>anderem stonck also dardurch nun be¬
kantsamme der sachen zuuberkommen umb
Meinunghl deso Baser zudmmnen und alß
deso ehn nunn recompens darfur zuer¬
langen und obwolen zuzeiten wegen
seines Melaniolischen gemuhts zum ge¬
dancken eingefallen, wann er untruw
werden wolte, das er solche darzu brauchen
knteg so habe er sich dennoch allerzeit das
für besegnet, alß das pu kuin forat an
chlag, nach Willen nit gehabt, etwas in
truws horzummen, und das er nt
Jonb Weiters hinuor außgesagt habe
das seyn auß doncht der Marter beschehen
aß er uff übsterben herre lüllens u sy
geschechener eydes insinuation nit alle chriten
ind sactes loider imb gutodib geliffennt habe
aß er das pacquet verschloßenn, das
geduncken betreffend wegen onjunition
Zürich und sere völlig erbrochen und
hinder um gunomen habe
Bekenn
nüt rewendem henzen seine begangeen gnöben
Nisethate und verbruchen, Balle woll den
Baren und eine hoche oberkeit und under
mänigklich umb verzeichung, und umb uin
gnädige und Milte untheill.
Ber melcge angehönte verguht Minäghe
und oberen so vill den budenich nug be
auff erkent habend, daß er umb das
Was erohnoußund etwann gethann habe.
durch die außgesandene gefangenschafft gang
sain gebüßt haben und hinmit der gefan
genschafft ledig gelaßen warden solle.
Acte 24. ovebris 1685.

Den 27. dito ist ime auch deßhalber ein
ehrbewahlumb von Neinunghen den rahte
ercheil oden.</Unicode>
            </TextEquiv>
        </TextRegion>
        <TextRegion orientation="0.0" id="r5" custom="readingOrder {index:4;}">
            <Coords points="1749,1111 1749,1261 1809,1261 1809,1111"/>
            <TextLine id="r5l1" custom="readingOrder {index:0;}">
                <Coords points="1742,1234 1755,1234 1767,1226 1775,1227 1783,1235 1789,1235 1803,1225 1806,1229 1816,1227 1816,1186 1804,1187 1782,1170 1753,1183 1742,1182"/>
                <Baseline points="1749,1211 1779,1211 1809,1211"/>
                <TextEquiv>
                    <Unicode></Unicode>
                </TextEquiv>
            </TextLine>
            <TextEquiv>
                <Unicode></Unicode>
            </TextEquiv>
        </TextRegion>
        <TextRegion orientation="0.0" id="r6" custom="readingOrder {index:5;}">
            <Coords points="1770,693 1770,3447 2840,3447 2840,693"/>
            <TextLine id="r6l1" custom="readingOrder {index:0;}">
                <Coords points="1951,795 2223,739 2359,764 2547,727 2543,665 2495,648 2348,679 2311,653 2272,694 2196,656 2115,697 1988,669 1944,680"/>
                <Baseline points="1955,753 1984,753 2013,753 2042,753 2072,752 2101,751 2130,749 2159,747 2189,745 2218,743 2247,741 2276,739 2306,737 2335,735 2364,732 2393,730 2423,729 2452,727 2481,726 2510,725 2540,725"/>
                <TextEquiv>
                    <Unicode>Cuminal, Process</Unicode>
                </TextEquiv>
            </TextLine>
            <TextLine id="r6l2" custom="readingOrder {index:1;}">
                <Coords points="2106,875 2156,879 2176,871 2190,856 2219,878 2240,868 2237,770 2210,772 2187,750 2174,747 2156,761 2138,751 2102,757"/>
                <Baseline points="2112,846 2142,845 2172,843 2202,842 2232,843"/>
                <TextEquiv>
                    <Unicode>u</Unicode>
                </TextEquiv>
            </TextLine>
            <TextLine id="r6l3" custom="readingOrder {index:2;} person {offset:0; length:11;}">
                <Coords points="1939,965 1989,984 2257,950 2362,980 2410,954 2458,974 2545,933 2582,958 2632,940 2625,841 2506,872 2359,830 2296,884 2224,874 2196,899 2152,878 2105,899 2051,861 1997,898 1934,891"/>
                <Baseline points="1946,963 1979,962 2013,960 2047,957 2081,955 2115,953 2149,950 2183,947 2217,945 2251,942 2285,939 2318,936 2352,933 2386,930 2420,928 2454,926 2488,924 2522,922 2556,920 2590,918 2624,917"/>
                <TextEquiv>
                    <Unicode>slomon Rung</Unicode>
                </TextEquiv>
            </TextLine>
            <TextLine id="r6l4" custom="readingOrder {index:3;}">
                <Coords points="1833,1221 2187,1199 2252,1233 2337,1186 2432,1204 2474,1171 2650,1175 2721,1147 2717,1079 2562,1120 2460,1105 2333,1159 2192,1103 2034,1097 1904,1181 1831,1187"/>
                <Baseline points="1838,1208 1881,1206 1925,1205 1969,1203 2013,1202 2057,1200 2100,1200 2144,1198 2188,1196 2232,1194 2276,1193 2319,1190 2363,1187 2407,1184 2451,1181 2495,1176 2538,1172 2582,1168 2626,1161 2670,1156 2714,1149"/>
                <TextEquiv>
                    <Unicode>auchwie vor zeiten in der</Unicode>
                </TextEquiv>
            </TextLine>
            <TextLine id="r6l5" custom="readingOrder {index:4;}">
                <Coords points="1812,1310 2014,1260 2148,1295 2247,1259 2466,1275 2624,1243 2704,1283 2762,1259 2758,1192 2663,1173 2603,1200 2567,1168 2517,1198 2467,1172 2413,1220 2340,1185 2241,1234 2192,1201 2119,1237 2052,1205 2008,1239 1918,1205 1878,1249 1809,1244"/>
                <Baseline points="1817,1277 1863,1275 1910,1273 1957,1271 2004,1269 2051,1268 2097,1266 2144,1264 2191,1262 2238,1260 2285,1258 2331,1256 2378,1253 2425,1250 2472,1248 2519,1245 2565,1242 2612,1239 2659,1236 2706,1233 2753,1229"/>
                <TextEquiv>
                    <Unicode>großen orruption und Burdemblig</Unicode>
                </TextEquiv>
            </TextLine>
            <TextLine id="r6l6" custom="readingOrder {index:5;}">
                <Coords points="1811,1405 1957,1347 2045,1385 2079,1356 2178,1379 2269,1332 2307,1353 2769,1303 2788,1266 2464,1289 2411,1259 2348,1301 2294,1270 2136,1296 2014,1260 1940,1295 1881,1272 1806,1332"/>
                <Baseline points="1814,1352 1862,1349 1910,1347 1959,1344 2007,1343 2056,1339 2104,1337 2153,1334 2201,1332 2250,1330 2298,1328 2346,1325 2395,1322 2443,1318 2492,1316 2540,1313 2589,1308 2637,1304 2686,1299 2734,1295 2783,1290"/>
                <TextEquiv>
                    <Unicode>mit alles fleischens, über welches die</Unicode>
                </TextEquiv>
            </TextLine>
            <TextLine id="r6l7" custom="readingOrder {index:6;}">
                <Coords points="1800,1446 1970,1409 2045,1436 2091,1401 2143,1435 2232,1402 2348,1418 2373,1391 2556,1420 2819,1365 2818,1317 2559,1310 2467,1368 2267,1333 2136,1385 1970,1345 1798,1407"/>
                <Baseline points="1805,1418 1855,1415 1905,1412 1956,1410 2006,1408 2057,1406 2107,1404 2157,1403 2208,1400 2258,1398 2309,1395 2359,1394 2409,1391 2460,1389 2510,1385 2561,1382 2611,1377 2661,1374 2712,1368 2762,1362 2813,1356"/>
                <TextEquiv>
                    <Unicode>vom simmel sachende herüchtigkeit das</Unicode>
                </TextEquiv>
            </TextLine>
            <TextLine id="r6l8" custom="readingOrder {index:7;}">
                <Coords points="1807,1517 2026,1473 2181,1502 2238,1462 2329,1492 2598,1451 2734,1477 2801,1414 2687,1379 2622,1419 2446,1437 2371,1393 2298,1440 2155,1451 2092,1402 2059,1436 1915,1420 1804,1462"/>
                <Baseline points="1811,1481 1860,1478 1909,1476 1958,1473 2007,1471 2057,1469 2106,1467 2155,1466 2204,1464 2253,1464 2303,1463 2352,1461 2401,1460 2450,1458 2499,1456 2549,1453 2598,1451 2647,1447 2696,1443 2745,1438 2795,1431"/>
                <TextEquiv>
                    <Unicode>erschröckliche gneicht einer allge¬</Unicode>
                </TextEquiv>
            </TextLine>
            <TextLine id="r6l9" custom="readingOrder {index:8;}">
                <Coords points="1797,1577 2799,1509 2797,1470 2461,1513 2235,1464 2184,1501 2033,1478 1880,1527 1794,1501"/>
                <Baseline points="1802,1550 1851,1547 1901,1544 1950,1541 2000,1539 2049,1538 2099,1536 2148,1536 2198,1535 2247,1533 2297,1533 2346,1532 2396,1530 2445,1529 2495,1527 2544,1525 2594,1521 2643,1518 2693,1514 2742,1510 2792,1503"/>
                <TextEquiv>
                    <Unicode>aeinen sundflut kommen laßen und</Unicode>
                </TextEquiv>
            </TextLine>
            <TextLine id="r6l10" custom="readingOrder {index:9;}">
                <Coords points="1801,1662 1878,1608 1929,1643 1976,1603 2257,1652 2324,1601 2552,1634 2623,1591 2838,1579 2462,1522 2301,1570 2102,1536 1798,1576"/>
                <Baseline points="1806,1617 1857,1613 1908,1611 1959,1608 2011,1606 2062,1605 2113,1604 2164,1602 2216,1601 2267,1600 2318,1599 2369,1598 2421,1596 2472,1595 2523,1593 2574,1590 2626,1589 2677,1584 2728,1581 2779,1576 2831,1571"/>
                <TextEquiv>
                    <Unicode>also diß sundtuche gelustzuor in nunm</Unicode>
                </TextEquiv>
            </TextLine>
            <TextLine id="r6l11" custom="readingOrder {index:10;}">
                <Coords points="1803,1694 2330,1677 2362,1705 2567,1666 2642,1690 2707,1653 2847,1677 2846,1600 2633,1595 2528,1640 2348,1599 2257,1652 1991,1610 1928,1645 1876,1615 1803,1660"/>
                <Baseline points="1809,1680 1860,1677 1912,1674 1963,1671 2015,1670 2066,1668 2118,1667 2169,1667 2221,1667 2272,1667 2324,1667 2376,1665 2427,1665 2479,1665 2530,1664 2582,1662 2633,1661 2685,1657 2736,1655 2788,1650 2840,1644"/>
                <TextEquiv>
                    <Unicode>überschwemmenden waßer ablöschen wol</Unicode>
                </TextEquiv>
            </TextLine>
            <TextLine id="r6l12" custom="readingOrder {index:11;} person {offset:12; length:4;}">
                <Coords points="1788,1747 2177,1763 2257,1737 2447,1771 2643,1716 2817,1736 2809,1687 2684,1701 2572,1667 2437,1706 2329,1678 2116,1703 2063,1667 1787,1686"/>
                <Baseline points="1794,1749 1844,1745 1895,1742 1946,1740 1997,1738 2048,1737 2098,1736 2149,1736 2200,1736 2251,1734 2302,1734 2352,1734 2403,1734 2454,1734 2505,1733 2556,1731 2606,1730 2657,1728 2708,1725 2759,1721 2810,1716"/>
                <TextEquiv>
                    <Unicode>in gott der Barr dem Roar Furer</Unicode>
                </TextEquiv>
            </TextLine>
            <TextLine id="r6l13" custom="readingOrder {index:12;}">
                <Coords points="1800,1850 1883,1821 1991,1852 2065,1811 2223,1844 2286,1817 2330,1852 2500,1801 2683,1798 2722,1835 2835,1807 2834,1767 2734,1725 2624,1786 2512,1734 2371,1782 2303,1743 2252,1781 1798,1756"/>
                <Baseline points="1805,1817 1856,1814 1907,1812 1958,1810 2009,1808 2060,1808 2111,1806 2163,1806 2214,1805 2265,1805 2316,1805 2367,1805 2418,1805 2469,1803 2521,1803 2572,1802 2623,1800 2674,1799 2725,1796 2776,1794 2828,1790"/>
                <TextEquiv>
                    <Unicode>haltung seines Haußgesindes und fama¬</Unicode>
                </TextEquiv>
            </TextLine>
            <TextLine id="r6l14" custom="readingOrder {index:13;}">
                <Coords points="1785,1903 2432,1878 2493,1911 2548,1867 2650,1914 2724,1866 2817,1879 2816,1816 2727,1840 2683,1798 2609,1833 2552,1807 2485,1855 2247,1853 2164,1816 2000,1853 1923,1822 1832,1861 1784,1827"/>
                <Baseline points="1791,1881 1844,1880 1898,1877 1951,1875 2005,1874 2059,1873 2112,1872 2166,1871 2220,1871 2273,1869 2327,1869 2380,1868 2434,1868 2488,1867 2541,1866 2595,1865 2649,1864 2702,1863 2756,1862 2810,1860"/>
                <TextEquiv>
                    <Unicode>lnn benohlen, inm einen lasen zuma</Unicode>
                </TextEquiv>
            </TextLine>
            <TextLine id="r6l15" custom="readingOrder {index:14;}">
                <Coords points="1795,1965 2340,1939 2406,1979 2556,1933 2829,1934 2735,1872 2647,1916 2560,1867 2492,1912 2360,1881 2209,1920 2140,1886 1991,1917 1794,1888"/>
                <Baseline points="1802,1946 1853,1946 1904,1944 1955,1943 2006,1943 2057,1941 2108,1941 2159,1940 2210,1940 2261,1940 2312,1938 2363,1938 2414,1937 2465,1937 2516,1935 2567,1934 2618,1934 2669,1932 2720,1931 2771,1929 2822,1928"/>
                <TextEquiv>
                    <Unicode>then, In welchem er sich samt densumn</Unicode>
                </TextEquiv>
            </TextLine>
            <TextLine id="r6l16" custom="readingOrder {index:15;}">
                <Coords points="1786,2050 1945,2021 2124,2052 2348,2015 2776,2029 2792,1955 2610,1964 2559,1931 2420,1985 2340,1939 2153,1979 1941,1948 1846,1999 1786,1985"/>
                <Baseline points="1793,2019 1842,2018 1892,2016 1941,2015 1991,2014 2041,2013 2090,2012 2140,2012 2190,2012 2239,2012 2289,2012 2339,2012 2388,2012 2438,2012 2488,2013 2537,2013 2587,2013 2637,2015 2686,2015 2736,2015 2786,2016"/>
                <TextEquiv>
                    <Unicode>gen vnd übrigen Creatures, welche Gott</Unicode>
                </TextEquiv>
            </TextLine>
            <TextLine id="r6l17" custom="readingOrder {index:16;}">
                <Coords points="1774,2103 2145,2084 2351,2123 2497,2088 2584,2125 2763,2084 2804,2123 2835,2051 2738,2014 2574,2065 2510,2023 2134,2054 1936,2020 1774,2066"/>
                <Baseline points="1781,2087 1833,2086 1885,2084 1938,2082 1990,2082 2042,2081 2095,2081 2147,2081 2199,2081 2252,2081 2304,2081 2356,2081 2409,2081 2461,2081 2513,2081 2566,2082 2618,2082 2670,2082 2723,2082 2775,2082 2828,2082"/>
                <TextEquiv>
                    <Unicode>das kag dem dat zur fortefanzung</Unicode>
                </TextEquiv>
            </TextLine>
            <TextLine id="r6l18" custom="readingOrder {index:17;}">
                <Coords points="1781,2158 1957,2179 2018,2146 2318,2149 2352,2179 2544,2149 2645,2189 2726,2144 2787,2155 2805,2119 1780,2099"/>
                <Baseline points="1787,2153 1837,2151 1888,2151 1938,2150 1989,2148 2040,2148 2090,2147 2141,2147 2191,2147 2242,2147 2293,2147 2343,2147 2394,2147 2444,2147 2495,2147 2546,2147 2596,2148 2647,2148 2697,2148 2748,2150 2799,2150"/>
                <TextEquiv>
                    <Unicode>erhalten wolte, alß in das einzige etc.</Unicode>
                </TextEquiv>
            </TextLine>
            <TextLine id="r6l19" custom="readingOrder {index:18;}">
                <Coords points="1789,2219 2551,2244 2637,2219 2756,2266 2796,2248 2797,2193 2606,2203 2541,2149 2353,2181 2096,2145 2044,2191 1997,2157 1790,2156"/>
                <Baseline points="1796,2214 1845,2213 1895,2213 1945,2211 1994,2212 2044,2213 2094,2213 2143,2214 2193,2216 2243,2217 2293,2219 2342,2220 2392,2222 2442,2223 2491,2225 2541,2225 2591,2226 2640,2226 2690,2226 2740,2226 2790,2226"/>
                <TextEquiv>
                    <Unicode>ceptamium vnd freyßatt ds der ganzug</Unicode>
                </TextEquiv>
            </TextLine>
            <TextLine id="r6l20" custom="readingOrder {index:19;}">
                <Coords points="1787,2309 1858,2283 1987,2334 2030,2297 2121,2323 2174,2293 2254,2334 2414,2291 2801,2327 2815,2266 2712,2285 2618,2235 2573,2270 2228,2217 1788,2237"/>
                <Baseline points="1794,2285 1844,2283 1895,2282 1946,2282 1996,2282 2047,2282 2098,2283 2148,2285 2199,2286 2250,2287 2301,2289 2351,2291 2402,2292 2453,2294 2503,2295 2554,2297 2605,2298 2655,2298 2706,2298 2757,2298 2808,2297"/>
                <TextEquiv>
                    <Unicode>sult begeben solte, also halt er ime auch</Unicode>
                </TextEquiv>
            </TextLine>
            <TextLine id="r6l21" custom="readingOrder {index:20;}">
                <Coords points="1786,2350 1953,2349 1998,2383 2079,2341 2201,2406 2271,2372 2314,2409 2392,2374 2654,2401 2722,2362 2763,2378 2765,2312 2410,2296 2254,2334 1978,2328 1850,2282 1787,2308"/>
                <Baseline points="1793,2348 1841,2345 1889,2344 1937,2343 1985,2343 2034,2345 2082,2346 2130,2348 2178,2349 2226,2352 2275,2354 2323,2357 2371,2358 2419,2360 2467,2363 2516,2363 2564,2364 2612,2364 2660,2364 2708,2362 2757,2360"/>
                <TextEquiv>
                    <Unicode>nit dueiger ungescharft, daß er disen</Unicode>
                </TextEquiv>
            </TextLine>
            <TextLine id="r6l22" custom="readingOrder {index:21;}">
                <Coords points="1769,2416 2071,2417 2169,2471 2276,2420 2754,2456 2756,2405 2545,2416 2392,2383 2314,2409 2239,2379 2200,2406 2120,2365 1989,2383 1953,2349 1771,2349"/>
                <Baseline points="1775,2409 1823,2411 1872,2411 1920,2412 1969,2413 2018,2414 2066,2417 2115,2418 2164,2420 2212,2421 2261,2423 2310,2425 2358,2427 2407,2429 2456,2430 2504,2432 2553,2433 2602,2435 2650,2435 2699,2435 2748,2436"/>
                <TextEquiv>
                    <Unicode>Kaster und alle seine camnen an allen</Unicode>
                </TextEquiv>
            </TextLine>
            <TextLine id="r6l23" custom="readingOrder {index:22;}">
                <Coords points="1769,2482 2182,2494 2226,2534 2271,2495 2353,2529 2433,2499 2739,2531 2796,2515 2798,2474 2653,2441 2582,2488 2456,2432 2357,2466 2275,2426 2167,2467 2071,2417 1929,2456 1843,2412 1771,2431"/>
                <Baseline points="1776,2474 1826,2474 1877,2475 1927,2476 1978,2477 2029,2480 2079,2481 2130,2483 2181,2485 2231,2487 2282,2489 2333,2492 2383,2495 2434,2496 2485,2499 2535,2502 2586,2504 2637,2507 2687,2508 2738,2510 2789,2513"/>
                <TextEquiv>
                    <Unicode>orten mit sach zerichen solte, ja welches</Unicode>
                </TextEquiv>
            </TextLine>
            <TextLine id="r6l24" custom="readingOrder {index:23;}">
                <Coords points="1780,2555 1913,2583 2004,2547 2117,2603 2166,2567 2238,2597 2504,2577 2659,2624 2774,2596 2777,2549 2716,2514 2606,2555 2487,2522 2432,2548 2272,2494 2227,2533 2182,2494 1783,2495"/>
                <Baseline points="1787,2544 1836,2544 1885,2544 1934,2545 1983,2546 2032,2547 2081,2550 2130,2552 2179,2554 2228,2556 2277,2559 2326,2562 2375,2566 2424,2569 2473,2572 2522,2574 2571,2578 2620,2581 2669,2585 2718,2588 2768,2591"/>
                <TextEquiv>
                    <Unicode>wol zu bedbachten ist anlendig und</Unicode>
                </TextEquiv>
            </TextLine>
            <TextLine id="r6l25" custom="readingOrder {index:24;}">
                <Coords points="1769,2627 1949,2620 2061,2675 2112,2646 2317,2672 2525,2640 2742,2669 2756,2602 2644,2627 2568,2583 2332,2569 2220,2598 2166,2567 2116,2603 2007,2548 1957,2583 1772,2560"/>
                <Baseline points="1776,2612 1824,2615 1873,2616 1921,2618 1970,2619 2018,2622 2067,2622 2115,2625 2164,2627 2212,2628 2261,2630 2310,2631 2358,2633 2407,2636 2455,2637 2504,2639 2552,2641 2601,2643 2649,2645 2698,2648 2747,2651"/>
                <TextEquiv>
                    <Unicode>Bßwendig, zweiffels ohn darumb</Unicode>
                </TextEquiv>
            </TextLine>
            <TextLine id="r6l26" custom="readingOrder {index:25;} person {offset:14; length:8;}">
                <Coords points="1769,2681 1809,2712 2156,2696 2247,2745 2288,2707 2696,2733 2727,2675 2670,2646 2576,2672 2530,2640 2476,2675 2408,2642 2374,2670 1991,2674 1887,2614 1771,2627"/>
                <Baseline points="1776,2684 1823,2684 1870,2685 1917,2687 1964,2688 2011,2690 2058,2691 2105,2693 2152,2694 2199,2696 2247,2697 2294,2699 2341,2700 2388,2703 2435,2705 2482,2706 2529,2709 2576,2711 2623,2713 2670,2715 2718,2717"/>
                <TextEquiv>
                    <Unicode>daß der lasen mrgendis sonder von</Unicode>
                </TextEquiv>
            </TextLine>
            <TextLine id="r6l27" custom="readingOrder {index:26;} place {offset:14; length:4;}">
                <Coords points="1772,2758 1902,2748 1988,2786 2109,2756 2202,2806 2315,2777 2368,2815 2565,2784 2662,2820 2774,2804 2778,2713 2528,2716 2432,2753 2303,2707 2247,2745 2152,2694 2114,2726 2047,2694 1892,2731 1774,2693"/>
                <Baseline points="1778,2747 1827,2748 1877,2750 1926,2752 1976,2754 2025,2756 2075,2759 2124,2760 2174,2762 2223,2765 2273,2767 2322,2769 2372,2771 2421,2773 2471,2775 2520,2777 2570,2778 2619,2780 2669,2780 2718,2781 2768,2783"/>
                <TextEquiv>
                    <Unicode>tung noch von Ußig har möchte beschädig</Unicode>
                </TextEquiv>
            </TextLine>
            <TextLine id="r6l28" custom="readingOrder {index:27;}">
                <Coords points="1770,2854 1845,2819 2037,2819 2215,2832 2304,2880 2386,2851 2661,2873 2749,2835 2123,2806 2075,2765 2001,2795 1903,2748 1774,2762"/>
                <Baseline points="1778,2819 1826,2819 1874,2819 1922,2819 1970,2820 2018,2822 2066,2823 2115,2825 2163,2827 2211,2829 2259,2832 2307,2835 2355,2838 2403,2841 2452,2843 2500,2846 2548,2848 2596,2850 2644,2853 2692,2855 2741,2856"/>
                <TextEquiv>
                    <Unicode>gut und an seinen eugen von einanderen</Unicode>
                </TextEquiv>
            </TextLine>
            <TextLine id="r6l29" custom="readingOrder {index:28;}">
                <Coords points="1772,2938 1956,2890 2094,2922 2614,2921 2676,2952 2760,2946 2763,2886 2655,2894 2611,2856 2415,2898 2333,2860 2258,2876 2199,2827 2124,2868 2038,2817 1775,2856"/>
                <Baseline points="1781,2889 1829,2889 1878,2889 1926,2889 1975,2891 2024,2891 2072,2893 2121,2895 2170,2898 2218,2900 2267,2903 2316,2904 2364,2907 2413,2910 2462,2913 2510,2916 2559,2918 2608,2921 2656,2922 2705,2925 2754,2927"/>
                <TextEquiv>
                    <Unicode>gelößt werden, wordurch dann alle rea</Unicode>
                </TextEquiv>
            </TextLine>
            <TextLine id="r6l30" custom="readingOrder {index:29;}">
                <Coords points="1771,2972 2380,2969 2546,3026 2773,3008 2776,2943 2681,2958 2611,2921 2494,2952 2314,2906 2108,2929 2011,2892 1772,2941"/>
                <Baseline points="1778,2961 1827,2960 1877,2960 1926,2960 1976,2960 2025,2960 2075,2961 2124,2963 2174,2964 2223,2966 2273,2967 2322,2969 2372,2972 2421,2974 2471,2976 2520,2980 2570,2982 2619,2985 2669,2988 2718,2991 2768,2994"/>
                <TextEquiv>
                    <Unicode>guren In zuvermudenliche gefahr daß</Unicode>
                </TextEquiv>
            </TextLine>
            <TextLine id="r6l31" custom="readingOrder {index:30;}">
                <Coords points="1780,3045 1889,3041 1940,3079 1991,3043 2045,3086 2107,3042 2147,3067 2417,3046 2466,3085 2784,3070 2786,3013 2728,3001 2626,3043 2569,3011 2487,3032 2443,2989 2409,3014 2159,2972 1783,2970"/>
                <Baseline points="1787,3035 1836,3035 1886,3035 1935,3035 1985,3036 2034,3038 2084,3039 2133,3042 2183,3044 2232,3047 2282,3049 2332,3051 2381,3053 2431,3056 2480,3058 2530,3059 2579,3061 2629,3062 2678,3062 2728,3062 2778,3060"/>
                <TextEquiv>
                    <Unicode>undürgangs und der ersanffung wäh</Unicode>
                </TextEquiv>
            </TextLine>
            <TextLine id="r6l32" custom="readingOrder {index:31;}">
                <Coords points="1783,3108 1908,3161 2213,3119 2704,3176 2786,3150 2788,3113 2716,3094 2680,3122 2621,3065 2480,3097 2418,3047 2122,3051 2064,3088 2002,3050 1948,3086 1889,3041 1785,3064"/>
                <Baseline points="1790,3105 1839,3105 1889,3107 1938,3108 1988,3110 2037,3113 2087,3116 2136,3118 2186,3120 2235,3123 2285,3125 2334,3129 2384,3132 2433,3134 2483,3135 2532,3138 2582,3139 2631,3140 2681,3141 2730,3141 2780,3141"/>
                <TextEquiv>
                    <Unicode>und gebracht worden, wie darvon zu</Unicode>
                </TextEquiv>
            </TextLine>
            <TextLine id="r6l33" custom="readingOrder {index:32;}">
                <Coords points="1771,3220 1899,3171 2054,3200 2101,3241 2509,3252 2542,3243 2546,3158 2336,3183 2223,3123 2069,3156 2031,3136 1963,3167 1776,3109"/>
                <Baseline points="1779,3176 1816,3176 1854,3179 1892,3180 1930,3182 1968,3183 2006,3185 2044,3188 2082,3189 2120,3192 2158,3194 2195,3195 2233,3198 2271,3200 2309,3202 2347,3204 2385,3206 2423,3207 2461,3208 2499,3209 2537,3210"/>
                <TextEquiv>
                    <Unicode>lusum e. genes v cap 14. ver.</Unicode>
                </TextEquiv>
            </TextLine>
            <TextLine id="r6l34" custom="readingOrder {index:33;}">
                <Coords points="1923,3227 1936,3227 1941,3221 1952,3221 1952,3177 1940,3177 1930,3187 1923,3187"/>
                <Baseline points="1929,3209 1946,3209"/>
                <TextEquiv>
                    <Unicode></Unicode>
                </TextEquiv>
            </TextLine>
            <TextLine id="r6l35" custom="readingOrder {index:34;}">
                <Coords points="1764,3258 1779,3258 1784,3252 1790,3253 1795,3258 1816,3255 1814,3218 1805,3220 1800,3225 1794,3222 1788,3223 1779,3220 1776,3217 1775,3219 1768,3215 1762,3215"/>
                <Baseline points="1770,3252 1809,3251"/>
                <TextEquiv>
                    <Unicode></Unicode>
                </TextEquiv>
            </TextLine>
            <TextLine id="r6l36" custom="readingOrder {index:35;}">
                <Coords points="1815,3356 1921,3365 1988,3322 2133,3376 2297,3333 2374,3383 2496,3360 2602,3413 2737,3379 2740,3308 2662,3286 2605,3311 2393,3275 2241,3316 2125,3259 1886,3259 1819,3297"/>
                <Baseline points="1824,3320 1869,3321 1914,3323 1959,3325 2005,3327 2050,3329 2095,3332 2141,3335 2186,3337 2231,3340 2277,3342 2322,3345 2367,3348 2412,3351 2458,3353 2503,3356 2548,3358 2594,3361 2639,3363 2684,3365 2730,3368"/>
                <TextEquiv>
                    <Unicode>ondzwendig nun als en gsin ist, das</Unicode>
                </TextEquiv>
            </TextLine>
            <TextLine id="r6l37" custom="readingOrder {index:36;} person {offset:4; length:4;}">
                <Coords points="1764,3432 1848,3384 1913,3442 2389,3471 2547,3432 2716,3466 2720,3396 2602,3412 2497,3362 2424,3403 2305,3333 2201,3340 2153,3381 1770,3334"/>
                <Baseline points="1773,3383 1819,3383 1866,3385 1913,3387 1960,3389 2007,3391 2054,3395 2101,3398 2148,3402 2195,3404 2242,3408 2288,3411 2335,3414 2382,3418 2429,3421 2476,3424 2523,3426 2570,3428 2617,3431 2664,3432 2711,3432"/>
                <TextEquiv>
                    <Unicode>fur lßen zur erhaltung allür deren</Unicode>
                </TextEquiv>
            </TextLine>
            <TextEquiv>
                <Unicode>Cuminal, Process
u
slomon Rung
auchwie vor zeiten in der
großen orruption und Burdemblig
mit alles fleischens, über welches die
vom simmel sachende herüchtigkeit das
erschröckliche gneicht einer allge¬
aeinen sundflut kommen laßen und
also diß sundtuche gelustzuor in nunm
überschwemmenden waßer ablöschen wol
in gott der Barr dem Roar Furer
haltung seines Haußgesindes und fama¬
lnn benohlen, inm einen lasen zuma
then, In welchem er sich samt densumn
gen vnd übrigen Creatures, welche Gott
das kag dem dat zur fortefanzung
erhalten wolte, alß in das einzige etc.
ceptamium vnd freyßatt ds der ganzug
sult begeben solte, also halt er ime auch
nit dueiger ungescharft, daß er disen
Kaster und alle seine camnen an allen
orten mit sach zerichen solte, ja welches
wol zu bedbachten ist anlendig und
Bßwendig, zweiffels ohn darumb
daß der lasen mrgendis sonder von
tung noch von Ußig har möchte beschädig
gut und an seinen eugen von einanderen
gelößt werden, wordurch dann alle rea
guren In zuvermudenliche gefahr daß
undürgangs und der ersanffung wäh
und gebracht worden, wie darvon zu
lusum e. genes v cap 14. ver.


ondzwendig nun als en gsin ist, das
fur lßen zur erhaltung allür deren</Unicode>
            </TextEquiv>
        </TextRegion>
    </Page>
</PcGts>
