3024 4032
727 586 968 697 Ragigi
736 657 1229 795 Hans ipar
779 742 1130 874 von Bußwyl
504 907 1490 1052 iser Ist, nachdem er serneren dieb¬
482 999 1558 1111 fahlen halb mit bnteüwung der marter
472 1075 1536 1209 examiniert worden wegen gestollenn,
451 1145 1511 1272 sachs schaffen ußf dren monat lang iuch
1402 1225 1493 1285 sen.
457 1219 1478 1362 Schallenwurck erkent worden. Den 3. aug
1318 1306 1480 1434 168.
687 1560 1401 1722 Hans Hoffsteller
433 1736 1511 1889 Mylen Vill Surger an diem Hoff¬
448 1825 1499 1955 Ruttler von Schwarzenburg haben der¬
445 1908 1513 2023 fürstig Warden müßen, Habend ir Ed¬
436 1971 1525 2087 Inn so lang von Statt and Landt Bannisiert
442 2041 1519 2144 biß ersein reditores unnlagbahr gemacht
1037 2113 1081 2164 2
436 2104 1393 2240 haben wirt Den 3. aug 1687
697 2723 1290 2867 amnel Geitz.
367 2887 1512 3027 Wezen diser Mertz mur allzuvill zeit
415 2972 1556 3104 und dermin anhabt, siine sachen raht zuschaffen
386 3050 1523 3187 dahuro ir lut benohlin die ergangenn er
405 3118 1504 3224 kantnus an zme zuerequilrig und demselben
390 3179 1513 3295 den landtsverweisungs and zu intimieren, wo
402 3263 1512 3386 nit und er nit parilrin und das land raumen
405 3321 1450 3452 vill aun den ring anhalß legen und umb
391 3387 1502 3561 Schafllenwerck schmnden gelaßen. At 7. aug
1324 3447 1494 3569 1682
377 3515 834 3653 Dea den 9. dito.
2828 594 2897 689 3.
2041 631 2809 808 Francsis Bendist oder io
1842 811 2782 946 isen von suhren allharo geschinkten
1847 913 2859 1038 frombden landtstreicher habend wradh.
1819 968 2876 1111 Vylen auß zmn mit zubringen gutonsun
1848 1030 2919 1171 sondern gerrückter sinnen zwen geschumne
1847 1115 2870 1239 Ims Schallenternk erkent, und zum ui
1841 1178 2773 1303 schlucht leung Klindlin machen laßen.
1822 1261 2368 1369 acre 13. aug 1689.
2018 1548 2704 1708 Parbli Stumman.
1851 1703 2893 1853 gtet die deß Bertagten diebfahlis
1833 1797 2882 1933 geständig worden alß habend ir dch.
1836 1866 2865 1996 selbige glav vnnd Lang Ims Gullhausen
1833 1946 2892 2060 erkent und die Muller Barbli amb den
1840 2013 2910 2124 infi Cosen furfalt acre 3 septembris 1684
2740 2642 2809 2743 e.
2069 2621 2706 2780 Hans Metschinh
2110 2722 2739 2848 tochter von Grütingen
1846 2849 2917 2994 achdem er ech angehört, was maßen
1840 2949 2883 3069 Hans Bettschins seh tochter von frutigen
1845 3018 2933 3133 nit allein, so vill an aa gewesen, vor etwass
1836 3083 2953 3210 Jahren an Ambsfruch ermordet sondern smit
1790 3140 2951 3261 der Camand angetundten so gnädigen straff
1824 3223 2921 3350 Ammerdar gottlos und diebisch erzeiget auch
1834 3291 2945 3421 von Irem abgeschnidnn ihuman sich Jurs lons
1823 3356 2953 3484 schwangeren laßen und sich alß muhrerer Hewr
1839 3456 2900 3542 gen verdachtig gmnach, dero Mutter dann
