3024 4032
151 2326 455 2436 byt sin zeitn
275 471 369 594 92.
505 596 1398 734 geständig worden, habe aber darin
521 689 1464 800 anders mit bevohlen, als das sein struder
484 752 1458 861 die schriffen an den Burnamseten diuni
508 804 1475 921 Octum, alß unden im Lucheli im obere
517 870 1456 991 gmach bym jangt kißi und im underen
490 941 1454 1046 Korschen den Bettnung also a part thun
523 993 1414 1101 und verwahren solle, damit mann sy
523 1056 1453 1181 nit finden, könne. und darauff das zudoh
492 1123 837 1217 zugerinßen solle.
1283 1195 1381 1273 schon,
505 1224 1418 1357 dorumb er dann also die schrifften jer
506 1294 1430 1414 senkt gehabt, ehe mann zun daßwegen
502 1372 1403 1489 huund gestoßen etc. Solchess seyn auß
510 1427 1409 1538 zeinem anderen morio bescheihen, alß
496 1498 1427 1606 Weilen ott er in seinens Vatteris Hanß
504 1565 1447 1673 kein anwahrsammess und sicheris gehalt
505 1624 1408 1739 gehabt, derolongen erselbige arahm
501 1689 1395 1792 alß ein gnugsam sicheres oit gethan
500 1750 1417 1855 Seyn aber im Lochaben gsin einen ge¬
503 1815 1401 1922 wüßen gersetzten schatt, wie dann zu
484 1881 1449 1997 solchem end er von heren umbgeltnur sein
490 1941 1461 2067 ger habe hinrzig Zaller entlehen wollen
485 2028 1404 2128 an sich zulosen umb die Schriften dann
469 2082 1440 2200 zethen vnd zuverschließen, Haon solche
487 2150 1408 2256 sonsin in sainem ordmari schattli gm
480 2209 1398 2334 habt, aber nit gar zu sicher erachtet
482 2269 1423 2402 und seyn des gäntzlichen dahabens gsin,
481 2354 1392 2472 selbige nach und nach wider in das gn
492 2418 1416 2530 vor zuliffernn de e2. dann Beriiab
457 2485 1425 2600 darim angefangen, und wann nur noch
456 2549 1405 2668 zlngmahl aingbracht währn gehalten
472 2621 1424 2737 worden, so zelle er sy samtlichen wider
477 2694 983 2811 an ir vet gethann.
399 2869 1421 3011 WWorund besäge, das sein Stiunder das
456 2944 1432 3079 Zudelin zerreißen solle, da er doch beharret,
456 3023 1398 3143 das ernu habe verbrunnen sollenetc. Daß
463 3087 1414 3207 Borwb wüße er sich nit mehr zuersumrn,
462 3146 1443 3269 vol wüße er, daß er i habe abshaffen
443 3224 745 3337 sollen.
1544 3448 1610 3520 N3
1802 602 2755 752 Ob sein struder die schriften zuvor nit
1830 682 2822 813 gesuchen und mit darvon geweßn etc. Kein
1834 775 2439 879 a seyn diß ortis ohnschuldig.
1829 853 2827 996 dorumb er den schlißel verborgen und nit
1824 941 2800 1077 alß bald Nemenghl den Rings-Rähten
1788 1003 2830 1120 din That Bekent.Dieselbe seyn zum all¬
1808 1069 2740 1185 zu bedeunklich vorkommen und habe inn
1809 1141 2560 1258 schrenken vnd sacht überfallen.
1762 1255 2784 1396 In welchem zrnck und ender er nachdem
1811 1339 2815 1464 er deß schlüßelshalb Bermes bekantlich
1818 1400 2782 1527 und deßwegen in gefangenschaft gesetzt
1821 1475 2762 1585 worden seinem rruder benohlen, die
1821 1538 2763 1646 schriffen zuverbargen, da erdoch den
1809 1600 2768 1709 schluß selbsten habe madem wunn, daß
1807 1657 2752 1763 Mann etwas In dem Gwolb manglin
1816 1725 2808 1818 thete, mann zum solches billicher maßen
1789 1777 2760 1895 zutrauwen und deßwongen anso schmyfer
2468 1841 2551 1909 6
1822 1850 2254 1959 znn zusetzen wurde
2438 1866 2841 1951 ein gudanben
1807 1917 2842 2015 egind zu anfang gewesen, das wann mann
1807 1980 2815 2092 kenm Schickten hinder zum fnden wide
1804 2046 2812 2161 ins mit zum deso gekinder abgehen worde
1822 2109 2845 2197 und alß seinem bruder benohlen, selbige
1807 2184 2849 2292 zuverbragnen, alß e aber den sachen bußen
1808 2246 2789 2348 nachgesinnet, haben erselbiges al auch also
1813 2310 2810 2418 beschaffen befunden, darowegen die gat
1817 2375 2824 2491 bnkent und seinem Bruder benohle, die
1787 2437 2424 2560 schriffan hinaußzugeben.
1807 2659 2798 2789 ob zun bewogen einen schlüßel zum
1800 2744 2838 2859 gewölb ohnweßend und hinderennks mahl
1777 2799 2801 2936 den aigs-rähten und here aingis rahte
1798 2867 2778 2982 schreibens machen zu laßen, auch wieer
1798 2934 2813 3063 darzukomme, zu das zeit und minlang
1808 3002 2351 3099 sich deßen brdnnt ec.
2494 3016 2783 3122 Der anlai
1797 3064 2771 3183 seyn diser anwosen, daß als herre weist din
1800 3121 2802 3240 dingsrahtschreiberey stell erlanget, habe
1810 3196 2787 3313 udermurcken wuni, daß herr appella
1813 3256 2807 3375 tion-schreiber Gibolet zun by eine dar
1798 3314 2805 3433 schwartze, und sache zm alßo vor zum zu debuh
1809 3380 2777 3492 quierin, also das er lechtlich hhabe urichsim
1632 3414 2828 3566 herren Kriegssschreiber Weiß ist hierüber auch befragt worden
1639 3522 2840 3598 tat aber der bericht geben, daß der apneuationsihr Tei¬
1652 3550 2810 3636 vollet diesen kung bey ihme niemahlen weder tecom
1636 3596 2837 3707 mandiert nach dis commandiert, ist also diße seine entschuldige
1642 3638 2309 3710 ueta herhafft und hete wohl usbleiben mögen.
2029 3660 2689 3716 nein nonen d A. sibollot
