3024 4032
418 521 514 598 234
645 532 1567 652 seines alters by 35 jahren von Statu
650 618 1577 717 dick, mittelmaßiger lenge von dies
642 670 1568 777 lëcht braunen krausen hören, einem
641 739 1570 864 dicken schnontz ohne bart, graude
664 801 1573 934 angeg, eines runden angesichts vnd
643 864 1347 998 ganz schwartz bekleidt.
625 977 1568 1099 der Heinrich seye ein sehe langer
641 1052 1566 1156 mann und geche wegen seiner lenge
644 1103 1550 1226 gantz bugleicht, seye by 34 jahren
646 1172 1565 1295 alters habe glätte schwarte haar
357 1251 418 1335 4
594 1241 1528 1366 und bart, seye braun bekleidt
361 1279 578 1370 der Wilheln
601 1319 748 1385 ahen
355 1345 586 1398 mann von 40
637 1373 670 1421 el
363 1374 607 1434 habe gantz gle
368 1351 1574 1491 weiße habenid er Johannes dan rede gantz eröml
359 1451 694 1504 nem weißgramen.
636 1433 1555 1542 also daß er wenig zu verstehen seye
362 1486 629 1557 Kleid angethan und
656 1494 1547 1608 seines alters by 30 jahren von
350 1526 655 1607 gebürtig zu deßan
351 1571 597 1658 im anhaltische
634 1554 1559 1675 mittelmaßiger lenge, sehr dieken
648 1621 1540 1731 glideren von leichtbraunen haren
655 1689 1558 1807 einem rothlechten schnontz tießen
641 1752 1564 1879 grauwen augen und großen barken
601 1851 1510 1979 weillen keine vernere umbstem
628 1942 1511 2041 nit zu erfahren, ist er hierauf zu
621 1995 1573 2094 der marter geführt auch wercklich
654 2051 1579 2168 uf daß stühli gesetzt worden wolte.
639 2112 1575 2223 aber vernert nit bekennen alß das
625 2187 1571 2261 der Johan Paul Glaßer auch gewüs
630 2245 1570 2346 daß die attesti und Berchli falts
622 2308 1555 2405 seyen, worüt er dan wider an sein
631 2372 1576 2479 ohrt geführt worden und hingegen
621 2435 1035 2539 hernor gebracht.
796 2485 1487 2643 Johan Paul Blaßer.
615 2594 1550 2719 welcher nach ernstlicher ermahnung
310 2661 1540 2791 die wahrheit zurdnd betreüwung der marter
637 2726 1571 2846 wo er solches nit thun wurde, besrage
638 2817 837 2908 worden.
618 2840 1564 2988 Ob er nit helffen dise faltschen scheinen
634 2939 1177 3033 schreiben vnd Siglen?
630 3008 1552 3128 Nem. er habe keinen weder geschriben.
627 3067 1570 3197 noch besiglet, auch nit schreiben oder
624 3155 973 3243 Siglen sechen.
609 3220 1340 3331 Wer dan solche geschriben.
619 3290 1502 3401 Er wüße es nit, er habe sy alßo
488 3300 550 3376 R
635 3349 1532 3454 geschriben und beiglet von dem
621 3418 1106 3517 paur empfang.
1789 3252 1864 3380 12
1807 2360 1871 2494 2
1832 2923 1883 3057 R
2830 404 2927 493 235
1807 459 2884 661 Ob er keine sigell oder ußgestochene
1867 600 2261 727 steinen gesechen.
1883 609 2860 824 er habe wol dergleichen soeinen uf
1900 705 2870 868 dem Tisch in der kleinen stuben zu
1899 786 2881 923 manneren ligen sechen, habe sich aber
1893 829 2843 989 bereden laßen es seyend model.
1859 900 2913 1105 Es könne nit seig, das es ihme unbekant
1880 971 2930 1150 gewesen, daß alle disere sachen faltsch sey
1894 1045 2913 1198 habe sich auch wol einbilden können, das
1887 1111 2915 1256 wan etwas reatisches were, er von
1880 1166 2924 1344 diser so groß machenden brunst wol
1882 1235 2914 1406 hette reden horen vnd daß man ihme
1886 1317 2878 1440 als einem unbekanten solche sache
1887 1371 2950 1507 nit wurdevertrauwet und verpötten
1882 1457 2758 1601 haben in die schlößer zugechen
1897 1536 2895 1686 er habe denen leüthen alzuwolge
1913 1602 2929 1725 trauwet und der sach nit nachgesinet
1904 1668 2823 1794 habe mir die Scheinen niemahle
1883 1730 2870 1870 durch läsen, sondern mir einfaltig
1879 1791 2900 1919 herumb getrag und vorgewisen.
1891 1867 2896 2003 der paur habe ihnen auch darumb
1898 1940 2916 2059 verpotten in die Schlößer zu gechen
1911 2012 2870 2118 weillen sy mir lang vfgehalten
1924 2065 2913 2183 und doch wenig friegen werdent
1893 2150 2905 2278 wer diser haue seyen und wie er und
1923 2235 2908 2346 seine Cameraden beschafen vnd zu¬
1911 2311 2252 2412 beschreiben.
1863 2347 2925 2480 woraufer eine gleiche vßsag gethan
1919 2439 2906 2558 vnd selbige in ihrem ken vnd laßen
1903 2505 2881 2614 Ichesionomia und kleidung beschriben.
1941 2571 2758 2688 vie dererem hieuor gethan
1912 2667 2899 2802 verschunnen freytag habe er gesagt
1918 2753 2889 2843 daß gesumet ware mit seinem weib
1914 2816 2898 2914 in daß scheinthal zu geehen, was
1910 2870 2641 2971 er aldorten sthen wollen
1924 2941 2872 3061 Sein weib habe noch aldorten ihre
1933 3012 2903 3118 Stiemüller und von ihrem vatterlich
1938 3073 2898 3185 erb by 60 oder mehr gulden zu forderen
1911 3148 2915 3261 warumb er sein weib an einem freubden
1931 3211 2819 3320 ohrt eine kindbetterin verlaßen.
1896 3264 2821 3381 waß er machen wollen, er habe mehr
1933 3333 2894 3436 nit als by 2 g an gelt gehabt
1925 3399 2899 3471 die habe er ihre gelaßen und trachtet
1931 3457 2843 3545 anderwertig seine nahrung zu suchen
1924 3514 2888 3592 habe nit vermeint lenger ußzubleiben
1935 3549 2905 3635 als etwan 3 wuchen, biß sy wider werde
1928 3597 2342 3670 eitgechen können.
