3024 4032
339 390 424 526 61.
484 539 1438 665 Darby ertheilte herren Caslan Sultzer disem
538 616 1451 726 bericht, daß er darfür halte, diser seyn
535 674 1504 779 eben der junge, so e zu Bmn gehabt, win
543 739 1483 843 lan er gleichen kamm geführt und auch mit
533 800 1485 904 einem bruch behaffet gewesen, gleiche auch
525 860 1504 969 am übrigen demselben sehr wol, ußart daß iun
505 919 1229 1024 encke, diser sege etwas dinkur
508 1010 1455 1136 Volgents Ist e uff dem Runken nochmahlen
516 1084 1443 1193 vintiert worden, hatt aber nichts onfenden
507 1152 1456 1267 Wurden mogen, daß ninmm gebracten zin¬
513 1220 984 1335 gen ahnlich gewesen.
427 1430 1464 1547 Anns so der Setzen auch gekomen an den
509 1524 1465 1636 piecte compert, den Vnommnten lapuie
1360 1586 1452 1644 gln
296 1577 449 1671 sierte
500 1602 1456 1706 Welcher über nach beschriben interrogala vol¬
277 1654 472 1745 Comper.
496 1659 1014 1773 gunde quiloert gegben.
461 1730 1496 1870 Ob e nit auch zu Gauff gefangen. F. lin
461 1832 1471 1947 Ob er nit mit tagnes kambert und quiton
485 1902 1439 2003 me Voberi zu Otlmansingen ankommen.
457 1968 1432 2077 R Rein. Seyn nützig daselbsten an
470 2031 1426 2140 gelanget und annn die übrigen ganz
479 2098 1426 2222 nüt, so wider den mitzburgischen be
468 2162 603 2279 nich.
439 2245 1395 2389 Ob er nit vom  uggiserger, begehr, das
460 2331 1453 2428 er dem vymert fur die randen einselben
457 2398 1423 2522 machen solle. H kein. So auch wider
426 2483 721 2557 den Berich.
430 2573 1446 2699 Ob er nit zu zum Buggispnrger gesagt sein
417 2648 1420 2750 e namlich Tormenten Wurdes Bald an¬
436 2720 1423 2838 komen und denzumahlen alleis bezahlen.
430 2784 1432 2903 Rein habe solches nit gesagt, habe kein
437 2849 1426 2969 nen anderen herrin und mr alß golb und
410 2917 1474 3006 seinen valter habe brunden mit ff andern
418 2994 1436 3091 ein nate Bein genoßen und etwass Brollis und
417 3050 1436 3154 gesantzens flüßh, daran in sein ihrli selbig
414 3123 1396 3248 bezalt wur aber die aendern gewesen
383 3180 794 3286 Danb wüße er nit.
381 3255 1407 3383 Ob k nit von Allmansingen in das daß
379 3348 1389 3472 aiglen gegangen. 2 erti seyn mi
1725 1617 1802 1721 6
1582 1744 1783 1852 Guillaume
1604 1830 1772 1917 uberte
2819 381 2899 455 63
1826 492 2950 666 mahlen auß dem dorff kommen. Wider antzen berichen
1804 575 2923 759 Uber die Weiteren interrogata Bleibt ergänz.
1830 666 2867 803 lichen by seiner hinvor anderem 27. april.
1812 759 2404 895 Entschin gegebner außag.
1811 810 2929 979 Aher fum auch das Mitlern danin fißen an¬
1810 872 2941 1054 gesuzt und hernach dremahl lahr uffgezogen
1822 950 2894 1112 auch mit angehenektem zunffziglogen soin
1833 984 2872 1178 noch weiters beeretot worden, aber nit
1797 1070 2870 1230 das geriengste anders auß zum Zubringe
1812 1195 2014 1301 gewnsen.
1800 1191 2854 1404 So It aum auch sein runken durch den Me¬
1813 1276 2923 1421 Baus besitziiget aber darann nüt versachen
1818 1377 2390 1504 zgmb anfunden worden.
1799 1564 2806 1741 hernach hatt die Lehr getroffen den
1806 1662 2782 1787 qillaume vimert, Welchen, nach dem
1806 1715 2889 1857 zum repriesentieren, daß Er zum longen sin¬
1810 1795 2908 1941 ner großen hartmuntigtins große und schwaln
1804 1876 2901 1987 Marter uff den halßZiechen werde mann
1810 1956 2016 2052 befrage.
1786 2005 2890 2136 Ob k nit mit pierre compert und Jagues
1795 2071 2808 2199 ambert zu ollmansingen angelanget.
1798 2134 2858 2262 R. Hein, seyn daselbsten mügig alß e
1798 2218 2872 2325 von Lusern kommen und daselbsten arbend ge
1778 2282 2878 2400 sich aber keine findenkönnen, ankomen
1786 2347 2899 2463 munn den Pierre compert gar mit, vnße
1795 2410 2903 2530 nit ver erseye den jaques cambert an
1787 2479 2825 2585 durst auch nit, alß das a zu Bargdorff
1789 2534 2871 2644 mit zum ein halbe getruncken und hernach
1784 2600 2856 2733 bridersumb gefäncklich, auß was ursachen
1765 2669 2858 2804 wüße a nit, alß sy aber die Bregg gemalt,
1768 2728 2607 2866 angenomen und mngesezt worden.
1741 2822 2902 3012 Ob hierre compert oder ein anderer by¬
1762 2927 2908 3086 dem Huggisourg angehalten, daß er ime für
1913 2986 1974 3026 14
1757 2977 2855 3147 sein gäzigkeit min salben welchen sein her
1764 3047 2861 3207 nach kommender mr bezahlen werde, machen
1753 3128 2893 3301 solle. . Alemn, sondern d selbsten habe inn
1739 3187 2908 3360 Guggiswrger darumb erucht aber von kannn
1744 3266 2856 3439 Meister nüt gesagt, dann er habe kunnen alß
1760 3349 2109 3462 einen Paltur.
