3024 4032
362 508 468 602 55.
380 832 445 944 3.
492 525 1464 697 ie sein hrr zeita fr heiße Marii Maediler
487 598 1408 762 Henis Maidelet ernmb Ranzten tochter hin
494 728 777 814 der Fruyburg.
481 727 1444 904 vo und vin die magd zu zmm kommen f sein
490 795 1439 943 ger habe selbige zu Tewenburg, alß sy kind
486 861 1420 1029 butterin getonsen von dem la pontame be¬
495 911 1389 1051 komen, volgentis den jahr by ime gsin her
482 958 1432 1096 nach bezalt und von ume gangen vor andert
487 1023 1374 1159 halb Jahren aber wir zu Schluttstatt wader zu
492 1135 699 1215 in komen
487 1138 1400 1291 16 k nit inserzeit ein kouffert oder fistolm
484 1219 1414 1372 by ium getragen fl Lein häbe ninmahln
391 1249 436 1339 4.
490 1311 939 1411 nine by ium getragen.
473 1325 1373 1463 Ib das wird, so seine nagd deß pertiis hrren
383 1414 421 1480 5.
478 1415 1321 1545 geben nit sein und e deß kindus
475 1461 1297 1571 palleris seyn, auch das gelt geben habe,
475 1514 1369 1636 2 Wüße woeder vom kind noch gelt gar uid
443 1598 1411 1745 worumb er zu Anttburg habn außwißen sollen
368 1641 412 1738 6.
441 1670 1332 1794 2 Weilen mannzen fuchgeschultee wens zu
449 1741 1157 1837 nacht in seinem reht argriffen.
453 1796 1332 1922 ob a lande Sappeltari ca quie e
380 1843 412 1929 1
445 1860 1347 1982 nüt gekent habe. e. Kein habe sy nim
449 1949 772 2043 mahlen gekent.
336 1988 1332 2102 S. Werseine Mit derhattaln seyndtkummn sy nit.
417 2067 1368 2169 Ob Er kenmn Cameradem oder dinner haben
344 2113 389 2201 9.
441 2125 1360 2247 z Kein, seye ain Kauffman handle für
415 2209 639 2286 Inn selber.
423 2226 1393 2369 ob e nicht zu Genff zu stern und annam
303 2284 396 2351 10.
423 2321 1368 2422 ortun Burmeis in gefangenschaft gewusen.
417 2368 1329 2494 zoklem, seyn inder zu Hunß zu Sen
412 2449 1324 2548 noch anderer orten jemahlin gefangen
409 2522 598 2621 gewesen.
422 2581 1334 2699 bk mit Nordthatun, filonturigen und
302 2629 365 2698 1.
415 2663 1317 2774 Andern Bubenfurkh graubt. . Nem
400 2700 1373 2834 habe deß ortet ein ggull gewüßen und kabn
405 2783 1359 2900 ninmanden aunch unracht guthan oder et
403 2852 869 2963 war uids zugefügt.
394 2951 1355 3070 A als so innig von nnn, alß von inner
407 3026 1018 3136 nagd zuenhalten gewesen.
396 3105 1380 3183 Weilen nun zu zweyen functen der neie
413 3172 1404 3283 und die nags in über einkünten, alß nam
391 3238 1418 3349 lichen daß den nagd außagte sy sege zu
392 3296 1351 3413 vor latsen So Johannes sag und zwar zu
1648 2437 1733 2516 n
1534 2795 1733 2899 d 24. jahri.
2621 407 2732 499 56.
1726 544 2688 714 ollmar wider zu zum kommen, hingegen e
1722 641 2811 755 eb werde jnh tüftigen st Johams Tagis anderthalb
2419 682 2780 794 snd denn i3
1725 719 2348 815 Jahr sein vnd zu Schlelltatt
1711 731 2764 865 a nemahlen kum tuffert oder fistolen mit zum
1731 787 2770 917 getragen haben will, da hingugen sy selbigen
1725 846 2790 958 am abend zuvor, da sy übernachtet ihn sy ge
1727 883 2731 1023 fangen worden, sy selbigen im Wihrtshausen
1732 925 2797 1096 uy seinem zug ligend gesuchen und wol nkent
1723 996 2779 1141 habe, daß iss seinen seyn e. alß sind selbige
1700 1062 2773 1190 diß ortis gegen einandernn onfrontiert worden,
1694 1116 2797 1249 Da dann in formentin uf dur magd nachar
1715 1167 2795 1318 daß demme als seyn sich dahin außhauben vill
1692 1237 2768 1379 daß er sich der gug und deß ortb, da die magd
1731 1289 2783 1434 soder zu zum nommen nyn nit mehr wol racht
1708 1349 2794 1482 zubusmen wüße, deß andern enneuubgen
1729 1406 2805 1536 dare sy sich, dann derselbe seye nit sein, sonderrn
1694 1451 2798 1598 Den sattaten, so miti der stuben gsen, gewesen.
1746 1659 2796 1794 niig nun auch bericht geben worden, daß
1728 1732 2809 1858 vor niwaib dahrin de Trouppe Buntellschnni¬
1740 1801 2784 1918 der zunauff seyind mdagent und müge
1743 1859 2776 1976 setzt worden, darunder er Tormentin auch
1725 1905 2787 2036 einer gewesen sam solle und elm sich diß
1732 1966 2794 2073 mahlen zum befindende herrn franignn, alß
1730 2027 2832 2135 Welcher mit vnd neben andere in cocdminaro
1729 2087 2833 2218 gewesen um soll und herr kward um kauffhe
1731 2170 2817 2281 sy noch wol munen werde, also sind selbigeer
1733 2220 2826 2331 acht worden, sich in die gefangenschafft zuaheben
1745 2285 2787 2398 umb dise güllen zu besihigen, Nachzung
1745 2350 2838 2461 eldige nin aschinnen und den einte und andern
1732 2410 2796 2531 vorgefuhrt worden, Soll h. ward umnm¬
1727 2479 2775 2591 guntlichen berich wegen junge darzeit und
1739 2544 2805 2652 gwachhent seiner gedachtumb zhugeben getuß
1731 2607 2811 2699 sich darby uff herren franwgen brzinchund der
1733 2663 2827 2778 selbe aber hatt aißbald, alß er disers for
1742 2734 2818 2843 mentig ansichtig worden gesagt, daß edran
1738 2799 2818 2909 auch einer gewesen, so zu kunffwegen der
1741 2863 2833 2973 sächtigen seellelschmeidungs seynnd uuge setzt
1738 2924 2771 3037 und neben andern dem volck vorgestelt und
1741 2987 2780 3102 henach Huß der statl verwisen worden, haben
1733 3054 2834 3183 sich damahln auch Pioere Formentin genam¬
1732 3111 1796 3186 ub
1746 3158 2851 3323 eyn zwar Lings voth überzüget gsin, sondern
1742 3243 2764 3378 alß kagt Borden, daß an einem mahrit
1742 3315 2873 3443 a laslare de Moulart underschwinliche Coupeus
1736 3383 2828 3504 de Bouches vorhanden seyind, habe mann alß
