3024 4032
310 336 421 463 59.
386 499 431 584 2.
499 434 1455 643 Aß E auch hinr zu gefangenshatt gelochen
498 554 1436 686 Vnd nach seiner ledig cadunat einem ge¬
493 610 1419 725 wüßen herren althier ein Uhrli gegeben
487 667 1419 790 daz fur kzum seches oder Siben Thaller
485 719 666 832 bezalt.
453 828 1430 963 Seyn zwar zu Verhog etwan zwum no¬
352 865 414 940 3.
478 913 1448 1026 nat gewesen, aber zuvor ihn er zu Hunß
472 974 1424 1096 In gefangenschaft wmen, warnach aber
479 1032 694 1132 einmahln.
351 1153 471 1236 4
470 1102 1406 1239 Din Uhrli habe er erhandlet von einem
476 1204 1463 1323 Wemacher zu Vethon Nammus Augusts
469 1280 599 1356 1er2.
342 1375 407 1454 5
442 1337 1445 1475 habe zu Hensf im junger knab gehabt,
460 1429 1417 1531 namumb antsoine randant von Ehon
450 1492 1424 1604 von 14 Jahris alturis, 5 tum sein ank gu¬
453 1558 1397 1678 kagen und hernach sich wider dß egon
443 1631 701 1728 zugemacht.
352 1712 411 1807 6.
415 1717 1332 1844 habe vor einem jahr ein fahr zusoglen
437 1798 1355 1912 hinder Nuwenburg by dem Stachsin
418 1866 1352 1984 schmiden zu traders zumachen der¬
423 1937 1378 2061 ringet, und ein Kaller darauff gegeben
424 2005 1372 2121 welche er aber sidmhar nit gehalt, undlen
406 2066 1298 2185 k niemahlen nicht der inden getesen
331 2168 1381 2276 I. Habe by dem Bihet de Decla hart zm
409 2238 1387 2358 der Ruwenburg etwann by funffmahlen
415 2307 1337 2422 logiert, und sein Fel und Nagd etwan
406 2373 724 2491 by drnymahlen.
386 2479 1398 2589 AInm aber die hinuorige interrigata
391 2559 1326 2644 longen deß Pierre deegons, Manueles
406 2617 1382 2728 Dappellards, deß ca pure, deß Kindts
391 2686 1346 2790 Bontferts, seiner ameradin, Vin auch
355 2726 1402 2855 der nordthaten und filonterngen vorgehalten
381 2808 1414 2929 worden Hall a selbige nit nur vor- sonder
388 2866 1374 2996 by angewoundter Marium per negalivam
375 2938 1402 3035 onantwortet, und mit anders Bukmunn wollen
381 3000 1401 3131 alß geßen agegenwartig hatt können über
365 3086 706 3183 zuge Wurden.
339 3123 1387 3276 in dann uf sein beharliches vermunen imm
348 3212 1345 3329 zuwist das mitlarn Hanmißen angelege
370 3287 1363 3407 und darmit gezeüßet, Hernach die Hand
1551 1790 1708 1881 sieire
1549 1868 1718 1953 formen.
1587 1930 1667 2005 ten.
2728 351 2837 459 60.
1733 538 2821 716 hinden zusammen gebunden, das seill ange
1757 576 2860 767 macht Den 75. togl sein auch an die huß gehanet
1761 643 2862 810 und iun, darmit betrewet, mit uffziechung aber
1758 715 2828 888 für dißmahlen wegen seinens rriches velen
1754 777 2810 927 begen herrre doctor jngs deß jungern so auch
1732 831 2785 1027 zugegen, berichtbech Zinlich Jahnalisch vnd
1751 885 2824 1078 gefahrlich, angehalten dargegen aber nach
1749 931 2816 1129 ammah mit dem danmußen angesezt
1930 1005 2847 1189 Darby nit für dißmahlen Berbli
1767 1098 1934 1201 Bordun
1740 1062 2850 1242 ben und er sich boßhaffer weis darby verselt,
1755 1155 2837 1307 alß wann an in ohnmachimn auge. acre mon
1761 1253 2389 1384 tagis den 7. mai 1685
1699 1496 2869 1680 und zinstag nach mittag Ist das Laumenb
1756 1601 2809 1760 fortgesetzt, vnd dem pierre tornentin
1749 1655 2836 1811 und vorgangnnes anttigen zusprachen über
1747 1716 2836 1859 dinuorige ttt an inn quirnten Interrogala
1741 1791 2859 1930 Weil auß denn zur hand gebrachten a 1679
1742 1855 2838 1996 an in d abgelaßung schreiben von Winnis
1746 1913 2864 2052 und darauff erfolgter oberkeitlichen abant
1748 2005 2782 2112 umb mhhl die examinarorius befunden, das
1725 2060 2842 2171 diser pierre hormenten wegen zu Elenßach
1738 2125 2844 2207 an einm marit zueubenn vnd darob edarse
1738 2184 2835 2296 Dilonsüekli und Beütelschmidens zu Bunns
1750 2243 2784 2358 bereütes außgeschmeist, gezeichnet und mit
1728 2309 2788 2425 dem eyd nach ausgestandener marter daß
1744 2376 2806 2496 landes verwisen und gugen die Wallißischen
1741 2438 2803 2568 grentzen gefuhrt worden seyn, noch Conituris
1741 2509 2219 2619 vorgehalten worden.
1723 2582 2822 2728 Ob er nit etwan vor siches jahrin, sich zu ellen
1745 2671 2806 2779 bas an einem mahnt uinbefunden, daselbst
1738 2726 2775 2830 fioutiert, darüber erdart, nach Nimus
1734 2790 2767 2920 geführt, dasehbst außgeschmeizen gezeichnet,
1731 2843 2700 2952 und deß laurus gerwisen worden seye.
1706 2919 2728 3034 Hatt aber solches alless grumnnt, und in
1702 2966 2787 3107 Juma nit das geringse weitens bekantlich
1748 3037 2799 3168 ein wollen ohngnach, e zum zweitenmahl
1739 3116 2804 3239 jahr zum Drittin aber mit dem 25. tag sonm
1740 3166 2688 3281 uffgezogen und darmit torturiert worden.
1718 3238 2830 3376 bin gegenwart herre Caßlan Sulzers he sammel
1729 3307 2805 3439 zihunders herre Bantahl Weittinbachs und viller
1738 3373 2408 3472 anderer mhl der Burgern mehr.
