3024 4032
349 396 437 527 27
474 467 1535 628 ohngnacht nun er peliena iun formentin vie
548 554 583 606 d
503 553 1533 711 underschedenliche parliclitariteten dan 6y zun
496 616 1526 749 geführten dihwurhen, deß octib, der pürsohnen ec
488 690 1513 796 alem daß er muhr alß 40 mahl mit zum getei
502 745 1514 849 ken vnder Lormentin drun ilbarnn tasseo
496 804 1521 934 er gesagt selbige zu Egon gekapfft zu haben, b
1057 871 1292 927 solgehalte g
487 860 1459 980 tnn gehabt und war mihter so hatt in
467 930 1504 1053 vnndt danselben nicht imnem noch znmahlen
523 1008 559 1047 14
482 997 1519 1127 by inn eingelehrt sein wollen, sondern alle a
488 1065 1272 1188 in ambstand gäntzlichen verlangent.
466 1224 1514 1364 Gluchermaßen hatt is auch übrige ohngnch
471 1318 1501 1438 zum allerlen vorgestelten umbstanden nit un
465 1383 1458 1494 wollen, vnnt dem danid omtesse Armu
485 1448 1449 1569 alr, welchem er geständig worden ein fahr
479 1512 1452 1623 für ein bruder so eientenant zu sloß
458 1590 1449 1698 aag s zum Comtesse abur dazumahlen gusag.
452 1648 1461 1767 eyn kandtman seyn umb acht halben sc
452 1707 1468 1829 schwegen jahren aberhandlen und ein fahrsin
459 1779 1434 1891 alen e umb selbige nach zlongen No¬
462 1835 1443 1941 nahm zu Rocdefort by dem Jacobin abzu
451 1908 1277 2023 holi zumachen anzerdingt zu haben
450 2022 1467 2153 udr sinfragen, wo E. formenten mit dem Juhi
442 2101 1439 2217 hinkomen, ob er selbigen seinem bnder zu
433 2168 1443 2285 anbrecht habe. R. Num, Habe selbigens zu
427 2240 954 2333 Sedan widerderhandlick.
397 2328 1451 2462 worumb er din Pisolen uff beseinen zeit nit abe
436 2416 1413 2526 halt h Babe sich humchar zm phaß usgehalten
441 2472 1012 2584 und sege mit der enden gsuin¬
378 2621 434 2721 N
434 2602 1402 2741 Caria Sahn dann die Magd, st von dem
413 2690 1455 2808 Sart, campert vnd der Jacobin für deß Formen
225 2722 347 2803 Jahn.
424 2758 1419 2845 linh nagd erkent worden. Wüßend aber von
422 2835 781 2940 fra nüt zugügen.
344 2920 1450 3067 Alß herre Compert ist vorgestelt worden guge.
413 3021 1386 3122 in Beruard Gelienk, daß ins eben diser
418 3086 1398 3191 eyn, so mit seinem Meiser dem formentin
226 3109 384 3199 ompert
406 3147 1392 3243 und der Magd von verhag zururk kommen und
391 3221 1402 3333 damahlin ancdowe gement Worden und habe er
383 3281 1102 3382 formentin iu inn aompert begalt.
386 3328 1442 3444 canxampert dann, daß er seun gesuchen von andere
398 3397 1444 3520 alb Jahre deß Formenrins Pfard in dem Beyd führen
1491 3335 1610 3438 hahn
1810 589 2802 735 und habe mit anderen mit zallerin blallen
1805 686 2005 774 geschoßen.
2126 685 2848 779 Seye aber nit der la puce son
1804 743 2459 838 dem dersulbe sey min andurer
1768 819 2838 945 Anne marie Jacobin bezügete auch, daß sy
1799 897 2812 1001 zun zu rocspfor by seinem meißer for
1795 957 2274 1068 mentin gesuchen habe.
1786 1065 2845 1179 Ohngnacht nun dise drey persohnen zum conpert
1796 1130 2799 1244 solches alles mit seinen umbständen ander das
1789 1201 2827 1312 gesich aehalten. Hatt er dennoch allen dar
1799 1262 2839 1363 ammat nnd verlaugnet, darby agend, sy wurden
1777 1309 2847 1430 Inn fur ein andern numendangs seye ui cbta
1789 1369 2809 1481 nimahlen zinr am land gsin alß dißmohnen
1783 1440 2819 1562 alß er von zunff kommen und einen binder
1792 1502 2819 1598 achen wollen, wüße mar nit, vo rewembwag
1789 1566 2233 1657 und übrige 82t seyn
1790 1660 2830 1800 n us auch suf Maria Jahn Confronriert
1797 1734 2830 1852 und buflagt worden. Ob es diem compert
1787 1806 2833 1888 nir mennn ob e mit deß hormentins dunn
1790 1864 2797 1969 en und ein waad gefulleret ader gewindet
1786 1930 2184 2034 habe f Rein
1781 1994 2774 2101 snm ob compert nit den knab seyn, so von
1780 2064 2730 2175 versor mit zum nacher roedesort gangen
1780 2125 2806 2225 ob dier comper nimahlen bysinmem m
1762 2185 2805 2309 gsin eyn. Hatt alles hermmmet wider dass
1775 2249 2839 2360 enhaltn deß Barts xamperts und den Jacobe
1756 2387 2778 2498 prard. Campert iumet vnd Linet dann
1769 2461 2756 2584 Woilivon dien fursohnen nit erkent werden.
1703 2537 2277 2642 Acte 19 may 1685.
1735 2716 2770 2857 hnr welches so hartnenkige und ohnterschamte
1757 2803 2738 2930 langen in sahen, darun sy sudiiert vnd
1751 2866 2768 2971 überwisen und habend z g Nummachhl den
1746 2917 2826 3060 Eaaminatornn in bemelch geben, mit scharifer Narten
1742 2988 2725 3129 gegen solchem schendlisen gsind zu venfahren
1705 3066 2765 3177 Sudolg deßendann sy sich ohngesamnt) den
1741 3119 2749 3243 Joranki thuen verant und an bysein daß
1730 3185 2734 3318 hrren ult Jog Sammel von Nuraltib herren uann
1733 3259 2732 3368 kilchwarger heren rommihrt übraham Dinkb
1731 3322 2711 3456 und Miller anderer meinhl der giagerin
1724 3393 2744 3525 mehr. der magd Naria Gähr meßworug
