<?xml version="1.0" encoding="UTF-8" standalone="yes"?>
<PcGts xmlns="http://schema.primaresearch.org/PAGE/gts/pagecontent/2013-07-15" xmlns:xsi="http://www.w3.org/2001/XMLSchema-instance" xsi:schemaLocation="http://schema.primaresearch.org/PAGE/gts/pagecontent/2013-07-15 http://schema.primaresearch.org/PAGE/gts/pagecontent/2013-07-15/pagecontent.xsd">
    <Metadata>
        <Creator>prov=University of Rostock/Institute of Mathematics/CITlab|PLANET AI GmbH/Gundram Leifert/gundram.leifert@planet-ai.de:name=German_Kurrent_XVI-XVIII_M1(htr_id=19584)::::v=2.6.7
prov=University of Rostock/Institute of Mathematics/CITlab|PLANET AI GmbH/Tobias Gruening/tobias.gruening@planet-ai.de:name=de.uros.citlab.module.baseline2polygon.B2PSeamMultiOriented:v=2.6.7
prov=University of Rostock/Institute of Mathematics/CITlab|PLANET AI GmbH/Tobias Gruening/tobias.gruening@planet-ai.de:name=/net_tf/LA73_249_0mod360.pb:de.uros.citlab.segmentation.CITlab_LA_ML:v=2.6.7
Transkribus</Creator>
        <Created>2021-03-11T13:59:03.116+01:00</Created>
        <LastChange>2022-09-12T15:02:44.111+02:00</LastChange>
        <TranskribusMetadata docId="1334840" pageId="52361770" pageNr="28" tsid="114643562" status="IN_PROGRESS" userId="9570" imgUrl="https://files.transkribus.eu/Get?id=YVGXWXRFRIVHISAXHRWCZTHD&amp;fileType=view" xmlUrl="https://files.transkribus.eu/Get?id=EZPMHKQPUWEDMREJKBDENVYB" imageId="19038624"/>
    </Metadata>
    <Page imageFilename="B_IX_485_Seite_028.jpg" imageWidth="3024" imageHeight="4032">
        <ReadingOrder>
            <OrderedGroup id="ro_1687513681354" caption="Regions reading order">
                <RegionRefIndexed index="0" regionRef="r1"/>
                <RegionRefIndexed index="1" regionRef="r2"/>
                <RegionRefIndexed index="2" regionRef="r3"/>
                <RegionRefIndexed index="3" regionRef="r4"/>
                <RegionRefIndexed index="4" regionRef="r5"/>
            </OrderedGroup>
        </ReadingOrder>
        <TextRegion orientation="0.0" id="r1" custom="readingOrder {index:0;}">
            <Coords points="282,2086 282,2294 417,2294 417,2086"/>
            <TextLine id="r1l1" custom="readingOrder {index:0;} person {offset:0; length:5; continued:true;}">
                <Coords points="275,2200 286,2202 296,2192 325,2197 343,2190 360,2201 386,2193 401,2201 408,2195 425,2197 424,2143 386,2160 377,2154 362,2157 352,2147 322,2146 302,2128 275,2135"/>
                <Baseline points="282,2187 309,2187 336,2187 363,2186 390,2186 417,2187"/>
                <TextEquiv>
                    <Unicode>Maria</Unicode>
                </TextEquiv>
            </TextLine>
            <TextLine id="r1l2" custom="readingOrder {index:1;} person {offset:0; length:4; continued:true;}">
                <Coords points="291,2286 309,2280 326,2264 339,2270 360,2269 380,2249 395,2259 409,2257 408,2213 388,2208 372,2194 360,2201 346,2191 325,2198 289,2192"/>
                <Baseline points="297,2244 323,2243 349,2243 375,2243 402,2241"/>
                <TextEquiv>
                    <Unicode>zahn</Unicode>
                </TextEquiv>
            </TextLine>
            <TextEquiv>
                <Unicode>Maria
zahn</Unicode>
            </TextEquiv>
        </TextRegion>
        <TextRegion orientation="0.0" id="r2" custom="readingOrder {index:1;}">
            <Coords points="363,436 363,586 423,586 423,436"/>
            <TextLine id="r2l1" custom="readingOrder {index:0;}">
                <Coords points="357,571 368,571 377,579 384,579 395,568 404,570 415,559 430,560 430,467 390,476 373,471 365,478 357,478"/>
                <Baseline points="363,536 393,536 423,536"/>
                <TextEquiv>
                    <Unicode>4</Unicode>
                </TextEquiv>
            </TextLine>
            <TextEquiv>
                <Unicode>4</Unicode>
            </TextEquiv>
        </TextRegion>
        <TextRegion orientation="0.0" id="r3" custom="readingOrder {index:2;}">
            <Coords points="419,503 419,3360 1439,3360 1439,503"/>
            <TextLine id="r3l1" custom="readingOrder {index:0;}">
                <Coords points="498,616 586,632 621,595 816,554 975,579 1131,524 1349,558 1354,468 1076,502 905,461 775,512 563,507 491,542"/>
                <Baseline points="504,605 546,598 588,592 631,585 673,579 716,573 758,566 801,561 843,556 886,549 928,544 970,540 1013,537 1055,534 1098,531 1140,530 1183,530 1225,530 1268,531 1310,534 1353,539"/>
                <TextEquiv>
                    <Unicode>ob e nit bereitis vor einem jahr mit</Unicode>
                </TextEquiv>
            </TextLine>
            <TextLine id="r3l2" custom="readingOrder {index:1;} person {offset:4; length:15;} person {offset:23; length:9; continued:true;}">
                <Coords points="499,677 1017,592 1181,640 1234,599 1344,585 1341,555 1219,569 1131,524 975,579 856,581 817,554 590,633 492,617"/>
                <Baseline points="504,668 545,661 587,654 628,648 670,641 712,635 753,629 795,622 837,617 878,612 920,607 962,602 1003,599 1045,595 1087,592 1128,589 1170,588 1212,587 1253,587 1295,587 1337,588"/>
                <TextEquiv>
                    <Unicode>dem perre Lormentin by Christian</Unicode>
                </TextEquiv>
            </TextLine>
            <TextLine id="r3l3" custom="readingOrder {index:2;} person {offset:0; length:11; continued:true;} place {offset:15; length:12;}">
                <Coords points="494,744 721,738 852,669 1001,703 1129,649 1376,690 1429,666 1423,600 1349,574 1273,622 1056,638 926,612 488,684"/>
                <Baseline points="500,731 546,723 592,715 638,707 684,699 730,691 776,685 822,678 868,672 914,666 960,662 1006,657 1052,654 1098,651 1144,649 1190,647 1236,645 1282,645 1328,647 1374,648 1421,651"/>
                <TextEquiv>
                    <Unicode>Buggizerger zu Ollmansingen eigekehrt</Unicode>
                </TextEquiv>
            </TextLine>
            <TextLine id="r3l4" custom="readingOrder {index:3;}">
                <Coords points="485,799 652,768 744,793 816,739 1441,724 1424,671 1230,694 1131,649 1061,700 936,682 627,751 481,745"/>
                <Baseline points="492,792 539,783 586,772 633,764 680,756 727,750 774,742 821,736 868,731 915,727 962,722 1009,719 1056,717 1103,714 1150,713 1197,711 1244,710 1291,710 1338,710 1385,710 1433,711"/>
                <TextEquiv>
                    <Unicode>dasulbs mit einem anderen mit einenkunß</Unicode>
                </TextEquiv>
            </TextLine>
            <TextLine id="r3l5" custom="readingOrder {index:4;}">
                <Coords points="509,874 680,810 820,798 876,833 1009,785 1163,770 1273,804 1418,778 1413,725 1168,717 1069,761 930,732 819,763 731,743 629,803 502,792"/>
                <Baseline points="513,842 557,834 602,826 647,819 692,813 737,807 781,802 826,797 871,793 916,789 961,784 1005,782 1050,778 1095,776 1140,774 1185,771 1229,770 1274,767 1319,766 1364,764 1409,764"/>
                <TextEquiv>
                    <Unicode>sfundter blatten geschoßen und dazumahl</Unicode>
                </TextEquiv>
            </TextLine>
            <TextLine id="r3l6" custom="readingOrder {index:5;} place {offset:4; length:10;}">
                <Coords points="507,919 629,884 695,924 745,871 788,893 860,857 953,875 1114,839 1174,881 1228,833 1381,819 1425,845 1442,781 1265,803 1158,771 874,833 811,800 755,832 613,825 504,886"/>
                <Baseline points="513,902 559,894 605,887 651,880 698,873 744,866 790,861 837,856 883,852 929,847 976,842 1022,839 1068,836 1114,833 1161,831 1207,828 1253,827 1300,825 1346,824 1392,824 1439,824"/>
                <TextEquiv>
                    <Unicode>eie Buggizurch ein schaff mützgen helffin</Unicode>
                </TextEquiv>
            </TextLine>
            <TextLine id="r3l7" custom="readingOrder {index:6;}">
                <Coords points="503,979 910,916 983,968 1166,894 1405,917 1432,908 1428,851 1323,877 1245,833 1172,882 1106,852 1066,876 852,862 605,929 498,915"/>
                <Baseline points="509,965 554,957 600,950 646,942 692,936 737,931 783,927 829,922 875,918 920,914 966,911 1012,909 1058,906 1103,904 1149,901 1195,899 1241,898 1286,896 1332,894 1378,893 1424,891"/>
                <TextEquiv>
                    <Unicode>vermemnet diß alleis ohngeacht Dem lntz</Unicode>
                </TextEquiv>
            </TextLine>
            <TextLine id="r3l8" custom="readingOrder {index:7;} person {offset:10; length:6;}">
                <Coords points="505,1054 708,999 792,1015 830,984 931,1015 1093,962 1202,1000 1236,963 1413,957 1410,917 1366,901 1269,937 1117,901 1023,954 837,923 787,963 612,952 502,1003"/>
                <Baseline points="510,1023 554,1016 599,1008 644,1003 689,996 734,993 778,988 823,984 868,981 913,978 958,977 1002,974 1047,971 1092,969 1137,966 1182,965 1226,962 1271,959 1316,955 1361,951 1406,947"/>
                <TextEquiv>
                    <Unicode>magischen Berich drey Lndtschaften solches</Unicode>
                </TextEquiv>
            </TextLine>
            <TextLine id="r3l9" custom="readingOrder {index:8;}">
                <Coords points="492,1086 581,1103 621,1064 781,1052 831,1090 889,1037 955,1069 1120,1027 1215,1057 1381,1030 1404,959 1283,955 1172,999 1092,962 934,1015 875,987 789,1017 707,1000 654,1039 490,1058"/>
                <Baseline points="498,1077 543,1071 588,1065 633,1059 678,1056 723,1051 768,1047 813,1044 858,1041 903,1038 949,1035 994,1033 1039,1031 1084,1029 1129,1026 1174,1023 1219,1021 1264,1017 1309,1015 1354,1011 1400,1007"/>
                <TextEquiv>
                    <Unicode>begegen und dazumahlen win auch jnzund</Unicode>
                </TextEquiv>
            </TextLine>
            <TextLine id="r3l10" custom="readingOrder {index:9;}">
                <Coords points="498,1157 583,1132 645,1155 696,1113 837,1099 892,1124 1081,1117 1140,1091 1135,1029 1091,1057 1027,1038 996,1068 889,1037 833,1086 785,1063 663,1067 495,1121"/>
                <Baseline points="504,1139 535,1134 566,1128 598,1124 629,1119 661,1115 692,1111 724,1109 755,1106 787,1104 818,1101 849,1099 881,1098 912,1096 944,1094 975,1092 1007,1091 1038,1089 1070,1087 1101,1086 1133,1083"/>
                <TextEquiv>
                    <Unicode>asun geminet Vorden sugn.</Unicode>
                </TextEquiv>
            </TextLine>
            <TextLine id="r3l11" custom="readingOrder {index:10;}">
                <Coords points="476,1233 640,1249 762,1205 854,1221 1206,1171 1388,1187 1385,1111 997,1106 815,1167 736,1133 647,1182 588,1144 471,1164"/>
                <Baseline points="482,1229 527,1224 572,1218 617,1214 662,1209 707,1205 752,1202 797,1199 842,1195 887,1193 932,1190 977,1187 1022,1185 1067,1182 1112,1181 1157,1179 1202,1176 1247,1175 1292,1172 1337,1169 1382,1166"/>
                <TextEquiv>
                    <Unicode>Vie Vönge gsellen heißind, und Wo k kundt¬</Unicode>
                </TextEquiv>
            </TextLine>
            <TextLine id="r3l12" custom="readingOrder {index:11;}">
                <Coords points="489,1297 596,1310 703,1261 779,1291 859,1252 950,1289 1002,1242 1240,1254 1276,1220 1406,1250 1402,1189 1316,1169 1249,1200 1207,1170 1026,1216 948,1189 849,1230 793,1212 487,1259"/>
                <Baseline points="494,1277 539,1272 584,1268 629,1264 674,1262 719,1259 764,1256 810,1254 855,1252 900,1250 945,1248 990,1245 1035,1244 1080,1242 1126,1238 1171,1236 1216,1232 1261,1228 1306,1224 1351,1218 1397,1212"/>
                <TextEquiv>
                    <Unicode>sane zn tann gemacht Wüße aam kame</Unicode>
                </TextEquiv>
            </TextLine>
            <TextLine id="r3l13" custom="readingOrder {index:12;}">
                <Coords points="498,1335 732,1315 766,1337 914,1299 1061,1336 1101,1302 1263,1322 1387,1283 1384,1230 1275,1228 1151,1276 1004,1244 955,1287 645,1265 601,1303 496,1306"/>
                <Baseline points="504,1328 547,1323 591,1318 635,1315 679,1312 722,1310 766,1308 810,1307 854,1305 897,1304 941,1302 985,1301 1029,1299 1072,1297 1116,1294 1160,1292 1204,1287 1247,1283 1291,1277 1335,1271 1379,1263"/>
                <TextEquiv>
                    <Unicode>ni habe sellige um mntag nm gesuchen</Unicode>
                </TextEquiv>
            </TextLine>
            <TextLine id="r3l14" custom="readingOrder {index:13;} place {offset:25; length:11;}">
                <Coords points="494,1406 586,1412 635,1368 775,1412 906,1368 967,1399 1032,1359 1238,1392 1312,1349 1372,1354 1370,1309 491,1340"/>
                <Baseline points="500,1382 543,1378 586,1374 629,1373 672,1369 716,1367 759,1365 802,1364 845,1362 888,1361 932,1359 975,1358 1018,1356 1061,1354 1104,1353 1148,1349 1191,1347 1234,1343 1277,1338 1320,1334 1364,1328"/>
                <TextEquiv>
                    <Unicode>sondern sy ohngefehrd zu Ottmaningen</Unicode>
                </TextEquiv>
            </TextLine>
            <TextLine id="r3l15" custom="readingOrder {index:14;}">
                <Coords points="493,1470 509,1461 538,1467 560,1444 583,1435 622,1453 666,1431 701,1449 725,1439 721,1398 681,1398 634,1369 582,1409 558,1403 488,1410"/>
                <Baseline points="497,1436 524,1434 551,1431 579,1429 606,1427 633,1425 661,1423 688,1420 716,1418"/>
                <TextEquiv>
                    <Unicode>angetröffen</Unicode>
                </TextEquiv>
            </TextLine>
            <TextLine id="r3l16" custom="readingOrder {index:15;}">
                <Coords points="469,1554 583,1552 630,1510 685,1536 968,1496 1286,1507 1392,1475 1390,1435 1253,1421 1131,1466 1053,1427 871,1468 690,1460 653,1431 463,1465"/>
                <Baseline points="474,1533 519,1527 565,1522 610,1517 656,1512 701,1509 747,1506 792,1504 838,1502 883,1500 929,1497 975,1496 1020,1494 1066,1491 1111,1490 1157,1487 1202,1483 1248,1479 1293,1475 1339,1469 1385,1463"/>
                <TextEquiv>
                    <Unicode>Ob sy nit ein filon und worumb elange</Unicode>
                </TextEquiv>
            </TextLine>
            <TextLine id="r3l17" custom="readingOrder {index:16;}">
                <Coords points="477,1612 580,1571 785,1594 855,1559 974,1583 1040,1550 1241,1555 1396,1531 1395,1503 1177,1524 1077,1499 1035,1534 951,1497 761,1546 629,1510 582,1552 474,1551"/>
                <Baseline points="482,1583 527,1579 572,1576 617,1572 663,1571 708,1568 753,1566 799,1565 844,1563 889,1562 935,1560 980,1559 1025,1557 1070,1553 1116,1551 1161,1548 1206,1543 1252,1538 1297,1533 1342,1526 1388,1518"/>
                <TextEquiv>
                    <Unicode>zanktworden seyn. Habe kinmandemen</Unicode>
                </TextEquiv>
            </TextLine>
            <TextLine id="r3l18" custom="readingOrder {index:17;}">
                <Coords points="485,1649 632,1631 746,1669 977,1611 1024,1652 1093,1610 1328,1623 1416,1585 1414,1545 1069,1591 909,1568 848,1604 685,1573 483,1615"/>
                <Baseline points="491,1637 536,1634 582,1632 628,1629 674,1627 720,1626 766,1624 812,1622 858,1620 904,1619 950,1617 995,1614 1041,1612 1087,1610 1133,1606 1179,1602 1225,1599 1271,1595 1317,1589 1363,1583 1409,1577"/>
                <TextEquiv>
                    <Unicode>nich und zugeangt, und seyn es nin ehrlicher</Unicode>
                </TextEquiv>
            </TextLine>
            <TextLine id="r3l19" custom="readingOrder {index:18;} person {offset:0; length:5;}">
                <Coords points="461,1701 583,1681 626,1718 710,1696 744,1718 943,1669 1181,1704 1360,1658 1358,1615 1230,1600 1113,1653 1023,1651 979,1615 925,1650 877,1629 746,1670 632,1632 458,1644"/>
                <Baseline points="468,1698 512,1696 556,1692 600,1689 644,1687 689,1686 733,1684 777,1683 821,1682 865,1680 910,1679 954,1677 998,1676 1042,1674 1086,1672 1131,1670 1175,1667 1219,1663 1263,1659 1307,1655 1352,1649"/>
                <TextEquiv>
                    <Unicode>Lanli Hann habe iun in der nacht ohne</Unicode>
                </TextEquiv>
            </TextLine>
            <TextLine id="r3l20" custom="readingOrder {index:19;}">
                <Coords points="471,1782 651,1788 712,1747 792,1780 987,1777 1049,1742 1190,1779 1265,1733 1333,1739 1330,1655 1234,1702 1097,1716 942,1669 892,1704 832,1684 621,1718 583,1687 469,1713"/>
                <Baseline points="477,1757 519,1752 561,1747 604,1744 646,1742 689,1740 731,1739 773,1738 816,1737 858,1737 901,1737 943,1737 985,1737 1028,1737 1070,1736 1113,1734 1155,1733 1197,1731 1240,1727 1282,1723 1325,1718"/>
                <TextEquiv>
                    <Unicode>erordnung eichür ursachen angeparkt.</Unicode>
                </TextEquiv>
            </TextLine>
            <TextLine id="r3l21" custom="readingOrder {index:20;}">
                <Coords points="694,1804 709,1807 722,1819 734,1825 749,1807 756,1807 753,1763 732,1760 714,1774 711,1772 706,1776 692,1776"/>
                <Baseline points="701,1808 749,1805"/>
                <TextEquiv>
                    <Unicode>n</Unicode>
                </TextEquiv>
            </TextLine>
            <TextLine id="r3l22" custom="readingOrder {index:21;} person {offset:4; length:5;}">
                <Coords points="587,1901 694,1882 746,1905 787,1877 848,1891 865,1875 983,1896 1053,1864 1106,1902 1136,1870 1185,1875 1183,1822 1071,1799 1039,1830 971,1841 905,1805 865,1834 747,1811 707,1849 585,1855"/>
                <Baseline points="593,1892 622,1889 651,1887 680,1886 710,1884 739,1881 768,1880 797,1879 827,1878 856,1877 885,1875 914,1874 944,1874 973,1873 1002,1872 1031,1871 1061,1871 1090,1869 1119,1868 1148,1866 1178,1865"/>
                <TextEquiv>
                    <Unicode>Die Gille dann ist eine</Unicode>
                </TextEquiv>
            </TextLine>
            <TextLine id="r3l23" custom="readingOrder {index:22;}">
                <Coords points="665,1958 713,1946 804,1979 859,1978 1022,1970 1051,1948 1104,1947 1103,1888 1082,1892 1051,1863 989,1911 937,1886 895,1903 862,1878 809,1901 795,1890 775,1910 760,1898 729,1909 692,1882 664,1895"/>
                <Baseline points="671,1937 696,1937 721,1935 746,1935 771,1935 796,1934 821,1934 846,1934 871,1934 896,1934 921,1932 946,1932 971,1932 996,1931 1021,1929 1046,1929 1071,1927 1097,1925"/>
                <TextEquiv>
                    <Unicode>Umbs Persohn vnd</Unicode>
                </TextEquiv>
            </TextLine>
            <TextLine id="r3l24" custom="readingOrder {index:23;} person {offset:10; length:24;}">
                <Coords points="461,2094 677,2054 822,2092 1110,2057 1169,2090 1294,2030 1396,2051 1393,1960 1308,2000 1036,1968 886,2021 850,1993 810,2022 607,1996 547,2025 457,1975"/>
                <Baseline points="467,2061 513,2060 559,2059 605,2058 651,2058 697,2057 743,2057 789,2055 835,2055 881,2054 927,2054 973,2052 1019,2051 1065,2049 1111,2048 1157,2045 1203,2042 1249,2040 1295,2036 1341,2031 1388,2028"/>
                <TextEquiv>
                    <Unicode>sent sich Maria gahn Conrad Gähnen ur</Unicode>
                </TextEquiv>
            </TextLine>
            <TextLine id="r3l25" custom="readingOrder {index:24;} place {offset:9; length:8;}">
                <Coords points="461,2126 560,2143 656,2113 760,2151 865,2108 1250,2133 1357,2099 1356,2056 1303,2034 1175,2092 819,2092 703,2057 461,2094"/>
                <Baseline points="468,2123 512,2120 556,2118 600,2117 644,2115 688,2115 732,2115 776,2115 820,2115 864,2115 908,2115 952,2115 996,2115 1040,2114 1084,2113 1128,2111 1172,2109 1216,2106 1260,2103 1304,2099 1349,2093"/>
                <TextEquiv>
                    <Unicode>aeren zu Villisau und wenen tochter</Unicode>
                </TextEquiv>
            </TextLine>
            <TextLine id="r3l26" custom="readingOrder {index:25;}">
                <Coords points="475,2205 629,2177 725,2218 834,2178 1263,2191 1334,2179 1334,2106 1157,2152 1026,2117 968,2147 866,2108 803,2162 691,2142 654,2166 589,2117 543,2155 474,2143"/>
                <Baseline points="482,2183 524,2181 566,2180 608,2178 651,2178 693,2177 735,2177 778,2177 820,2178 862,2178 905,2178 947,2178 989,2178 1031,2178 1074,2178 1116,2178 1158,2177 1201,2175 1243,2173 1285,2170 1328,2166"/>
                <TextEquiv>
                    <Unicode>chon von Langem vatler und müllerlab.</Unicode>
                </TextEquiv>
            </TextLine>
            <TextLine id="r3l27" custom="readingOrder {index:26;}">
                <Coords points="458,2260 660,2281 722,2258 794,2288 935,2260 1030,2304 1076,2266 1286,2273 1314,2256 1314,2180 1193,2238 1131,2192 1081,2226 969,2193 880,2238 816,2191 628,2237 563,2194 513,2229 458,2198"/>
                <Baseline points="465,2262 507,2261 549,2261 591,2260 633,2259 675,2260 717,2261 759,2261 801,2261 843,2261 886,2262 928,2262 970,2262 1012,2262 1054,2262 1096,2262 1138,2262 1180,2261 1222,2261 1264,2259 1307,2256"/>
                <TextEquiv>
                    <Unicode>Br item ins sich hinnor uffgehalten und</Unicode>
                </TextEquiv>
            </TextLine>
            <TextLine id="r3l28" custom="readingOrder {index:27;}">
                <Coords points="446,2349 639,2325 776,2364 906,2327 1040,2370 1144,2323 1270,2348 1347,2318 1347,2266 1199,2252 1137,2307 1032,2312 976,2270 895,2310 834,2269 693,2271 656,2303 595,2264 552,2295 446,2267"/>
                <Baseline points="452,2315 496,2316 540,2318 585,2319 629,2321 674,2322 718,2324 762,2325 807,2327 851,2327 896,2328 940,2328 984,2328 1029,2327 1073,2325 1118,2324 1162,2322 1206,2319 1251,2315 1295,2310 1340,2306"/>
                <TextEquiv>
                    <Unicode>dißmahlen noch uffhalten theye. Habe hin</Unicode>
                </TextEquiv>
            </TextLine>
            <TextLine id="r3l29" custom="readingOrder {index:28;}">
                <Coords points="464,2393 561,2419 676,2385 944,2385 1074,2414 1150,2381 1216,2407 1381,2374 1380,2311 1270,2348 1095,2335 1035,2373 464,2354"/>
                <Baseline points="471,2382 516,2382 561,2382 606,2382 651,2384 696,2385 741,2386 786,2387 831,2388 876,2390 922,2390 967,2390 1012,2390 1057,2390 1102,2388 1147,2385 1192,2382 1237,2379 1282,2374 1327,2368 1373,2361"/>
                <TextEquiv>
                    <Unicode>nor by einem namer namens Lafontu¬</Unicode>
                </TextEquiv>
            </TextLine>
            <TextLine id="r3l30" custom="readingOrder {index:29;}">
                <Coords points="462,2446 525,2473 679,2443 770,2475 930,2447 1114,2479 1167,2449 1247,2478 1306,2444 1371,2457 1371,2388 1181,2395 1145,2423 943,2385 901,2408 676,2385 614,2422 462,2406"/>
                <Baseline points="468,2436 512,2438 557,2439 602,2441 647,2442 692,2444 736,2446 781,2447 826,2448 871,2450 916,2451 960,2451 1005,2451 1050,2451 1095,2451 1140,2449 1184,2447 1229,2445 1274,2441 1319,2438 1364,2433"/>
                <TextEquiv>
                    <Unicode>e gedinnet. Als aber vor ihme jahren de</Unicode>
                </TextEquiv>
            </TextLine>
            <TextLine id="r3l31" custom="readingOrder {index:30;} person {offset:0; length:29;}">
                <Coords points="454,2522 594,2501 776,2532 842,2506 905,2541 1246,2529 1383,2514 1384,2482 1214,2486 1166,2449 1114,2479 879,2451 763,2486 662,2446 547,2478 455,2447"/>
                <Baseline points="461,2502 506,2502 552,2504 598,2504 644,2505 690,2505 735,2507 781,2508 827,2510 873,2511 919,2511 964,2513 1010,2513 1056,2513 1102,2514 1148,2513 1193,2512 1239,2511 1285,2509 1331,2507 1377,2504"/>
                <TextEquiv>
                    <Unicode>Hierre formentins zern Kranck Vorden a¬</Unicode>
                </TextEquiv>
            </TextLine>
            <TextLine id="r3l32" custom="readingOrder {index:31;}">
                <Coords points="465,2573 1128,2571 1176,2601 1233,2571 1297,2611 1386,2586 1387,2542 1332,2510 1207,2546 1164,2518 822,2556 752,2517 658,2545 466,2535"/>
                <Baseline points="473,2559 518,2561 563,2562 608,2564 654,2565 699,2566 744,2567 790,2568 835,2570 880,2571 926,2571 971,2573 1016,2573 1061,2573 1107,2573 1152,2573 1197,2573 1243,2573 1288,2573 1333,2571 1379,2571"/>
                <TextEquiv>
                    <Unicode>in gedachter r Damaliger meister ca fon</Unicode>
                </TextEquiv>
            </TextLine>
            <TextLine id="r3l33" custom="readingOrder {index:32;}">
                <Coords points="466,2627 597,2645 650,2619 770,2670 849,2630 958,2631 1021,2669 1091,2643 1135,2675 1230,2645 1289,2684 1360,2657 1362,2594 1278,2613 1237,2576 1172,2603 1128,2571 905,2574 861,2606 811,2575 713,2600 621,2565 573,2601 467,2586"/>
                <Baseline points="474,2615 520,2617 566,2619 612,2621 659,2622 705,2624 751,2625 797,2627 844,2628 890,2630 936,2632 982,2633 1029,2634 1075,2636 1121,2637 1167,2637 1214,2639 1260,2640 1306,2641 1353,2642"/>
                <TextEquiv>
                    <Unicode>ae ins wardsormentindeufhlten</Unicode>
                </TextEquiv>
            </TextLine>
            <TextLine id="r3l34" custom="readingOrder {index:33;}">
                <Coords points="459,2677 965,2688 1085,2735 1352,2699 1353,2652 1098,2678 969,2638 870,2666 672,2637 563,2660 461,2623"/>
                <Baseline points="467,2672 513,2673 559,2673 605,2675 652,2676 698,2678 744,2679 790,2682 837,2684 883,2685 929,2688 975,2690 1022,2691 1068,2693 1114,2693 1160,2694 1207,2694 1253,2693 1299,2693 1346,2691"/>
                <TextEquiv>
                    <Unicode>d sauwen fur nun klagd gegeben und</Unicode>
                </TextEquiv>
            </TextLine>
            <TextLine id="r3l35" custom="readingOrder {index:34;}">
                <Coords points="451,2729 547,2762 654,2730 995,2785 1091,2748 1189,2799 1366,2752 1367,2723 1305,2695 1083,2734 998,2698 902,2724 857,2688 452,2684"/>
                <Baseline points="458,2727 503,2727 548,2729 593,2729 638,2732 683,2733 728,2735 773,2738 818,2740 863,2742 908,2744 953,2747 998,2748 1043,2750 1088,2751 1133,2751 1178,2751 1223,2751 1268,2749 1313,2747 1359,2744"/>
                <TextEquiv>
                    <Unicode>befolgen laßen. sey welchem anb sich sider</Unicode>
                </TextEquiv>
            </TextLine>
            <TextLine id="r3l36" custom="readingOrder {index:35;}">
                <Coords points="458,2808 536,2785 573,2810 609,2794 709,2835 769,2810 880,2816 881,2777 737,2761 685,2732 624,2732 575,2765 459,2756"/>
                <Baseline points="465,2786 490,2787 516,2787 541,2787 567,2789 592,2789 618,2789 643,2789 669,2790 694,2790 720,2790 745,2792 771,2792 796,2793 822,2795 847,2795 873,2798"/>
                <TextEquiv>
                    <Unicode>jar auch uffgehalten.</Unicode>
                </TextEquiv>
            </TextLine>
            <TextLine id="r3l37" custom="readingOrder {index:36;} place {offset:28; length:7;}">
                <Coords points="412,2902 753,2905 907,2947 1113,2922 1235,2963 1355,2947 1359,2880 1239,2916 1036,2852 926,2889 799,2857 756,2889 693,2829 417,2813"/>
                <Baseline points="419,2894 465,2894 512,2895 558,2897 605,2898 651,2900 698,2902 744,2904 791,2908 837,2910 884,2913 930,2916 977,2919 1023,2922 1070,2924 1116,2927 1163,2929 1209,2931 1256,2933 1302,2934 1349,2934"/>
                <TextEquiv>
                    <Unicode> Wab 1eten mns zu gedachtem seingen 1</Unicode>
                </TextEquiv>
            </TextLine>
            <TextLine id="r3l38" custom="readingOrder {index:37;} place {offset:28; length:6;}">
                <Coords points="416,2968 582,2960 657,2998 715,2969 1071,2982 1277,3020 1364,3003 1367,2928 1268,2967 1092,2924 968,2950 829,2916 724,2951 418,2924"/>
                <Baseline points="423,2955 469,2955 516,2957 563,2958 610,2960 656,2961 703,2964 750,2966 797,2969 843,2970 890,2973 937,2976 984,2979 1030,2981 1077,2982 1124,2985 1171,2987 1217,2988 1264,2988 1311,2990 1358,2988"/>
                <TextEquiv>
                    <Unicode>kommen zu dem lafontamne by Staden und</Unicode>
                </TextEquiv>
            </TextLine>
            <TextLine id="r3l39" custom="readingOrder {index:38;} place {offset:17; length:9;}">
                <Coords points="419,3023 735,3034 803,3073 871,3043 985,3046 1068,3085 1106,3069 1109,3020 1033,2983 964,3010 892,2975 833,3015 765,2975 689,2970 655,3000 629,2971 421,2976"/>
                <Baseline points="426,3014 459,3015 493,3017 527,3020 560,3020 594,3023 628,3024 661,3026 695,3027 729,3029 763,3030 796,3031 830,3033 864,3035 897,3036 931,3038 965,3041 998,3042 1032,3045 1066,3048 1100,3051"/>
                <TextEquiv>
                    <Unicode>dem Lormenein zu Kuwenburg.</Unicode>
                </TextEquiv>
            </TextLine>
            <TextLine id="r3l40" custom="readingOrder {index:39;}">
                <Coords points="415,3113 567,3159 642,3120 1083,3180 1259,3148 1369,3176 1371,3136 1197,3075 1014,3122 884,3046 792,3095 710,3050 651,3086 588,3042 420,3031"/>
                <Baseline points="423,3107 472,3110 521,3113 571,3117 620,3120 670,3122 719,3125 768,3128 818,3131 867,3134 917,3135 966,3139 1016,3141 1065,3144 1114,3147 1164,3150 1213,3152 1263,3155 1312,3159 1362,3161"/>
                <TextEquiv>
                    <Unicode>Was handels dar dumalige ein Rleizer ser</Unicode>
                </TextEquiv>
            </TextLine>
            <TextLine id="r3l41" custom="readingOrder {index:40;}">
                <Coords points="445,3196 549,3177 692,3226 922,3197 1335,3226 1338,3158 1289,3149 1081,3180 870,3136 831,3160 798,3130 641,3120 581,3158 487,3116 448,3131"/>
                <Baseline points="453,3167 496,3170 540,3174 584,3178 628,3181 672,3183 715,3186 759,3189 803,3191 847,3194 891,3195 934,3197 978,3199 1022,3201 1066,3203 1110,3204 1153,3206 1197,3207 1241,3209 1285,3210 1329,3212"/>
                <TextEquiv>
                    <Unicode>in sene Uich heie und ob a under habe.</Unicode>
                </TextEquiv>
            </TextLine>
            <TextLine id="r3l42" custom="readingOrder {index:41;}">
                <Coords points="433,3234 528,3265 662,3236 719,3272 845,3250 974,3295 1178,3266 1320,3296 1323,3250 1167,3203 1009,3243 946,3204 774,3232 436,3193"/>
                <Baseline points="441,3225 484,3229 528,3231 571,3236 615,3239 659,3242 702,3245 746,3248 790,3252 833,3254 877,3257 921,3260 964,3263 1008,3266 1052,3269 1095,3270 1139,3273 1183,3274 1226,3276 1270,3277 1314,3278"/>
                <TextEquiv>
                    <Unicode>asuge ei traumr und handte mit Limen</Unicode>
                </TextEquiv>
            </TextLine>
            <TextLine id="r3l43" custom="readingOrder {index:42;} place {offset:28; length:8;}">
                <Coords points="441,3319 668,3309 717,3349 927,3323 981,3359 1200,3336 1272,3384 1365,3363 1369,3293 1331,3282 1223,3304 1088,3268 971,3295 848,3250 560,3275 446,3239"/>
                <Baseline points="450,3291 495,3293 540,3295 586,3297 631,3300 677,3302 722,3305 768,3308 813,3311 859,3314 904,3318 949,3321 995,3324 1040,3327 1086,3331 1131,3334 1177,3336 1222,3340 1268,3342 1313,3345 1359,3347"/>
                <TextEquiv>
                    <Unicode>itzen, habe seinen taden zu Sraßburg by</Unicode>
                </TextEquiv>
            </TextLine>
            <TextEquiv>
                <Unicode>ob e nit bereitis vor einem jahr mit
dem perre Lormentin by Christian
Buggizerger zu Ollmansingen eigekehrt
dasulbs mit einem anderen mit einenkunß
sfundter blatten geschoßen und dazumahl
eie Buggizurch ein schaff mützgen helffin
vermemnet diß alleis ohngeacht Dem lntz
magischen Berich drey Lndtschaften solches
begegen und dazumahlen win auch jnzund
asun geminet Vorden sugn.
Vie Vönge gsellen heißind, und Wo k kundt¬
sane zn tann gemacht Wüße aam kame
ni habe sellige um mntag nm gesuchen
sondern sy ohngefehrd zu Ottmaningen
angetröffen
Ob sy nit ein filon und worumb elange
zanktworden seyn. Habe kinmandemen
nich und zugeangt, und seyn es nin ehrlicher
Lanli Hann habe iun in der nacht ohne
erordnung eichür ursachen angeparkt.
n
Die Gille dann ist eine
Umbs Persohn vnd
sent sich Maria gahn Conrad Gähnen ur
aeren zu Villisau und wenen tochter
chon von Langem vatler und müllerlab.
Br item ins sich hinnor uffgehalten und
dißmahlen noch uffhalten theye. Habe hin
nor by einem namer namens Lafontu¬
e gedinnet. Als aber vor ihme jahren de
Hierre formentins zern Kranck Vorden a¬
in gedachter r Damaliger meister ca fon
ae ins wardsormentindeufhlten
d sauwen fur nun klagd gegeben und
befolgen laßen. sey welchem anb sich sider
jar auch uffgehalten.
 Wab 1eten mns zu gedachtem seingen 1
kommen zu dem lafontamne by Staden und
dem Lormenein zu Kuwenburg.
Was handels dar dumalige ein Rleizer ser
in sene Uich heie und ob a under habe.
asuge ei traumr und handte mit Limen
itzen, habe seinen taden zu Sraßburg by</Unicode>
            </TextEquiv>
        </TextRegion>
        <TextRegion orientation="0.0" id="r4" custom="readingOrder {index:3;}">
            <Coords points="1494,2897 1494,3053 1697,3053 1697,2897"/>
            <TextLine id="r4l1" custom="readingOrder {index:0;}">
                <Coords points="1488,3030 1526,3012 1543,3018 1551,3011 1565,3023 1612,3022 1659,3043 1682,3021 1704,3019 1702,2917 1688,2912 1617,2955 1581,2925 1486,2965"/>
                <Baseline points="1494,3003 1519,3001 1544,2999 1570,2999 1595,2997 1620,2997 1646,2997 1671,2997 1697,2999"/>
                <TextEquiv>
                    <Unicode>wan</Unicode>
                </TextEquiv>
            </TextLine>
            <TextEquiv>
                <Unicode>wan</Unicode>
            </TextEquiv>
        </TextRegion>
        <TextRegion orientation="0.0" id="r5" custom="readingOrder {index:4;}">
            <Coords points="1715,369 1715,3366 2837,3366 2837,369"/>
            <TextLine id="r5l1" custom="readingOrder {index:0;}">
                <Coords points="2692,427 2707,423 2714,427 2727,424 2739,427 2745,423 2777,430 2788,424 2785,345 2764,340 2745,355 2722,341 2696,365 2689,365"/>
                <Baseline points="2697,399 2725,399 2753,396 2781,396"/>
                <TextEquiv>
                    <Unicode>44</Unicode>
                </TextEquiv>
            </TextLine>
            <TextLine id="r5l2" custom="readingOrder {index:1;} person {offset:37; length:5; continued:true;}">
                <Coords points="1730,598 2221,557 2371,586 2419,543 2843,522 2838,458 2721,427 2511,477 2422,451 2345,488 2077,484 2018,524 1874,506 1728,566"/>
                <Baseline points="1736,590 1790,585 1845,580 1900,575 1955,570 2010,567 2065,562 2120,558 2175,555 2230,551 2285,547 2339,543 2394,539 2449,535 2504,530 2559,526 2614,520 2669,515 2724,509 2779,503 2834,495"/>
                <TextEquiv>
                    <Unicode>der großen kirchen, sein seile heiße marie</Unicode>
                </TextEquiv>
            </TextLine>
            <TextLine id="r5l3" custom="readingOrder {index:2;} person {offset:0; length:7; continued:true;}">
                <Coords points="1745,653 1862,680 1963,628 2211,640 2793,563 2789,513 2754,506 2371,587 2223,557 2128,591 2036,567 1741,602"/>
                <Baseline points="1751,647 1802,641 1854,637 1906,633 1958,630 2009,626 2061,623 2113,620 2165,616 2216,612 2268,610 2320,606 2372,603 2423,599 2475,595 2527,591 2579,586 2630,581 2682,574 2734,567 2786,560"/>
                <TextEquiv>
                    <Unicode>lacelet by 24 jahren alturis und wartn</Unicode>
                </TextEquiv>
            </TextLine>
            <TextLine id="r5l4" custom="readingOrder {index:3;}">
                <Coords points="1736,720 2354,662 2467,686 2767,627 2847,654 2841,582 2795,562 2726,604 2354,601 2256,653 2141,613 1999,666 1924,634 1863,679 1731,659"/>
                <Baseline points="1742,704 1796,699 1851,696 1906,693 1961,689 2015,685 2070,682 2125,678 2180,674 2234,671 2289,667 2344,663 2399,659 2453,654 2508,650 2563,644 2618,639 2672,634 2727,627 2782,620 2837,614"/>
                <TextEquiv>
                    <Unicode>dem laden ab, gäbe ein kind gehalt, seyn aber</Unicode>
                </TextEquiv>
            </TextLine>
            <TextLine id="r5l5" custom="readingOrder {index:4;}">
                <Coords points="1760,769 1988,789 2144,739 2201,764 2269,727 2305,749 2432,738 2428,679 2355,662 2152,711 2095,684 1957,721 1757,712"/>
                <Baseline points="1767,762 1799,757 1832,753 1865,750 1898,746 1931,743 1963,740 1996,738 2029,736 2062,734 2095,732 2127,731 2160,729 2193,728 2226,726 2258,725 2291,723 2324,722 2357,720 2390,717 2423,716"/>
                <TextEquiv>
                    <Unicode>vorglegen jahren gestorben.</Unicode>
                </TextEquiv>
            </TextLine>
            <TextLine id="r5l6" custom="readingOrder {index:5;}">
                <Coords points="1733,885 1981,837 2827,805 2826,713 2294,777 1724,770"/>
                <Baseline points="1737,860 1791,855 1845,849 1899,845 1954,840 2008,837 2062,833 2117,831 2171,827 2225,824 2280,821 2334,818 2388,814 2442,810 2497,806 2551,802 2605,797 2660,791 2714,785 2768,778 2823,770"/>
                <TextEquiv>
                    <Unicode>Vie der mr und ein frauw ins benahmet und zu</Unicode>
                </TextEquiv>
            </TextLine>
            <TextLine id="r5l7" custom="readingOrder {index:6;}">
                <Coords points="1749,919 2012,898 2044,924 2177,883 2237,923 2396,872 2647,883 2702,840 2827,837 2824,800 2774,797 2671,830 2583,803 2535,838 2445,808 2392,845 2324,813 2252,856 1979,838 1747,886"/>
                <Baseline points="1755,915 1808,909 1861,905 1914,900 1967,896 2021,893 2074,890 2127,886 2180,884 2233,881 2287,878 2340,876 2393,873 2446,870 2499,866 2553,861 2606,858 2659,852 2712,846 2765,839 2819,830"/>
                <TextEquiv>
                    <Unicode>mb die waltihn sprach gelehrnnt erb uyn inder</Unicode>
                </TextEquiv>
            </TextLine>
            <TextLine id="r5l8" custom="readingOrder {index:7;}">
                <Coords points="1749,1020 1842,968 1971,987 2151,944 2781,915 2824,899 2820,840 2630,895 2472,861 2337,917 2119,886 2054,923 1742,924"/>
                <Baseline points="1752,978 1805,972 1858,967 1911,962 1964,957 2018,954 2071,950 2124,947 2177,944 2230,941 2284,938 2337,934 2390,931 2443,927 2496,924 2550,921 2603,916 2656,912 2709,907 2762,900 2816,894"/>
                <TextEquiv>
                    <Unicode>zeit dorzur alemande aement worden und habe</Unicode>
                </TextEquiv>
            </TextLine>
            <TextLine id="r5l9" custom="readingOrder {index:8;} place {offset:21; length:8;}">
                <Coords points="1737,1060 1844,1022 2027,1046 2142,1001 2327,1045 2429,992 2591,1028 2825,981 2820,906 2646,955 2370,933 2328,969 2214,943 1966,991 1836,971 1734,1017"/>
                <Baseline points="1742,1035 1795,1030 1849,1025 1903,1020 1956,1018 2010,1014 2064,1011 2117,1009 2171,1006 2225,1004 2279,1001 2332,999 2386,996 2440,993 2493,989 2547,986 2601,980 2654,975 2708,968 2762,961 2816,953"/>
                <TextEquiv>
                    <Unicode>in veltihn sprach zu Sraßburg, da mann mich</Unicode>
                </TextEquiv>
            </TextLine>
            <TextLine id="r5l10" custom="readingOrder {index:9;}">
                <Coords points="1757,1095 1870,1117 1967,1077 2180,1106 2278,1075 2368,1106 2593,1072 2589,980 2533,1019 2446,998 2332,1044 2139,1002 2023,1048 1995,1027 1898,1063 1841,1023 1755,1051"/>
                <Baseline points="1764,1092 1805,1088 1846,1085 1887,1083 1928,1080 1969,1079 2010,1077 2051,1075 2092,1073 2133,1071 2174,1070 2215,1068 2256,1065 2297,1064 2338,1062 2379,1061 2420,1058 2461,1056 2502,1053 2543,1051 2585,1047"/>
                <TextEquiv>
                    <Unicode>mntzeis französisch ende, gelehrnnt.</Unicode>
                </TextEquiv>
            </TextLine>
            <TextLine id="r5l11" custom="readingOrder {index:10;}">
                <Coords points="1742,1195 2281,1180 2692,1115 2787,1141 2839,1116 2836,1068 2166,1123 1964,1076 1739,1148"/>
                <Baseline points="1748,1184 1802,1178 1856,1175 1910,1172 1964,1168 2018,1165 2072,1163 2127,1161 2181,1158 2235,1157 2289,1154 2343,1150 2397,1148 2451,1145 2506,1141 2560,1136 2614,1131 2668,1124 2722,1117 2776,1110 2831,1101"/>
                <TextEquiv>
                    <Unicode>Ob aber nit vor einem jahr hins in suen mann</Unicode>
                </TextEquiv>
            </TextLine>
            <TextLine id="r5l12" custom="readingOrder {index:11;}">
                <Coords points="2341,1186 2360,1182 2365,1178 2371,1178 2375,1182 2386,1178 2406,1178 2406,1153 2399,1153 2394,1157 2383,1154 2371,1142 2365,1147 2359,1145 2341,1146"/>
                <Baseline points="2348,1172 2373,1173 2399,1172"/>
                <TextEquiv>
                    <Unicode>Da</Unicode>
                </TextEquiv>
            </TextLine>
            <TextLine id="r5l13" custom="readingOrder {index:12;}">
                <Coords points="1772,1244 2825,1197 2821,1144 2692,1115 2417,1196 2195,1160 1770,1214"/>
                <Baseline points="1778,1238 1829,1233 1881,1229 1933,1226 1985,1223 2037,1221 2089,1220 2141,1218 2193,1216 2245,1215 2297,1212 2348,1211 2400,1209 2452,1206 2504,1202 2556,1198 2608,1193 2660,1187 2712,1180 2764,1173 2816,1163"/>
                <TextEquiv>
                    <Unicode>annns sürre sertnns un kind samtdingen</Unicode>
                </TextEquiv>
            </TextLine>
            <TextLine id="r5l14" custom="readingOrder {index:13;}">
                <Coords points="1763,1300 2018,1324 2079,1277 2150,1304 2305,1263 2351,1291 2833,1236 2830,1192 2729,1187 2579,1229 1760,1243"/>
                <Baseline points="1769,1292 1821,1289 1874,1286 1927,1284 1980,1281 2033,1280 2085,1278 2138,1277 2191,1275 2244,1274 2297,1271 2349,1268 2402,1265 2455,1263 2508,1258 2561,1253 2613,1247 2666,1240 2719,1233 2772,1225 2825,1214"/>
                <TextEquiv>
                    <Unicode>Callarin gugeben, vnd er formentin daß Anda</Unicode>
                </TextEquiv>
            </TextLine>
            <TextLine id="r5l15" custom="readingOrder {index:14;}">
                <Coords points="1762,1361 2226,1332 2324,1370 2647,1302 2720,1327 2805,1279 2803,1248 2736,1238 2436,1297 2250,1270 2014,1324 1759,1302"/>
                <Baseline points="1769,1349 1820,1346 1871,1343 1923,1341 1974,1340 2026,1337 2077,1337 2129,1335 2180,1334 2232,1332 2283,1331 2334,1328 2386,1326 2437,1323 2489,1319 2540,1315 2592,1310 2643,1304 2695,1297 2746,1288 2798,1278"/>
                <TextEquiv>
                    <Unicode>hattur seyn. Ja ins habe duch sierre ser.</Unicode>
                </TextEquiv>
            </TextLine>
            <TextLine id="r5l16" custom="readingOrder {index:15;}">
                <Coords points="1824,1389 1836,1391 1861,1378 1865,1378 1875,1388 1888,1380 1897,1380 1897,1338 1888,1338 1872,1352 1862,1348 1850,1349 1843,1344 1824,1348"/>
                <Baseline points="1830,1370 1860,1370 1890,1370"/>
                <TextEquiv>
                    <Unicode>rl</Unicode>
                </TextEquiv>
            </TextLine>
            <TextLine id="r5l17" custom="readingOrder {index:16;}">
                <Coords points="1754,1414 1926,1399 2038,1437 2123,1397 2209,1434 2264,1393 2579,1403 2803,1360 2799,1281 2722,1327 2633,1306 2348,1368 2156,1332 1892,1386 1751,1367"/>
                <Baseline points="1761,1404 1812,1403 1864,1401 1916,1400 1967,1398 2019,1397 2071,1395 2122,1395 2174,1393 2226,1392 2278,1389 2329,1386 2381,1384 2433,1380 2484,1376 2536,1372 2588,1367 2639,1360 2691,1353 2743,1345 2795,1335"/>
                <TextEquiv>
                    <Unicode>auch im kindersamt zegen Tallerin zugestelt</Unicode>
                </TextEquiv>
            </TextLine>
            <TextLine id="r5l18" custom="readingOrder {index:17;}">
                <Coords points="1756,1471 2097,1495 2153,1446 2593,1455 2655,1429 2700,1460 2768,1393 2265,1392 2222,1437 1754,1414"/>
                <Baseline points="1763,1464 1815,1461 1868,1460 1920,1458 1973,1457 2025,1455 2078,1454 2131,1452 2183,1451 2236,1449 2288,1447 2341,1446 2393,1443 2446,1442 2499,1439 2551,1437 2604,1434 2656,1430 2709,1426 2762,1421"/>
                <TextEquiv>
                    <Unicode>sein mr alger seye nit deß undrs valler gee</Unicode>
                </TextEquiv>
            </TextLine>
            <TextLine id="r5l19" custom="readingOrder {index:18;} person {offset:15; length:12;}">
                <Coords points="1751,1528 2286,1509 2359,1534 2765,1492 2777,1424 2528,1479 2458,1450 2105,1495 1749,1475"/>
                <Baseline points="1758,1521 1808,1518 1859,1517 1909,1515 1960,1514 2011,1512 2061,1511 2112,1511 2163,1509 2213,1508 2264,1507 2315,1505 2365,1504 2416,1502 2467,1500 2517,1497 2568,1494 2619,1490 2669,1486 2720,1479 2771,1475"/>
                <TextEquiv>
                    <Unicode>wesen, sondern eeter Amholz am soldat</Unicode>
                </TextEquiv>
            </TextLine>
            <TextLine id="r5l20" custom="readingOrder {index:19;} place {offset:20; length:8;}">
                <Coords points="1748,1600 1941,1612 2107,1570 2187,1611 2244,1565 2338,1604 2401,1563 2483,1600 2582,1545 2748,1549 2746,1498 2670,1487 2501,1532 2439,1503 2359,1534 2286,1509 1958,1546 1746,1530"/>
                <Baseline points="1755,1581 1804,1578 1853,1575 1902,1574 1952,1571 2001,1570 2050,1569 2100,1568 2149,1567 2198,1566 2248,1565 2297,1565 2346,1563 2395,1562 2445,1559 2494,1557 2543,1554 2593,1549 2642,1546 2691,1540 2741,1533"/>
                <TextEquiv>
                    <Unicode>und muhquetierer zu Sraßburg, so aber</Unicode>
                </TextEquiv>
            </TextLine>
            <TextLine id="r5l21" custom="readingOrder {index:20;}">
                <Coords points="1763,1650 1821,1644 1857,1666 1907,1659 1941,1674 1997,1633 2059,1648 2093,1635 2117,1650 2157,1646 2155,1600 2117,1576 1979,1581 1941,1612 1760,1587"/>
                <Baseline points="1770,1644 1795,1643 1820,1641 1846,1640 1871,1640 1896,1638 1922,1637 1947,1635 1972,1634 1998,1634 2023,1632 2048,1632 2074,1632 2099,1632 2124,1631 2150,1631"/>
                <TextEquiv>
                    <Unicode>dmhar gestorben.</Unicode>
                </TextEquiv>
            </TextLine>
            <TextLine id="r5l22" custom="readingOrder {index:21;}">
                <Coords points="1725,1750 2812,1673 2809,1623 2733,1622 2671,1658 2622,1627 2318,1664 2199,1623 2160,1653 1997,1633 1908,1681 1797,1644 1721,1670"/>
                <Baseline points="1731,1730 1784,1725 1838,1723 1891,1720 1945,1718 1999,1716 2052,1715 2106,1712 2160,1710 2213,1709 2267,1707 2321,1704 2374,1703 2428,1699 2482,1697 2535,1693 2589,1689 2643,1684 2696,1678 2750,1671 2804,1664"/>
                <TextEquiv>
                    <Unicode>vor zmm die kreis halter gegeben. Sum men</Unicode>
                </TextEquiv>
            </TextLine>
            <TextLine id="r5l23" custom="readingOrder {index:22;}">
                <Coords points="1756,1800 2333,1785 2358,1757 2546,1795 2817,1738 2815,1685 1754,1753"/>
                <Baseline points="1761,1779 1813,1778 1865,1776 1918,1775 1970,1773 2023,1772 2075,1772 2128,1770 2180,1769 2233,1766 2285,1764 2337,1762 2390,1761 2442,1758 2495,1755 2547,1752 2600,1748 2652,1745 2705,1740 2757,1735 2810,1730"/>
                <TextEquiv>
                    <Unicode>er und habe aun alle monat (zuvon aber</Unicode>
                </TextEquiv>
            </TextLine>
            <TextLine id="r5l24" custom="readingOrder {index:23;}">
                <Coords points="1740,1875 2199,1817 2590,1847 2742,1808 2741,1774 2544,1794 2360,1757 2329,1790 2053,1769 1976,1812 1823,1781 1738,1807"/>
                <Baseline points="1745,1838 1794,1836 1844,1833 1893,1833 1943,1832 1992,1830 2042,1830 2091,1829 2141,1829 2190,1827 2240,1826 2289,1826 2339,1824 2388,1822 2438,1820 2487,1818 2537,1815 2586,1811 2636,1807 2685,1803 2735,1797"/>
                <TextEquiv>
                    <Unicode>gesag alle Buchen, Jaa pertics noch ui</Unicode>
                </TextEquiv>
            </TextLine>
            <TextLine id="r5l25" custom="readingOrder {index:24;}">
                <Coords points="1762,1918 2045,1930 2135,1883 2195,1881 2231,1911 2255,1889 2311,1910 2400,1888 2399,1855 2332,1821 2275,1853 2241,1833 2190,1866 2059,1864 2032,1839 2000,1858 1967,1834 1889,1868 1761,1870"/>
                <Baseline points="1769,1895 1800,1893 1831,1892 1862,1890 1893,1889 1925,1888 1956,1887 1987,1886 2018,1886 2049,1884 2081,1884 2112,1883 2143,1883 2174,1881 2205,1881 2237,1881 2268,1880 2299,1878 2330,1878 2361,1877 2393,1875"/>
                <TextEquiv>
                    <Unicode>aner zugeben verprochen.</Unicode>
                </TextEquiv>
            </TextLine>
            <TextLine id="r5l26" custom="readingOrder {index:25;}">
                <Coords points="1725,1998 1961,2031 2086,1983 2768,1973 2788,1881 2632,1904 2597,1878 2542,1931 2461,1903 2345,1961 2247,1923 1723,1919"/>
                <Baseline points="1731,1989 1783,1989 1836,1989 1888,1989 1941,1989 1994,1989 2046,1989 2099,1988 2151,1988 2204,1986 2257,1985 2309,1984 2362,1982 2414,1980 2467,1977 2520,1975 2572,1971 2625,1968 2677,1964 2730,1961 2783,1956"/>
                <TextEquiv>
                    <Unicode>so abrharkomme wo übernachtet, Wo is diß</Unicode>
                </TextEquiv>
            </TextLine>
            <TextLine id="r5l27" custom="readingOrder {index:26;}">
                <Coords points="1751,2050 1880,2094 2003,2050 2153,2084 2374,2039 2659,2066 2715,2024 2758,2042 2757,1992 2648,1972 2486,2003 2350,1984 2251,2024 2098,1983 1961,2031 1915,2000 1750,2001"/>
                <Baseline points="1758,2046 1807,2046 1857,2046 1906,2045 1956,2045 2006,2045 2055,2045 2105,2045 2154,2045 2204,2044 2254,2043 2303,2042 2353,2041 2402,2039 2452,2037 2502,2035 2551,2031 2601,2028 2650,2023 2700,2019 2750,2013"/>
                <TextEquiv>
                    <Unicode>mahlen hiaußgewolt und ver die segen</Unicode>
                </TextEquiv>
            </TextLine>
            <TextLine id="r5l28" custom="readingOrder {index:27;}">
                <Coords points="1742,2106 2164,2104 2221,2142 2396,2095 2554,2135 2794,2076 2793,2043 2711,2029 2659,2062 2530,2037 2154,2084 2052,2052 1927,2085 1890,2053 1808,2089 1741,2057"/>
                <Baseline points="1749,2108 1800,2106 1852,2103 1904,2102 1956,2102 2008,2101 2060,2100 2111,2100 2163,2100 2215,2099 2267,2099 2319,2097 2371,2097 2423,2095 2474,2093 2526,2090 2578,2086 2630,2082 2682,2076 2734,2070 2786,2063"/>
                <TextEquiv>
                    <Unicode>b bg seinem Neuer gewesen, Ob sy nit sinn</Unicode>
                </TextEquiv>
            </TextLine>
            <TextLine id="r5l29" custom="readingOrder {index:28;} person {offset:15; length:5;} place {offset:35; length:7;}">
                <Coords points="1709,2176 1861,2160 1937,2195 2104,2157 2359,2200 2407,2165 2504,2187 2664,2150 2729,2185 2820,2172 2819,2097 2612,2094 2552,2135 2396,2095 2314,2134 2215,2094 1708,2146"/>
                <Baseline points="1715,2163 1769,2162 1824,2160 1879,2160 1934,2159 1989,2159 2044,2159 2099,2157 2154,2157 2209,2157 2264,2157 2318,2157 2373,2157 2428,2156 2483,2156 2538,2154 2593,2152 2648,2150 2703,2148 2758,2145 2813,2141"/>
                <TextEquiv>
                    <Unicode>denner segind. Lomma dißmahlen von Stasell</Unicode>
                </TextEquiv>
            </TextLine>
            <TextLine id="r5l30" custom="readingOrder {index:29;}">
                <Coords points="1748,2238 2565,2243 2823,2226 2823,2181 2641,2155 2230,2203 1993,2161 1928,2201 1747,2163"/>
                <Baseline points="1754,2222 1807,2222 1860,2222 1913,2222 1966,2222 2019,2221 2072,2220 2125,2220 2178,2220 2231,2220 2285,2219 2338,2219 2391,2217 2444,2217 2497,2216 2550,2216 2603,2214 2656,2213 2709,2211 2762,2210 2816,2207"/>
                <TextEquiv>
                    <Unicode>und habind an kinnem ort übernachtet, sondern</Unicode>
                </TextEquiv>
            </TextLine>
            <TextLine id="r5l31" custom="readingOrder {index:30;} place {offset:17; length:6;} place {offset:35; length:6;}">
                <Coords points="1745,2298 1972,2293 2017,2326 2129,2289 2229,2326 2352,2285 2490,2318 2820,2286 2820,2247 2669,2219 2605,2255 2506,2226 2457,2252 2383,2222 2147,2259 2082,2227 1966,2267 1744,2238"/>
                <Baseline points="1751,2279 1804,2279 1857,2280 1910,2282 1963,2282 2016,2283 2069,2283 2122,2283 2175,2283 2228,2283 2282,2283 2335,2282 2388,2282 2441,2280 2494,2280 2547,2279 2600,2277 2653,2276 2706,2274 2759,2273 2813,2271"/>
                <TextEquiv>
                    <Unicode>in einem tag von Basell biß nacher Ollman</Unicode>
                </TextEquiv>
            </TextLine>
            <TextLine id="r5l32" custom="readingOrder {index:31;}">
                <Coords points="1747,2364 2007,2386 2127,2343 2307,2343 2425,2381 2492,2341 2643,2385 2693,2350 2820,2354 2820,2297 1747,2320"/>
                <Baseline points="1754,2342 1809,2342 1865,2343 1921,2343 1976,2343 2032,2343 2088,2343 2144,2343 2199,2343 2255,2343 2311,2343 2367,2343 2422,2343 2478,2342 2534,2342 2590,2342 2645,2342 2701,2340 2757,2340 2813,2340"/>
                <TextEquiv>
                    <Unicode>egen gangen. Wnne die übrigen gsellen</Unicode>
                </TextEquiv>
            </TextLine>
            <TextLine id="r5l33" custom="readingOrder {index:32;}">
                <Coords points="1745,2441 2200,2442 2261,2403 2325,2441 2386,2401 2626,2449 2806,2405 2494,2341 2429,2384 2293,2341 2225,2385 1746,2365"/>
                <Baseline points="1752,2405 1804,2405 1856,2405 1909,2403 1961,2403 2013,2403 2066,2403 2118,2403 2170,2403 2223,2403 2275,2403 2327,2403 2380,2403 2432,2403 2484,2403 2537,2405 2589,2405 2641,2405 2694,2406 2746,2406 2799,2408"/>
                <TextEquiv>
                    <Unicode>e mit gwage seyind ihn install zutunn</Unicode>
                </TextEquiv>
            </TextLine>
            <TextLine id="r5l34" custom="readingOrder {index:33;}">
                <Coords points="1723,2476 2000,2499 2112,2468 2155,2498 2270,2467 2350,2510 2422,2469 2580,2508 2640,2467 2723,2498 2842,2474 2842,2433 2728,2411 2624,2450 2386,2401 2311,2450 2052,2421 1724,2449"/>
                <Baseline points="1730,2463 1785,2463 1840,2463 1895,2462 1951,2462 2006,2463 2061,2463 2116,2465 2172,2465 2227,2466 2282,2466 2337,2468 2393,2469 2448,2469 2503,2469 2558,2471 2614,2471 2669,2469 2724,2469 2779,2468 2835,2466"/>
                <TextEquiv>
                    <Unicode>komen, die snderen aber habind sy ohn allman</Unicode>
                </TextEquiv>
            </TextLine>
            <TextLine id="r5l35" custom="readingOrder {index:34;}">
                <Coords points="1741,2529 1799,2563 2135,2519 2726,2566 2816,2503 2653,2476 2499,2510 2422,2469 2348,2511 2303,2470 2229,2504 2107,2472 1910,2505 1742,2473"/>
                <Baseline points="1748,2525 1801,2523 1854,2522 1907,2522 1960,2522 2013,2522 2066,2523 2119,2525 2172,2526 2225,2527 2278,2529 2331,2530 2384,2531 2437,2532 2490,2534 2543,2534 2596,2534 2649,2534 2702,2532 2755,2531 2808,2528"/>
                <TextEquiv>
                    <Unicode>ingen angetroffen. Sum vorhaben seye ge</Unicode>
                </TextEquiv>
            </TextLine>
            <TextLine id="r5l36" custom="readingOrder {index:35;}">
                <Coords points="1739,2597 1796,2621 1986,2590 2022,2619 2066,2578 2161,2619 2265,2581 2658,2623 2796,2601 2797,2533 2665,2569 2574,2533 2444,2561 2220,2524 2133,2565 1798,2564 1739,2529"/>
                <Baseline points="1745,2588 1797,2586 1849,2585 1901,2585 1954,2585 2006,2585 2058,2585 2110,2586 2163,2587 2215,2589 2267,2589 2319,2591 2372,2592 2424,2593 2476,2594 2528,2594 2581,2594 2633,2594 2685,2593 2737,2591 2790,2589"/>
                <TextEquiv>
                    <Unicode>vnsen nechgs insicten vmb das gliebe, so mi</Unicode>
                </TextEquiv>
            </TextLine>
            <TextLine id="r5l37" custom="readingOrder {index:36;}">
                <Coords points="1740,2660 2292,2699 2576,2661 2673,2705 2820,2680 2821,2628 2746,2591 2673,2630 2310,2591 2196,2632 2066,2578 2019,2621 1986,2590 1793,2625 1741,2595"/>
                <Baseline points="1748,2649 1801,2648 1854,2648 1907,2648 1961,2648 2014,2648 2067,2649 2121,2649 2174,2650 2227,2651 2281,2652 2334,2654 2387,2655 2440,2655 2494,2657 2547,2657 2600,2658 2654,2658 2707,2658 2760,2658 2814,2657"/>
                <TextEquiv>
                    <Unicode>wngen ißaunff mans hizigen Zieber guthan,</Unicode>
                </TextEquiv>
            </TextLine>
            <TextLine id="r5l38" custom="readingOrder {index:37;}">
                <Coords points="1714,2744 1741,2744 1759,2726 1768,2733 1784,2723 1799,2728 1812,2715 1819,2721 1826,2714 1859,2714 1873,2725 1888,2722 1888,2659 1847,2656 1840,2661 1831,2654 1811,2675 1795,2678 1764,2660 1751,2665 1714,2658"/>
                <Baseline points="1721,2709 1747,2709 1774,2709 1801,2708 1827,2708 1854,2709 1881,2711"/>
                <TextEquiv>
                    <Unicode>zulosen</Unicode>
                </TextEquiv>
            </TextLine>
            <TextLine id="r5l39" custom="readingOrder {index:38;}">
                <Coords points="1732,2803 2133,2795 2173,2832 2247,2796 2475,2802 2555,2849 2779,2820 2780,2763 2593,2738 2499,2768 2396,2739 2340,2782 2091,2710 1734,2744"/>
                <Baseline points="1740,2787 1791,2787 1843,2786 1894,2786 1946,2787 1998,2787 2049,2789 2101,2790 2152,2790 2204,2792 2256,2795 2307,2796 2359,2798 2410,2799 2462,2801 2514,2802 2565,2804 2617,2804 2668,2804 2720,2805 2772,2804"/>
                <TextEquiv>
                    <Unicode>Ob ab nit gehort, daß mann preere compert</Unicode>
                </TextEquiv>
            </TextLine>
            <TextLine id="r5l40" custom="readingOrder {index:39;} place {offset:2; length:4;}">
                <Coords points="1750,2859 2136,2852 2269,2887 2442,2855 2572,2902 2820,2872 2821,2822 2734,2806 2558,2848 2487,2810 2171,2831 2132,2796 2007,2823 1752,2796"/>
                <Baseline points="1757,2850 1809,2846 1862,2844 1915,2843 1968,2843 2021,2843 2074,2844 2126,2845 2179,2847 2232,2849 2285,2852 2338,2855 2391,2858 2444,2859 2496,2862 2549,2862 2602,2864 2655,2864 2708,2862 2761,2861 2814,2858"/>
                <TextEquiv>
                    <Unicode>a pule gemamsen, Ob suin N in umfilon</Unicode>
                </TextEquiv>
            </TextLine>
            <TextLine id="r5l41" custom="readingOrder {index:40;}">
                <Coords points="1740,2911 1934,2941 2052,2902 2252,2957 2340,2916 2412,2945 2526,2917 2748,2937 2813,2896 2737,2866 2572,2903 2505,2857 2444,2895 2379,2864 1947,2884 1903,2841 1740,2866"/>
                <Baseline points="1746,2909 1801,2906 1857,2904 1913,2904 1968,2904 2024,2904 2080,2904 2136,2906 2191,2907 2247,2909 2303,2912 2359,2913 2414,2916 2470,2917 2526,2919 2582,2919 2637,2921 2693,2921 2749,2919 2805,2918"/>
                <TextEquiv>
                    <Unicode>und strastuntember sein und nit auch la Ma</Unicode>
                </TextEquiv>
            </TextLine>
            <TextLine id="r5l42" custom="readingOrder {index:41;}">
                <Coords points="1741,2977 2262,2963 2418,3003 2455,2973 2778,2999 2779,2931 2674,2952 2622,2918 2118,2943 2047,2902 1958,2947 1742,2936"/>
                <Baseline points="1748,2964 1799,2964 1850,2964 1901,2964 1952,2964 2003,2964 2054,2966 2106,2966 2157,2967 2208,2969 2259,2969 2310,2972 2361,2972 2412,2974 2464,2976 2515,2978 2566,2979 2617,2981 2668,2984 2719,2985 2771,2988"/>
                <TextEquiv>
                    <Unicode>mill genent werde. Habe das wort la</Unicode>
                </TextEquiv>
            </TextLine>
            <TextLine id="r5l43" custom="readingOrder {index:42;}">
                <Coords points="1762,3035 1969,3070 2078,3028 2151,3078 2343,3036 2404,3069 2477,3035 2785,3058 2809,2984 2729,3020 2455,2973 2396,3013 2260,2970 1764,2978"/>
                <Baseline points="1769,3027 1820,3026 1872,3026 1923,3026 1975,3026 2027,3026 2078,3027 2130,3027 2181,3029 2233,3030 2285,3032 2336,3033 2388,3035 2439,3036 2491,3039 2543,3040 2594,3042 2646,3044 2697,3044 2749,3045 2801,3047"/>
                <TextEquiv>
                    <Unicode>mie wol gehört, zu welchem iss aber ninnt.</Unicode>
                </TextEquiv>
            </TextLine>
            <TextLine id="r5l44" custom="readingOrder {index:43;}">
                <Coords points="1741,3133 1849,3110 1941,3137 2064,3090 2737,3136 2749,3051 2574,3067 2477,3033 2411,3069 2350,3039 2150,3077 2075,3028 1940,3072 1866,3033 1742,3047"/>
                <Baseline points="1748,3090 1797,3089 1847,3089 1896,3089 1946,3089 1996,3089 2045,3090 2095,3090 2145,3092 2194,3093 2244,3095 2294,3095 2343,3096 2393,3099 2443,3101 2492,3102 2542,3104 2592,3105 2641,3107 2691,3108 2741,3108"/>
                <TextEquiv>
                    <Unicode>lich sege geredt worden, das Wüze is nit</Unicode>
                </TextEquiv>
            </TextLine>
            <TextLine id="r5l45" custom="readingOrder {index:44;}">
                <Coords points="1741,3162 1867,3149 1963,3186 2191,3160 2248,3190 2457,3163 2515,3201 2773,3163 2702,3114 2479,3146 2429,3110 2154,3130 2065,3092 1944,3138 1742,3133"/>
                <Baseline points="1749,3147 1799,3149 1850,3149 1901,3150 1952,3152 2003,3153 2054,3155 2104,3156 2155,3157 2206,3158 2257,3159 2308,3161 2359,3162 2410,3162 2460,3164 2511,3164 2562,3165 2613,3165 2664,3165 2715,3165 2766,3165"/>
                <TextEquiv>
                    <Unicode>wunn nit glaube, daß sein n ein fion sege</Unicode>
                </TextEquiv>
            </TextLine>
            <TextLine id="r5l46" custom="readingOrder {index:45;}">
                <Coords points="1720,3228 1837,3205 1915,3252 2042,3211 2144,3263 2299,3221 2703,3267 2735,3204 2636,3177 2437,3211 2315,3158 2256,3192 2186,3160 1973,3189 1783,3148 1722,3174"/>
                <Baseline points="1728,3210 1780,3209 1833,3207 1885,3207 1938,3207 1990,3209 2043,3210 2096,3212 2148,3215 2201,3218 2253,3219 2306,3222 2358,3225 2411,3228 2464,3230 2516,3231 2569,3233 2621,3234 2674,3234 2727,3233"/>
                <TextEquiv>
                    <Unicode>habe dergleichen sachen nüt von nun gesuchen</Unicode>
                </TextEquiv>
            </TextLine>
            <TextLine id="r5l47" custom="readingOrder {index:46;} person {offset:24; length:10;}">
                <Coords points="1744,3268 1850,3311 2221,3279 2564,3323 2721,3311 2723,3261 2354,3258 2298,3220 2099,3260 2041,3211 1915,3250 1745,3243"/>
                <Baseline points="1751,3267 1799,3267 1847,3266 1895,3267 1943,3268 1992,3270 2040,3272 2088,3274 2136,3276 2184,3279 2233,3282 2281,3285 2329,3287 2377,3290 2425,3293 2474,3294 2522,3296 2570,3297 2618,3297 2666,3299 2715,3297"/>
                <TextEquiv>
                    <Unicode>noch geholt in den Namm la manuile</Unicode>
                </TextEquiv>
            </TextLine>
            <TextLine id="r5l48" custom="readingOrder {index:47;}">
                <Coords points="1741,3342 1902,3333 2058,3379 2184,3346 2371,3394 2412,3384 2414,3334 2320,3326 2220,3279 2073,3318 1995,3291 1907,3313 1743,3293"/>
                <Baseline points="1749,3326 1781,3327 1814,3327 1847,3329 1880,3329 1913,3330 1946,3332 1978,3333 2011,3335 2044,3336 2077,3337 2110,3338 2143,3339 2176,3342 2208,3343 2241,3345 2274,3346 2307,3348 2340,3350 2373,3351 2406,3353"/>
                <TextEquiv>
                    <Unicode>auch nimahlen gehölt nunen.</Unicode>
                </TextEquiv>
            </TextLine>
            <TextEquiv>
                <Unicode>44
der großen kirchen, sein seile heiße marie
lacelet by 24 jahren alturis und wartn
dem laden ab, gäbe ein kind gehalt, seyn aber
vorglegen jahren gestorben.
Vie der mr und ein frauw ins benahmet und zu
mb die waltihn sprach gelehrnnt erb uyn inder
zeit dorzur alemande aement worden und habe
in veltihn sprach zu Sraßburg, da mann mich
mntzeis französisch ende, gelehrnnt.
Ob aber nit vor einem jahr hins in suen mann
Da
annns sürre sertnns un kind samtdingen
Callarin gugeben, vnd er formentin daß Anda
hattur seyn. Ja ins habe duch sierre ser.
rl
auch im kindersamt zegen Tallerin zugestelt
sein mr alger seye nit deß undrs valler gee
wesen, sondern eeter Amholz am soldat
und muhquetierer zu Sraßburg, so aber
dmhar gestorben.
vor zmm die kreis halter gegeben. Sum men
er und habe aun alle monat (zuvon aber
gesag alle Buchen, Jaa pertics noch ui
aner zugeben verprochen.
so abrharkomme wo übernachtet, Wo is diß
mahlen hiaußgewolt und ver die segen
b bg seinem Neuer gewesen, Ob sy nit sinn
denner segind. Lomma dißmahlen von Stasell
und habind an kinnem ort übernachtet, sondern
in einem tag von Basell biß nacher Ollman
egen gangen. Wnne die übrigen gsellen
e mit gwage seyind ihn install zutunn
komen, die snderen aber habind sy ohn allman
ingen angetroffen. Sum vorhaben seye ge
vnsen nechgs insicten vmb das gliebe, so mi
wngen ißaunff mans hizigen Zieber guthan,
zulosen
Ob ab nit gehort, daß mann preere compert
a pule gemamsen, Ob suin N in umfilon
und strastuntember sein und nit auch la Ma
mill genent werde. Habe das wort la
mie wol gehört, zu welchem iss aber ninnt.
lich sege geredt worden, das Wüze is nit
wunn nit glaube, daß sein n ein fion sege
habe dergleichen sachen nüt von nun gesuchen
noch geholt in den Namm la manuile
auch nimahlen gehölt nunen.</Unicode>
            </TextEquiv>
        </TextRegion>
    </Page>
</PcGts>
