3024 4032
232 468 361 566 113.
480 580 1419 730 bald widerzunbergeben, welchess er aber by
493 664 1454 795 10. tag hinder zun behalten, ohne das el deßen
485 722 1394 839 ben an den arkunten expeditionn Homohle
484 786 746 869 gehabt habe.
469 853 1391 968 Ober nit herre sauetmann von Grassunrind
492 923 1420 1037 uff sein anhalten zum versprochen, ninar
463 992 1392 1109 Reichnuß seiner enlangten Companns zugebe¬
491 1054 1405 1170 und woruß er selbige habe numen wollen
487 1118 982 1222 alß auß der ordmanz.
1051 1120 1385 1231 Dise virzunh
475 1173 1405 1283 umb seiye mit anders, alß nun abschrift deß
466 1243 1404 1332 Auß dem muser Stodel, welchen er hinder
474 1301 1392 1422 zum gehabt, weilen fr der Muserung by¬
472 1382 1397 1491 getohnt, Maßen er num auch seiner compa¬
482 1435 1415 1542 nun halb einen extract gemacht, umman
480 1507 1242 1608 under den schriffen finden werde.
456 1643 1333 1771 Obe den herren eficierus und imme selb in
458 1714 1393 1815 In dem inen wegen gehaltener userung
893 1782 959 1838 1
468 1788 1370 1899 gegeben crlisicat mihr tagen miugesuz¬
1148 1846 1392 1928 Kunmnanden
460 1851 1015 1973 alß sy aber zugebracht.
453 1927 1340 2032 habe er mehr tagen, alst aber zubracht
453 1968 1367 2083 worden hirzugesetzt sert minem tuden
454 2030 1374 2166 anpur de von. außgenomen h. Saupt
471 2111 1381 2222 mann Lahrbar, so mit herre Obrist Frischigg
473 2173 1371 2289 sollen und zum gehelffen. Ium dann
446 2228 1387 2348 habe er nach gewohntem brauch hinzugesezt,
465 2299 1277 2427 von einer jnden mußerung ein tag
448 2421 1371 2563 Ob e2 nit zu inderschidenlichen mahlen zu
459 2505 1389 2617 Natdemburg geweßen, aber ninmahlen  der
447 2549 1375 2686 statt, sondern allezeit im schloß seym huber
462 2641 1365 2758 natariu eingeluhrt und losement genomm,
459 2688 1371 2818 ezeyn sein inbtag Einmahli zu Kawen
450 2758 1395 2846 burg sonder in der statt noch im schloß gsin
451 2815 1375 2936 Nit mundet aber seyns, daß er vorhabens
448 2878 1350 2988 gewesen mit Hr etteren sich dahin zu begeben
460 2939 1365 3056 umb sich zudivertierin, und zu zum gesagt das
451 3014 1311 3133 Er den zmahlen Inn selbsen die Ehr geben
441 3056 1390 3164 wolle, den herren huberuatorin alß zu welchem
437 3126 1345 3227 frau starch in dem sy in mune anberge
453 3168 1392 3304 gewesen, hutte kundersamme gehabt, zu ompli-
446 3228 1363 3347 mentierin und etwan umb ein mahlzeit by
434 3313 882 3434 ime sich ußzuhalten.
2678 379 2792 492 110
1719 535 2822 761 An welchem dat sein bruder Heidnrich den sachen
1755 615 2760 823 ab- und eingeschliben theiles zu hauße thmlih
1753 669 2773 900 In der schärnben mit inderweiliger garmah
1755 732 2817 944 nung, alleis gehenn zuhalten, fur welche samn
1757 794 2815 1017 muhn erstum uin daß zuterehren versprochen.
1754 921 2808 1143 E vill sich aber zeidenrich gar nit besimmen, das er
1749 1008 2764 1210 von im hauß ohngnächter das ort das ins bym
1755 1055 2770 1294 Tischli im hinderen stübli beschechen seyn, benamset
1759 1138 2793 1352 etwas geschriben. habe aber gar ein schwache gen
1757 1204 2687 1424 fächtumb Wol aber vie Bereins bekent,
1751 1261 2762 1457 der scharstuben, da a zu zue kommen und gesag.
1745 1321 2754 1522 aenßte ein buch machen, habe em eyd drauff
1753 1368 2821 1596 theye nocht und inm uwas abzuschreiben geben,
1697 1541 2767 1724 endtlichen hatt er nochmahlen bethernt, daß e
1744 1627 2765 1793 daß noch zunuchteten schlußels halb, Item
1746 1693 2781 1864 as er noch mehrem schritten hinder ime haben
1754 1766 2822 1916 solle auchlorße, oder dach er einehe Correspon
1750 1831 2809 1972 denzan ißern ort geoflogen oder zupflegen
1746 1901 2797 2044 Im seen gehabt, ganz ohnschuldig seyn, sondern
1749 1976 2797 2101 sein absuchen seie eüzig und allein gewesen,
1752 2035 2821 2177 Ime zi bekantschatt dersachen zumahn, umb
2224 2102 2842 2212 Im vbrigann Baf
1752 2122 2224 2230 deso vnßer zudinnin,
1761 2175 2795 2293 er sich seiner begangen grißen sunden und
1761 2230 2832 2354 fahln halb in Nemwighl gnad und Angnad
1776 2302 2739 2406 Palle selbige, Wie auch oll den Harnn
1744 2361 2761 2488 und indermnnigtlich umbgnad und vur¬
1735 2442 2518 2559 heihungaul c ovebris 1685.
1751 2771 2860 2915 seilen hernach im berichs eingeben worde
1745 2858 2825 2979 daß erlung verwicheng christmonat von m
1766 2914 2793 3064 Anthon Marti ein weisen schimmel gelichen
1782 2979 2842 3126 mit vorwand er wolle jnden auß enen seye
1772 3058 2793 3184 aber obenauß über den Urich marck durch
1743 3110 2774 3268 das kollaten matt gaßen dorn umb den
1768 3174 2788 3332 dirzen graben oder eie lange gaßen anß
1761 3247 2777 3375 dem Breigarin nach gefahren ein alß
1755 3307 2846 3465 das er in demselben uff der sreyburger Rraß
1774 3378 2793 3539 angetroffen und by 14 tagen gßbliben
1764 3463 1911 3555 ege.
