3024 4032
433 489 508 563 230
684 492 1370 650 Hans Geörg Prem
610 604 1538 737 seinem vorgeben nach gebürtig von
634 698 1561 823 Hanauw, seye aber zu Ratemnser
641 755 1548 857 auferzogen worden, alß dahin sein
645 806 1573 920 völler der ein Eußpott gewesen von
671 877 1542 988 18 jahren sich begeben und biß in
635 943 1548 1046 sein end ufgehalten, ohne berest
632 991 1578 1118 seines alters by 36 Jahren, vnd seit
642 1077 1588 1190 6. jahren verhenrathet mit Catharma
613 1136 1576 1269 Fischerin von Weilspach beide luthse
600 1252 1564 1395 Alß diser befragt worden, wie er dise
613 1341 1561 1462 Steiwebuchl Attestationen vnd
635 1398 1444 1530 pratenten zerhand bracht.
632 1489 1542 1606 sagte er, daß er zu manneren in
637 1574 1521 1681 einem Wehrtshauß den Heinrich
618 1626 1551 1744 weiß uß dem erstthum anhalt
625 1718 1572 1807 dere Ihme lieuor sein Camerad gewesen
637 1770 1564 1840 alß sy under dem kamth der brunst
633 1844 1575 1935 beschädigeten statt Oldensbergin
619 1897 1567 2004 dem Heßischen steuwe ufgenomen
644 1951 1554 2064 derentwegen er hievor zu Lucens
634 2027 1580 2128 in arrest gesetzt worden angetroßen
633 2071 1589 2187 deme er sein widerfahrents unglükk
1110 2138 1572 2237 Darauf der Weiß
649 2142 941 2256 angezeigt,
658 2201 1575 2312 ihme eines zu Trinaken und beredt
643 2268 1566 2387 daß er dise bechli und ottestation
637 2354 940 2444 angenommen.
616 2409 1566 2542 Ob er nit geweßt, daß alles falts
644 2509 817 2601 seye.
658 2543 1476 2668 ja, er habe es wol geweßt.
557 2580 617 2671 2
643 2636 1509 2770 Warumb er dan vorsetzlich sich
657 2727 1554 2836 solchen Schelmereyen angenomen,
670 2803 1557 2896 vnd ihme daß erste nit zu einer
643 2859 1363 2955 wahrnung dienen laßen.
547 2940 1491 3067 f Er wolte gern er hatte sich beßer
648 3015 1497 3120 bedacht, es seye ihme sehe leid
643 3072 1553 3179 Der mangel habe ihne herye bevog
628 3178 1548 3278 wann nun er ein rechtes ronweg
645 3223 1569 3326 habe wie er dergleichen theye soll
636 3292 1524 3387 solle Gott die ehre geben vnd der
634 3329 1575 3442 warheit sagen, ob er nit selbsten die
634 3389 1565 3504 Atteptata gescheiben oder die brchli
652 3461 1542 3546 so wurde er einen gnädigen richter
635 3516 817 3620 finden.
1794 573 1870 683 2
1838 1311 1881 1394 2
2825 425 2923 493 231
1888 493 2923 686 er habe an disen büchlenen und attestation
1883 648 2350 781 gar nichts geschriben
1871 657 2932 835 Wer dan selbige geschriben habe und besiglet.
1896 761 2864 913 er wüße es nit, er habe keine sechen
1920 828 2858 978 schreiben ußert der satent so under
1906 865 2913 1022 dem namen schlts und rath der statt
1910 922 2919 1085 Hern gestelt seye, die habe er den Pauer
1917 1006 2867 1169 sechen Siglen mit einem Stein darauf
1912 1092 2655 1231 der chärr gestohen ware.
1867 1147 2931 1293 wer denselben gestochen oder groben habe
1926 1263 2404 1404 Der fhdlex Paūr.
1906 1329 2879 1474 woher diser faur seye und wo er
1933 1425 2286 1536 sich vfhalte:
1954 1470 2892 1637 sr seye von Ulm k�mme aber nit
1862 1515 1906 1626 2
1958 1568 2865 1681 wüßen, wo er sich ufhalte oder zu
1951 1614 2926 1739 erfragen ward alß zu übesonstantz
1927 1685 2920 1802 by dem Hecht oder Eischgrad allwo
1921 1746 2733 1851 sy ihne wider antreßfen sollen
2274 1841 2325 1888 1
2168 1828 2266 1891 eit
1824 1811 2927 1958 Vwelchen gag sy einandern zu Constantz
1931 1891 2559 2008 zu erscheinen bestimbt.
1940 1972 2901 2081 Etwan nach 3 wochen, selbige sey
1825 2004 1902 2113 R
1966 2044 2778 2158 aber lengstnnb verfloßen
1916 2125 2886 2241 Ob jemand mehr als der faue und
1953 2195 2895 2307 der weiß mit disen sachen umbgehe
1942 2250 2902 2374 vnd in deren gesellschafft sich besind,
1819 2316 2897 2455 s. Er habe noch des Janren Schwägers
1841 2396 2911 2515 aldagesechen, der eine heiße Heinrich Lang
1922 2466 2847 2575 der andere Johannes, Eye ein
1941 2515 2857 2636 ohenn deßen geschlechts namen
1943 2593 2734 2699 er niemahlen gehört nennen
1900 2663 2835 2774 Wie lang es seye, daß sy mit disen
1921 2738 2824 2834 haltschen sachen umbgechind und im
1920 2789 2584 2886 land herumb zeichind.
1866 2858 2751 2962 R. Es seye by 4 oder 5 wechen
1876 2932 2840 3054 wie vil gelt sy damit ufgenommen
1942 3018 2544 3142 by 32 oder 33 rth
1887 3101 2781 3231 wo sy mit denselben hinkommen
1913 3186 2886 3306 Was sy nit uf der straß verzehrt
1934 3255 2866 3349 daß habe man ihnen zu Wiblischueg
1939 3305 2866 3425 abgenomen namlich by 27 thl
