3024 4032
412 556 473 636 238
340 983 592 1140 sdi
348 2002 628 2083 alles ubel
337 2255 649 2385 Rx: 20. cap. 9. v.
340 2351 511 2433 N: 128
332 2445 656 2573 edi 8 cap 117.
622 585 1118 731 rimmal rocess
855 705 967 813 für
664 770 1321 910 Hans Georg Prem
881 873 982 951 und
676 901 1406 1040 Johan Panl Glaser
598 1036 1527 1157 ir lasen in dem ersten buch Mosis
651 1109 1537 1200 in dem dritten Capitel, daß Gott
633 1166 1557 1258 der Herr daß redtrich, welches von
662 1214 1548 1344 sich selbsten alles reichlich heruor geben
666 1281 1563 1395 umb des mentschen ungehorsamme willen
659 1342 1573 1457 vnd weillen derselbe seinen affecten p
651 1397 1566 1526 geben, verflucht vnd gesprochen, daß
666 1461 1533 1589 es dißeln vnd dorn tragen vnd Er
654 1551 1548 1656 der mentsch im Schweiß seines ange
646 1610 1509 1719 sichts son brott eßen solle sein
652 1673 1558 1785 lebenlang, alles zudem vnd daß
652 1740 1524 1863 die nachkomenden sich imerdar
672 1831 1572 1924 errinerind, was die sund nach sich
658 1892 1563 1983 gezogen, und darby durch die arbeit
694 1965 1494 2056 von dem mußiggang als der
692 2023 1488 2124 vertzel abgehalten werdind.
1501 2031 1529 2106 1
705 2082 1515 2187 deßwegen dem mantschen in h
692 2149 1516 2257 Schrifft die arbeit sehr ernstlich
693 2207 1569 2325 anbefehlt, da er spricht ex 204
703 2266 1551 2388 sehr tag solt de wercken und schaffen
700 2341 1563 2449 und in dem 128. n de wirst dich mit
706 2405 1521 2504 demer henden arbeit ernehren,
700 2463 1529 2579 mit versprechen eeichen sagnns,
704 2522 1542 2638 sußen schlaafs und anderen dem
700 2588 1547 2700 mentschen angenemen vnd entzlich
1102 2641 1564 2755 hingegen den faufe
695 2680 890 2756 dingen
699 2717 1560 2815 und tragen mentschen neünet einen
703 2785 1555 2904 thoren, ihne weiset zu der ammeste
719 2849 1531 2951 ihre wäge zu betrachten damit
728 2907 1185 2993 er weis werde.
728 2965 1568 3075 gleich wie nun die Thören allerwelt
725 3031 1557 3135 einen vberlast also sind es fervar
724 3086 1522 3193 auch die müßiggenges, welche
713 3156 1514 3263 gleich den großen binen ohne
724 3200 1563 3324 bytragen das hang so die anderen
717 3278 1528 3380 mit großer sorgfalt zusammen
706 3329 1563 3442 getragen ußgreßend, welche der
724 3388 1547 3497 sorgfeltige Haußvatter aber bÿ
723 3445 1506 3545 zeiten suchet zu verderben und
732 3516 1040 3610 ußzurotten.
2806 469 2916 559 239
1849 570 2854 715 Thut nun solches ein hauß vatter an den
1867 640 2875 768 unnützen binnen wie vil mehr will es
1869 691 2877 845 dan einer hochen oberkeit ob und an
1848 750 2774 922 gelegen sein von den vberläßigen
1864 818 2907 955 müßiggangeren und sonderlich der jenig
1877 856 2918 1011 welche vnder allerhand verdamlichen listen
1869 920 2933 1078 vnd rencken ihre getreuwen vnderthanen
1875 1003 2881 1134 vmb daß Jenige so dieselben zu der ehre
1862 1086 2883 1217 Gottes gewidmet oder sonsten zu ihrer
1859 1109 2917 1277 eigenen erhaltung mit sanrem schweiß
1860 1180 2921 1312 und blutt gesamlet, zu bringen suchend
1858 1241 2929 1388 ihres land zu erinigen und znserberen
1830 1297 2923 1448 Alß wie da sind die dißmahlen in a gne
1848 1364 2928 1514 banden verhaffte zwo mannspersohn
1862 1434 2869 1550 die einte Namens Hans Geörg
1823 1520 2881 1637 arem gebürtig zu Horoner und ohne
1844 1558 2903 1705 vocation, vferzogen zu Ratenspurg
2660 1655 2832 1742 des
1854 1656 2622 1746 seines alters by 36 Jahren
1850 1714 2929 1820 Andere Namens Johan Paul Glaße
1855 1781 2901 1898 gebürtig zu Ebingen wirtemberger
1861 1852 2892 1965 landts by 34 jahren alters seines
1864 1911 2937 2029 berns ein bades vnd Gruchschneider
1860 1992 2907 2100 by welchen der müßigang also ein
1853 2055 2888 2155 gewürtzet, daß sy anstat arbeitens
1865 2121 2908 2228 oder by disem Zeiten da ihr vatterland
1859 2182 2869 2288 mit Kriegsflartz vmbgeben, Sy die
1857 2243 2908 2350 nothwundigen Waßen ergreisten vnd
1850 2313 2910 2427 daßselbe beschützen helßen sollen, lieber
1834 2402 2840 2502 den wihrtsheüßeren nachgezogen
1838 2446 2893 2542 Indenen sich zu anderen bosen beibor
1853 2478 2875 2620 gesellet, wie dan anzogener frem zu
1855 2561 2893 2691 dem Wihrtshauß zu Eglißhofen einem
1859 2638 2866 2754 darf nechst vnd enher Constantz einen
1853 2705 2846 2815 solchen angetrofen, der er wegen des
1859 2779 2877 2876 weiße seiner haaren neünet Wilheln
1850 2831 2904 2937 weiß oder der weiße wilkelon, welcher
1862 2891 2894 2998 ein mit dreyen schonen siglen verwahrten
1855 2956 2904 3066 Schein als wann in der landgradschafft
1831 3017 2887 3125 Heßen in der statt Odelßburg, zwo
1855 3084 2814 3191 kirchen das schulhauß und 256
1856 3155 2872 3257 augerliche Wohnhaußer erbärmlich
1844 3211 2854 3317 mit feüwe usgangen wärend sambtt
1841 3300 2880 3387 einem besigleten prass, recomendation
1859 3340 2874 3431 schreiben vnd noch einem mit gleichen
1847 3396 2901 3504 siglen als uf der pratenten stechen verwahrten
2629 3455 2783 3560 büchli
