3024 4032
264 722 435 838 262.
526 750 1008 853 Pierre Girod
510 820 1012 933 von Gex la Ville
397 908 1401 1042 hat sich von der Perregaux in ihrer
462 1002 1412 1115 correspondents mit dem frantzösischen
456 1055 1381 1155 ambassadoren gebrauchen lassen und von
490 1125 1391 1228 ihrem schlüssel und anderen ihren
472 1176 1423 1282 schelmereyen gewüsst, dessen ohn¬
478 1240 1392 1350 geacht weder seinem tisch herren
487 1329 1436 1419 noch jemanden anders dauon nichts
490 1383 1462 1493 eröffnet, dem englischen herren extra
475 1450 1409 1570 ordinari envoyé auch zuogeschriben
490 1526 1396 1631 und demselben allerley sachen commu¬
480 1589 1401 1683 niciert von des frantzösischen amb.
482 1662 1376 1766 an die perregaux abgelassene
508 1725 1396 1819 schreiben selbsten gelesen und in
496 1782 1410 1901 ihrem nammen deren beantwortet,
474 1860 1405 1982 dennoch alles gelaugnet, wess¬
488 1927 1383 2034 wegen er durch angewendte
503 2006 1411 2112 marter mit dem daumeisen
487 2070 1365 2198 und seil zur bekantnuss
484 2158 1378 2270 gebracht werden muessen etc. ist
501 2205 1416 2319 heüt uf instendige fürpitt seiner
489 2302 1446 2394 bruederen von mghen. r. und burgern
484 2368 1416 2466 der gefangenschafft erlassen und
484 2429 1438 2544 mit dem eyd von ihr gnen. statt
479 2491 1420 2612 zu verweisen verfelt worden.
487 2571 1135 2688 Actum 19. febr. 1690.
446 2643 1054 2787 Exeq. gleichen tags.
2568 688 2758 813 263.
1815 748 2509 919 Vernere erkantnuss
1860 836 2534 974 wegen der Pergautin
1605 878 2768 1078 Zedul an junckheren grossweibel
1693 1027 2023 1148 Tscharner etc.
1718 1055 2707 1219 Es habend mehghen. räth und burger
1732 1111 2719 1247 über eüweren heütigen tags der ent¬
1726 1201 2677 1323 haltenen Perregaux halber gethanen
1735 1250 2701 1380 anzug, deroselben ansechenlichen ver¬
1726 1321 2713 1454 wandschafft hieuor den 18. febr. und 24ten
1727 1387 2745 1520 martii eingebene supplicationen und
1720 1465 2701 1572 die darauf ervolgten erkantnussen
1735 1527 2743 1645 ihnen nochmahlen ablesen lassen, auss
1723 1592 2767 1705 dem mund anzogener hochansechenlicher
1739 1656 2776 1788 verwandschafft herren fürsprech. auch
1725 1731 2767 1842 verstanden, wessen dieselben, sich be¬
1708 1792 2551 1915 schwärind und darüber erkent.
1714 1884 2776 2008 Sintenmahlen hochanzogene verwandschafft
1727 1954 2758 2070 in eingelegter erster supl. sich erpotten
1715 2036 2673 2143 gedachte Perregaux an solche sichere
1721 2084 2704 2196 ohrt zu verschaffen, dass weder dem
1728 2168 2764 2282 stand noch einicher particular persohn
1719 2237 2689 2339 die geringste noch wenigste gefahr
1732 2297 2755 2415 schaden noch nachtheil verhoffentlich in
1727 2362 2595 2473 erwigkeit nit widerfahren solle.
1739 2431 2761 2547 dass er junckhen. grossweibel hiemit
1752 2500 2745 2623 uf diss ihr ihr gegebenes wort und
1731 2569 2731 2694 ersatzung aller ihrentwegen ufgeloffenen
1730 2644 2763 2762 uncösten die enthaltene perregaux
1721 2713 2718 2820 ihnen ohne andere bürgschafft wol
1735 2775 2765 2876 ubergeben und uberlassen möge etc. mit
1738 2841 2724 2951 der insinuation mehghen. hernach zu
1737 2905 2718 3021 vermelden, wo sy mit diser creatur
1724 2961 2725 3077 hinkommen seyend. actum vor räthen
1739 3026 2639 3151 und burgeren den 14. aprilii 1690.
