3024 4032
330 553 404 627 69.
460 567 1415 704 Wrnd lege besthehen, ntwan dor ach Jahin
494 660 1440 773 in der zeit alß e2 t der anzleg Catracia
507 708 1384 834 lins wahre, zu Bais vorhäben aber dan
510 780 1243 922 buße er sich nit muhr zuersaumen
478 913 970 1038 illiche habe er solgen
480 981 1390 1104 Ob er solchens villichter gethann habe auß
497 1033 1363 1169 anwegung anderen Beilen etliche et¬
498 1098 1408 1205 war ohnwillnns darüber verseihten lasen
501 1174 1389 1303 Aein, Wass er gemacht, dass gahn er von
492 1244 1396 1346 ich selbsten gethan ohne Inmandeßin ge¬
496 1309 907 1432 huß noch ansaffung
449 1411 1395 1538 Su Wacb ind 1r das bedencken wegen Con¬
464 1489 1404 1609 junction Zurch vnd Bturz zu munn han
506 1534 1407 1657 Im genomen, da doch solchens vmpit ihmrt
494 1589 1399 1696 vorden und hatteverschloßen bleiben solle,.
483 1662 1407 1776 habe solches nit unbrochen, sonder schon ge
498 1712 1406 1847 offnnt bnfunden und seyn solches beschehen
495 1778 1148 1893 wegen betrachtung den Pastin
467 1902 1380 2036 Wan b mit den defensidnal sachen habe
757 1966 1430 2068 vmb im ableillung der Köl¬
489 2003 732 2078 thun wollen.
490 2065 784 2158 Parm zusuchen
448 2162 1353 2298 eien underschidenliche Beduncken vor¬
483 2234 1341 2351 handen, die nit klingssachen betruffen
475 2292 1343 2411 Nohar er selbige genomm, und das er
1112 2364 1379 2466 habeselbige
465 2376 984 2466 darmit habe ihun wollen.
482 2428 1352 2534 vor acht Jahren In der Cantzlug genomm
492 2478 1344 2594 und weilen iu policey sachen sugind, Habe
480 2568 1032 2671 es selbige abschrieben wollen.
450 2647 1342 2770 worumb er solche nit wider u die sanzlig
640 2714 1363 2826 Seyn darauff alßbald vermißt
497 2737 628 2824 gubus.
464 2826 1355 2935 worumbbut sut 3 jahren daher, alßaoder
503 2904 859 2987 by hauß anlomin.
917 2907 1362 2993 Habe ninmahlen dran
493 2956 1422 3064 gesinnet, und inn deßen auch niemand erze¬
481 3085 1414 3235 Weilen in dem vergammeten buch ist wahr.
496 3184 1386 3284 genomen worden, daß nit alleis von seiner
499 3248 1089 3345 eignen hand darin geschriben.
1102 3255 1356 3343 1 f 2 x
485 3302 1413 3412 frag worden. ueßen schrifft zaus andere sage
495 3364 1375 3481 uff erhaltene entwort, daß sein bruder
1732 437 2788 659 acheis geschriben, u ime vorgeworffen worden
1732 528 2764 753 piner mit der warheit umbgehn, ziuor habn
1752 603 2787 802 er gesagt, wnder ein bruder noch jimandes
1743 641 2822 866 anders habend mit von seinen sachen gewüß.
1751 708 2809 898 auch habe er ninmandem mit Comuniciert, da
1744 810 2722 997 och dißmahln das gegen acht sich bernde,
1738 872 2781 1021 zein sruder habe von einem vorhaben gar
1757 936 2723 1080 nütgeweßt, habe ime einfaltig bemahlen
1745 992 2791 1159 slihes abzuschreiben, niemand mit zusommen
1746 1031 2818 1219 gierin und die ihur hinder zum zu beschliißen,
1717 1167 2797 1371 Volgentes s zum wiitleüffig und nachkunklin
1753 1267 2779 1462 vorgestelt worden, daß nit wol anderst sein
1756 1324 2783 1499 können, dann er müße um anders absachen
1746 1380 2795 1578 alß er vorgeben gehabt haben, in betrachtung
1710 1457 2806 1624 durgleichen Atrana Staltis- und Tringis Arca¬
1759 1520 2761 1672 ja zuweßen nit einem diener sondern
1749 1588 2803 1723 einum Generalus gezinme vnd gebuhrte vnd
1739 1669 2692 1808 solle in sich selbis gehen, und in Gollenh
1748 1741 2770 1876 laum angengen. Wohin und wais en etwann
1750 1780 2788 1913 anderwerng an Bßern ort ins seyn mendtlich
1750 1851 2777 1987 oder schriftlich comuniciert habe, damit mann
1744 1919 2727 2028 etwann trächte wenn durch anderwertige
1751 1987 2745 2109 onsilia das Nahml und blichtbad, so sonsen
1751 2049 2788 2169 über das vattarland ergehn mochin, abzulahnen
1744 2125 2796 2226 auch wann er alwan andern schriffen habe oder
1760 2188 2772 2303 onsee eegwillig anzugeben, umb zu selbstg
1750 2252 2780 2361 vor wommernn cmach vnd Bratt und land vor
1748 2313 2780 2412 großem vorderben zusein, daßen ohnee
1757 2367 2788 2473 acht Ist er beständig perharret, daß Er kum
1754 2436 2788 2554 ander absuchen gehabt, alß deso Baßernmuß
1726 2506 2682 2611 zuleisen, vnd seyn sein vorhaben getansen
1746 2561 2770 2682 ann ia alß allens zusammen getragen, selbi
1748 2643 2750 2749 gens hernach in gewaße abtheillung sulam¬
1756 2704 2712 2815 gen, samlich, das zue Arlillerei gehort
1750 2771 2697 2885 besonderbahr, was zur infantereg auch
1730 2845 2688 2951 zusammen und alß auch was zur sintarin
1739 2903 2746 3016 damit im fahl menr Barub Bann e imn sel
1736 2973 2763 3067 dienen wurde, dursachen bericht und arkantnus
1757 3035 2733 3142 halte, und habe inn darzu sein allzugroße
1762 3096 2779 3199 vrgsitet gebracht, im übrigen habe es weder
1754 3160 2775 3268 vill noch wunig, schrifftlich noch mundrlich an istarn
1753 3219 2730 3318 oet communiciert noch meiche verstandtumb gu¬
1760 3284 2694 3393 pflogen, auch solches eimahlen guthen im
1756 3341 2686 3457 sem gehabt. abe auch in gutten truwen
1751 3406 2713 3512 alle schriffen angezeigt und wüße das ge
1763 3467 2094 3570 ingse nit mihr.
2198 3480 2684 3574 Acte 31. ovembris 1685
