3024 4032
339 501 465 608 133.
528 587 1438 735 It . Ib din Rung indergefallen und
540 683 1438 802 Voll den Herrin gefallen daß er zum
542 738 1431 848 eum sunden und mißnthaten verzeichen
543 796 1449 910 auch ime die anad gerleichen wolle, das er
549 868 1188 979 niemandem znracht ihnyn.
523 966 1428 1088 darauff er Glongmahl Jahr ußfgezogen
541 1040 1451 1153 worden und ohngeacht die solche Marter
541 1105 1457 1218 Inn sehe schmurtzlich ankommen, Also das ddin
534 1160 1429 1283 Ihnmachte by zum angefangen anzusehen
545 1227 1461 1344 auch allens betoegliche zusprechen, dennoch
536 1295 1467 1384 andees nüt bekunne wollen, sonder munchen
538 1352 1464 1472 und dehl die examinatores versichnent wan
539 1411 1404 1519 er etwas weiters wüßen esolchens von
529 1477 1437 1586 Volless kene kochen Oberkeit auch einer
514 1533 1428 1640 senlen und seiner elteren wegen nit ar
525 1602 1410 1705 halten und zum also großen schmerzen
516 1660 1434 1762 zuuursachen wolte, dann Vab zum daran
516 1728 1383 1832 gelegen sein solte, solches zuverhalen
515 1783 1394 1901 an doch dirch ein terbrechen den todt
516 1852 1195 1963 mehr alß gnngsam Burdinnt.
506 1953 1398 2077 Ob dann auch nimand von seinem auh
519 2035 1421 2136 außenschafft gehabt oder inn darzu angee
513 2100 1403 2205 kithet und angetriben. Sein gar km¬
515 2164 1371 2277 mand, sonderrn was egethan von zum
1137 2237 1416 2315 enmahl habe.
489 2233 1005 2342 selbsten beschechen seyn.
503 2291 1382 2395 demn valler den schlüßel is summenlich
502 2371 1422 2460 gesechen und gefragt, vorzu solcher schlißel
511 2416 1409 2517 gehorn, darauff er gnantwortet mein zu
520 2485 1384 2587 volgents solchen genommen und davon
509 2564 686 2650 gangen.
496 2784 1379 2928 Ass das beschechenn Widerbrinren, wab
504 2900 1379 3004 disen morgen gegen zum lung verrichtet
517 2946 1354 3071 worden und bas er darüber ußgesagt,
505 3010 1412 3142 Ist ds weitern erfolgten beuelch deselbe
526 3078 1371 3190 Is dem abend umb 4 uhren abermahlen
485 3127 1346 3253 zur martar geführt uf den stuhl gesetzt,
508 3182 1405 3307 und der 25 lbgu stein angelegt und alßbe
505 3259 1402 3367 sent worden. Wo er die wargeit nit bukennn
508 3321 1372 3450 ander anzeigen werde, ob er nit an ußer
1783 523 2863 741 oder jemand anderes gefahrlicher wais gem
1796 602 2866 810 hiciert oder orrespondiert, daß das Usersin
1786 649 2848 866 an Inn, Vie Erdann seihe warde gewundt
1797 730 2834 936 budkem nachlaßen sein wurde, so iun allens
1788 793 2780 986 mit mehrerem in bysein herrren anthon von
1778 858 2832 1033 Grassenrindts deß Milllatz und heren dammen
1801 910 2807 1116 Immers ist forgustult und repraesentiert
1789 995 2821 1161 worden. Er ist aber by seiner hinnor von
1777 1050 2845 1253 sich gegeben bekantnus einfaltig, ohngeacht
1801 1119 2867 1295 noden sehr hatt e die gnugsam zu vernamen
1789 1169 2851 1367 gegeben, Vm sehr nufindtlich dee Schmeihen
1796 1264 2853 1412 Inn abermahlen werdend ankommen, vnbleiben
1793 1303 2855 1472 und dieselbe uss ein nitdens beställiget, mit
1781 1412 2797 1583 Varmelden, Bann er etwas weiters sagen
1780 1439 2860 1611 bordig, das er seinem nöchsten und zum selbsten
1792 1530 2839 1684 unrecht gate und sölle mann diß ortes man
1782 1618 2856 1757 gebroßen leben und woße er gewnst, das in man
1779 1649 2857 1825 keit kum buchstaben vton zum wurde herkon¬
1782 1743 2805 1858 komen und vatte nochmahlen umb die gnad
1765 1795 2841 1936 das by seiner außlichrung zu vergent worde
1783 1857 2829 1987 ein kleine rnd zu dem holck zethun, dar
1777 1930 2826 2058 durch e tun zuversehen geben wolle, das sy
1773 2009 2843 2117 kunnthalben nur entaig, sicher und ohne fracht
1786 2064 2823 2190 ein söllind. Im obrigen Bkmenn arsi
1787 2129 2829 2244 im begangen große mßathaten und bernand
1767 2194 2832 2305 dieselben tetzlich, falle darby Goll dem kar
1784 2258 2823 2376 ind ein hoche obekeit nachmahln umb karzin
1786 2352 1905 2442 jung.
1747 2468 2815 2628 s die weitern befragung, dann ob ereit
1777 2572 2827 2688 ohnlungst in Bollen Schweiß über daso brit
1765 2638 2824 2733 fuld kommen by einem gullen Frund umb
1772 2693 2787 2814 ein trunck zugesprochen und imme gesagt,
1758 2769 2817 2874 e komme vom tagen, da bdoch sonder gehoß
1777 2835 2764 2952 noch hund by zum gehabt, und alß nicht
1774 2896 2800 3009 maßlich von Sollothern kommen sein miße
1726 2978 2802 3090 daß ersolcher gesagt haben solle, das wurden
1775 3040 2794 3139 ich nit erfinden dann ur seze zun Jage
1781 3098 2589 3201 und niemahlen uss der Jagd gsin.
2590 3105 2787 3200 sein
1773 3175 2779 3239 ums neinurumb seyn er uinmahl uber
1772 3233 2754 3327 das bundfald von Rychenbach, daselbst
1774 3276 2760 3369 er den schloßbauw besichtiget wenen
1789 3337 2839 3449 und weilen een passant zu Stinmmnbacht
1774 3399 2779 3517 syhl Canisman Engel anmelden wolle
