3024 4032
290 569 379 653 111.
202 2462 469 2544 bald nach einandern
830 571 1067 650 Den 2. novtembris.
466 652 1303 791 montag hernach alß ds hulh
491 731 1342 870 geund gemeltem dato habend mehe die
494 792 1323 915 h Examinatorin sich widerumb In die
498 861 1317 988 gefangenschafft vngeben, vnd den M
504 919 1394 1042 duß den Schloßer und sein Fraulo wegen
482 979 1365 1115 deß gemachten Schlußelis vor sich komn
500 1101 632 1183 laßen.
465 1129 1375 1295 Da dann ab der mr Riß über die an in
499 1211 1404 1345 gelangte interrogata folgende ußag gegeben
476 1256 1378 1405 daß er seines ersunetess znm kung etwan
504 1319 1328 1480 vor 12 jahren zwein schlüßel gemachter
480 1385 1369 1538 den naßen von einem abtrenk, Welchen
470 1462 1398 1603 Dißmahlen mhrren l Bachselhoffer hinder dum
500 1506 1415 1637 habe, den andern niwen in zwegen tagen
508 1575 1434 1718 nach dem ersten, da Erkung Imn den Schmnßal
492 1648 1396 1761 wornach er einen habe machen söllen gebracht
507 1708 1380 1829 und sehr preßiert iun nit dszu halten, seien
494 1773 1396 1872 etwas schlechter und enger geweßen einem
482 1828 1368 1959 Schafftli schlißel ihnlich, gleichwaln kemn
488 1884 1407 1999 von denn, so ium gezeigt worden, welche
477 1948 1431 2058 Hnß e aber vor 4 monatin mnden Glüßel
471 2000 1411 2110 imme anderwertig zugerichtet und verbaten
484 2055 1410 2169 ent habe, das sein mi. welche einm gtag
478 2126 1362 2252 r diß by beschechener Confrontaon zum
775 2190 1368 2292 daß ernug aber zum ui
492 2196 775 2299 jung erhalten.
493 2226 1374 2334 sfen eingericht zumachen angemihte Wüße
472 2306 903 2379 eer sich mit hermuren
458 2309 1331 2419 deß susen hrren dann gugete ebemmußin
464 2346 1428 2469 das so vill tra in wüsenn 22 jung zwum schlißel
484 2418 1364 2545 by inen habe machen laßen den lethern
489 2450 1426 2586 habe sy zmm selber geben, seye etwas schlichler
487 2539 1357 2655 alß der nsm und gar nit uin gwolb sonderrn
491 2577 1349 2702 stillmehr ein fufen oder schapfli schlüßel
479 2622 1381 2780 auch ires minnernug mit leinmm glotteln
478 2724 1355 2829 eingericht gewnsen, gleichwol aber danin
493 2740 1386 2889 so tra genr worden, ieinem gleich wiße
484 2816 1369 2934 aber nnt worzu f denselbin gebraucht habe
1108 2866 1344 2987 so sy auch
481 2886 1008 2996 auch lein abtrunk gesuchen.
471 2956 874 3062 zum jung ahalten.
477 3033 1350 3141 dungegen beharreln lung dahin, das er gar
481 3093 1353 3203 nit muhr alß einschlüßel habe machen laßen
487 3139 1359 3253 und darumb wolle er die Marter außstahen
496 3221 1328 3327 und übertheyn man jung dann mann ins
472 3280 1310 3369 pahrn, worumb ermb nit bekennen wolte,
469 3334 1350 3442 michtmaßlich werde ir suß und sein herren sich
454 3396 1395 3511 darin term, Alß Er buß Inn dass nihm nihl
2609 539 2714 625 112.
1726 658 2738 811 den schlüßel nit gemacht, habe a den ß e
1754 733 2699 859 tun gegeben widerabgehalt, dann er zun
1774 787 2690 931 nnmahlen zumn abtrunk gegeben, und nach
1748 845 2664 998 hweyen zu laderbracht, dazumahlen
1768 901 2692 1034 An einem gemacht, selbigen von der
1772 950 2715 1093 frauwmn empfangen und wa fünff bazen
1741 1064 2072 1160 darfur begalt.
1728 1112 2659 1247 Die zu lngmach- und verbeßerung aber deß
1764 1163 2766 1307 Schlüßelis habe er ime riß nit, sondern seinem
1765 1218 2745 1371 gsellen einem meütschen nit gar alt etwan von 25
1764 1276 2772 1404 fahren, braunlichen harri und bluichen ange
1763 1330 2749 1451 siche etwann vor 2 monatin angemuhtet und
1759 1389 2764 1517 demselben den schlißel, welchen in mug zu
1771 1428 2769 1568 vor mit nachs am eingericht angefült und alß
1771 1489 2749 1621 angesaichen, damit mann sachen wonnn, wo is
2050 1587 2126 1633 be
1949 1593 2032 1645 gurg
1759 1523 2804 1696 zmn fahln und glaubn gar wol, das er roß mit
1748 1681 2037 1766 darvon weße
1760 1708 2754 1878 also daß er wurcklich nit mehr alß einem h
1769 1811 2779 1914 bricietin laßen, Im sohl er aber nun andere
1777 1847 2756 1979 oer sich aber wie heinor bedütet nit gegentlich
1785 1917 2723 2047 munern dnnn habe wollen machen laßen,
1774 1997 2574 2115 soseye zur vordern thurn es geldesen
1786 2218 2791 2342 eine ist auch dur mr Caubar bezührt worden.
2489 2299 2664 2347 a
1762 2303 2786 2408 daß ejung unn auch zugemühiet em schlüßel
1777 2365 2807 2485 zu machen, welcher belente, daß er jung ewan
1795 2442 2788 2538 vor einem halben jahr zutum wunn immi
1783 2497 2735 2604 schlüßel zeigt. so dem gwalb schlüßel ähnlich
1776 2555 2766 2662 Weße in abwiß gar eigentlich nit zusagen und
1794 2625 2751 2733 von zmn begehrt, daß er inn einen demselben
1785 2667 2781 2790 glauch machesollen, Weilin baben dazumahlen nit
1774 2738 2742 2858 der weil gehabt und er jung uungrad haben
1794 2801 2782 2923 wollen, habe er inn zuruck gewisen, einmahl
1790 2874 2801 2981 eyn das gewuß, das es noch z disem jahr beschechen
1795 2955 2812 3057 Us welcher seiner ußag er by der confrontaon an
1812 3017 2001 3118 ursarrut.
1784 3233 1977 3314 frauff
1815 3231 2772 3370 ingegen zerbleibt erkung darauß, das er
1808 3316 2770 3430 ander sich der Zeit halb sehr zern dann
1786 3378 2784 3497 Er habe grad den schleßel, dem er zeinerhten
