3024 4032
597 603 1572 726 gesagt, Ihr, Mann seye so geweß ein Mh
597 669 1564 780 schilm ihr mann geantwortet, er schram
606 734 1559 847 berger könne ihne nit schelten, dan er seye
603 799 1558 907 ein schelm er seye seinem schwacher uber
709 855 913 907 brochetn
591 844 1558 960 den trog und habe demselben daß gelt
600 909 1319 1008 und anders daraus gestohlen
596 963 1549 1077 worauc schramberger repliciert er seye
600 1025 1539 1134 begweltiget gsin uber des trag zu gechen
597 1086 1542 1193 seye auch schelensweis alleine, sonderen
596 1146 1528 1240 mit dem schloßer über den trag gang
587 1194 1567 1302 er habe nichts gestohlen, dallenbach solle
590 1258 1532 1358 ihme solches vor ehrlich leüthen sag daß
585 1321 1041 1413 er gestohlen habe,
1125 1311 1559 1419 welches dällenbach
598 1367 1565 1477 ihr mann zu thun ihme zugesagt und damit
587 1433 1553 1527 ein scheylin von dem bosen zweschen zumli
591 1491 1552 1612 weg gethan in schrambergers plätz gangen
585 1544 1532 1654 da sy vermeinte sy mit einanderen
586 1616 1523 1715 In den benachbarten gechen werdent
587 1675 1538 1767 wie sy derselben dan auch ohne verneres
602 1730 1553 1839 wort wechlen so weit als sy sich konte
592 1795 883 1893 gechen sechen
593 1839 1535 1960 wald darauf aber habe sy ihren mann
586 1914 1541 2016 gehört sagen, Gußlen numnen die wießt
575 1971 1550 2079 wol ufhören güßlen, habe sy aber vor
573 2030 1536 2140 dem Hauß egten nit sechen mog, gleich
570 2090 1493 2203 darauf habe ihr mann gescheyen.
579 2146 1553 2259 Jocheli O Jocheli, wie sy solches gehört,
326 2183 557 2264 an das ohrt
575 2212 1547 2321 habe sy vnderhabb das hauß nahm gechen
321 2224 571 2301 da sy dem geshr
325 2271 1541 2383 nachgemeinte wöllen zu sechen, was ihme seye alß sy
328 2315 560 2388 daß ihr man seye.
586 2333 1565 2439 aber dahin kommen, seye ihr mann uf dem
574 2394 1559 2504 boden gelegen und der schramberger
580 2468 1554 2565 bereits gewichen Worauf sy de
580 2515 1554 2618 benachbarten gerüffen, welche feryngeloh
582 2575 1553 2679 und ihren mann als der starck blukete mit
570 2643 1556 2753 einer handzwechelen gebunden in ein ascheni
576 2699 1448 2805 tach genommen in die stuben getragt.
567 2760 1512 2862 da er bald verscheiden, habe ihne seine
565 2823 1547 2923 wort reden gehört, solßh das er zum zwey
562 2878 1565 2985 mahl gesagt, oy sollend ihne lig lasen
571 2972 1553 3069 etliche benachbarte so uf des weibsrüffe
567 3023 1554 3137 hermnkommen und von deee begebnuß oder
562 3074 1564 3190 daß dise beide manner in einicher streitige
555 3133 1569 3245 keit weder damahlen noch zuvor gewesen.
779 3187 848 3233 en
336 3190 1531 3299 zu reden wüßfen, zeügend ebenmeßig, daß sy keine
571 3254 1512 3353 andere wort von dem Dällenbach gehört
570 3300 1566 3406 als obige, last michlig und daß er alsobald
561 3369 1562 3469 wie er in daß hauß kommen, verscheiden seye.
550 3420 1566 3519 wüßind auch von keiner streitigkeit, daß
551 3473 1571 3571 zwüschen disen benachbarten geretsen, sey
559 3530 1455 3604 das münste zuzeüg ußert, daß sy die
556 3575 1360 3666 hüeneren halben etwas gehabt
2806 489 2907 558 223
1896 558 2852 734 Rosma Dopser von Vrlenbach
2019 618 2734 770 wolche by dem entwichenen
2019 692 2763 842 Schramberger in diensten.
2222 772 2440 894 zeuget
1874 841 2900 1021 aß der entleibte und ihr meister wegen
1868 915 2891 1039 den hüneren weillen sy ihrem meister schaden
1845 962 2885 1111 gethan, jederweillen etwas zancks gehabt
1863 1035 2870 1163 und daß ihr meister einen argwohn gehabt
1853 1098 2874 1232 daß Dallenbach ihme seie knabli von 5
1842 1145 2908 1287 sins jahren alters halbes haubt beschören
1857 1200 2915 1335 welches gar zeßlich vßgesechen habe vnd dem
1859 1256 2899 1394 kind fleß verursachet, sonsten habe sy
1861 1326 2889 1443 von keinem zweytracht nichts verspürt
1838 1399 2903 1495 den Tag als disere that bescheihen, seye ihres
1839 1470 2897 1576 meisters frauw in die statt gang und habe
1848 1515 2831 1630 der meister das plätzli ob dem garte
1854 1577 2893 1693 geharket, sy aber habe ein birrernuß
1857 1646 2897 1755 u volgenden sontag morgens zugernstet
1849 1702 2852 1798 wie es nun zwölff uhren geschlag, seye
1846 1775 2868 1880 ihr meister in die stuben kommen und habe
1858 1833 2930 1938 seine uhr auch gerichtet habe 3 oder 4 bieren
1847 1894 2884 2000 genomen vnd darmit wider hinaus zu der
1858 1971 2900 2047 arbeit gangen, glaubt aber nit daß er die
2020 2012 2082 2047 noch
1852 2006 2905 2116 hauwen ergriffen, als der Dallenbach mit
1857 2067 2929 2168 ihme wegen einer brochnen scherben gezancket
1849 2117 2919 2231 und sy einanderen schelmen geheißen und ihr
1848 2173 2878 2276 meister gesagt, der Dallenbach solle ihme
1857 2228 2888 2337 daß vor ehrlich leüthen sag daß er seinen
1845 2287 2897 2399 schwacher uber den trag brochen seye und
1837 2341 2825 2446 denselben bestohlen habe worauf der
1824 2404 2907 2489 Dällenbach kommen und gesagt, ja er wolle
1848 2462 2916 2570 mit ihme wo er hinwolle, sy habe sy auch
1848 2517 2886 2630 beid gesechen mit einanderen uber den plätz
1839 2578 2913 2683 hiunder kommen, ihren meister voran geehend
1845 2626 2905 2736 und beid ohne gasaggen und als ihr mr
1839 2694 2863 2805 bereits in der mitte des gartens gewesen,
1859 2738 2920 2846 habe er wider unbehrt und seye mit schmekende
1826 2805 2872 2935 hand gegen dem Dällenbach zu gang, welche
1835 2852 2939 3001 er by dem oberen gartenthurl angetroffen
1837 2913 2792 3032 Da habe der d�llenba by dem haar
1845 2969 2879 3100 erwütscht und zuboden zeuch wollen
1837 3042 2846 3164 wüße aber nit ob ihr m ihme zuvor
1852 3093 2884 3211 einichen seich gegeben, habe wol nit vere
1856 3149 2908 3279 meint daß ein solches vbel entstech wurde
1836 3206 2894 3330 dan sy nichts gewortet und alsobald von
1854 3281 2906 3392 einanderen gsin Dallenbach aber ihren
1845 3335 2895 3433 m den garten ab nachkommend habe
1852 3376 2878 3500 d den bauch in den händen getragen
