3024 4032
305 586 426 729 169.
658 564 1360 712 Haus sstiti von Baßs
533 680 1421 814 habend er eel wegen nums antang
524 760 1433 884 den fältichen schumb zu herauswalung
542 827 1420 948 gewüßen hinder kaßli ligender gutt
520 881 1453 1035 In das Schallunwonaut uknnt Aal 4
1290 967 1419 1073 1686
613 1066 1287 1249 Jacob Jonni von Ii
510 1190 1384 1326 Walß ein verzahlbahrer und der by
535 1272 1398 1390 verschlacheden taumbt, und als
516 1348 1395 1460 din nicht dargesezt und betrogen aich
511 1420 1363 1525 vndten derselbe wegen seinas zn
539 1471 1340 1583 ahlet im Schallmunrat nit mich
513 1541 1358 1652 geuudnt werden kann von r
515 1609 1389 1725 statt und land eydtlich verwien vo
507 1671 1071 1819 Ante 27. sptembris 1680.
670 1854 1173 1978 dire Michalonet
508 1937 1435 2071 Melcher I den Kundvontey hen Talen¬
524 2014 1395 2123 in der pfermetten Cngion argenn
500 2073 1417 2194 dieselben ebe vor alsans zeitis d
524 2131 1378 2250 nach in rformiertun in frant
515 2204 1382 2316 zei vnolaen helfen und zu
517 2264 1405 2376 vn tmilltnr die darit gew¬
514 2339 1419 2442 erangenschaft aber butens
486 2397 1405 2507 ain agiß sein habend er
508 2463 1383 2587 edigen Herr Clßel sind chemnten
499 2529 1381 2648 vin gat sund ams halßen zen und h
505 2576 1450 2722 iher uschmeizung erkent.
1257 2669 1395 2788 1o81.
2639 396 2793 507 170.
1883 515 2476 707 agan Srnatt
1676 618 2713 848 von Brißlogln von 19 jahren ulteris
1697 705 2711 903 über den bereitib hinor underam
1715 781 2712 984 5. junii Lntschin wegen begangenen
1708 832 2709 1080 mehrmaligen umbstahlen vnd Geich
1702 885 2836 1130 entwandens, auch daß alle Bereitesan tun
1695 958 2821 1224 angewendte tillfaltige umbs absraffung
1694 1084 2708 1303 gen inn nit haben zur beßerung
1699 1150 2793 1354 seiness Lubums verleiten mögen, das
1696 1220 2815 1437 blchgricht gehalten und ohngeacht
1689 1299 2827 1503 Den stank gar wol verdamt gehabt hette
1691 1404 2778 1567 sst znn dmnnog nach die angebohren
1695 1491 2779 1640 hätte und camene aler munnurghen
1714 1554 2745 1708 und Oberng mit dem todt verschont
1698 1618 2830 1779 und dahin erkent worden, daß er gewohn
1693 1727 2781 1863 der donm nach außgeschmeizt, gezeihen.
1718 1792 2830 1958 folgents zum dan ruchen er abgehauwen
1702 1872 2826 2039 und hennach uff wig mit sung und kellen
1713 1940 2838 2110 um amb Schallenwerck geschendet werden,
1698 2052 2794 2178 solle, jedoch die dochoberkeitliche gnad
2157 2139 2781 2246 Einstatl nun gedeten
1719 2136 2157 2276 vrbehaltenc.
2474 2211 2514 2262 de
1694 2206 2777 2357 Spaarr derselben nüt gedult erwarten
1712 2295 2800 2429 und nach fleißigen arbenten und gebühr
1722 2375 2825 2496 hande einstellung solghe gnad Zuerwerben
1701 2448 2838 2596 rachten sollen hatt er dise gnad mun¬
1700 2520 2817 2660 dochen Oberkeit andarst nit alß mit finfe
1726 2604 2744 2729 fur bostmachung seiner banden und
1734 2687 2812 2826 ohngehorsammem außreißen sinthar zum
1736 2764 2709 2896 andern mahl schandtlich vargalten.
1724 2900 2773 3048 Dasalten er sich den 7. octoris Lutschin
1744 2994 2830 3130 auß enhaschtem anlaß dermit lest mun
1747 3068 2755 3194 rugenkigen zeilen, welche daß auch
1762 3147 2785 3282 ein schallenwarck enthaltnung unrac
1745 3232 2749 3333 Ruttemundes Frauw zrem Mann zu
1768 3295 2833 3409 gnacht under sigarn bekommen, dereißen
1762 3363 2842 3483 an den hüßen loßgemacht und sich volgend
1780 3433 2852 3565 umb den mittag durch die sl humnligkeit
