<?xml version="1.0" encoding="UTF-8" standalone="yes"?>
<PcGts xmlns="http://schema.primaresearch.org/PAGE/gts/pagecontent/2013-07-15" xmlns:xsi="http://www.w3.org/2001/XMLSchema-instance" xsi:schemaLocation="http://schema.primaresearch.org/PAGE/gts/pagecontent/2013-07-15 http://schema.primaresearch.org/PAGE/gts/pagecontent/2013-07-15/pagecontent.xsd">
    <Metadata>
        <Creator>prov=University of Rostock/Institute of Mathematics/CITlab|PLANET AI GmbH/Gundram Leifert/gundram.leifert@planet-ai.de:name=German_Kurrent_XVI-XVIII_M1(htr_id=19584)::::v=2.6.7
prov=University of Rostock/Institute of Mathematics/CITlab|PLANET AI GmbH/Tobias Gruening/tobias.gruening@planet-ai.de:name=de.uros.citlab.module.baseline2polygon.B2PSeamMultiOriented:v=2.6.7
prov=University of Rostock/Institute of Mathematics/CITlab|PLANET AI GmbH/Tobias Gruening/tobias.gruening@planet-ai.de:name=/net_tf/LA73_249_0mod360.pb:de.uros.citlab.segmentation.CITlab_LA_ML:v=2.6.7
Transkribus</Creator>
        <Created>2021-03-11T13:59:02.767+01:00</Created>
        <LastChange>2022-09-12T15:02:11.133+02:00</LastChange>
        <TranskribusMetadata docId="1334840" pageId="52361678" pageNr="12" tsid="114643466" status="IN_PROGRESS" userId="9570" imgUrl="https://files.transkribus.eu/Get?id=TICBAZZEQMEXOWNTKFWEOXGT&amp;fileType=view" xmlUrl="https://files.transkribus.eu/Get?id=NFCHRRHDAPSFOAONWUBOJIOV" imageId="19038608"/>
    </Metadata>
    <Page imageFilename="B_IX_485_Seite_012.jpg" imageWidth="3024" imageHeight="4032">
        <ReadingOrder>
            <OrderedGroup id="ro_1687513680853" caption="Regions reading order">
                <RegionRefIndexed index="0" regionRef="r1"/>
                <RegionRefIndexed index="1" regionRef="r2"/>
                <RegionRefIndexed index="2" regionRef="r3"/>
                <RegionRefIndexed index="3" regionRef="r4"/>
                <RegionRefIndexed index="4" regionRef="r5"/>
                <RegionRefIndexed index="5" regionRef="r6"/>
                <RegionRefIndexed index="6" regionRef="r7"/>
                <RegionRefIndexed index="7" regionRef="r8"/>
                <RegionRefIndexed index="8" regionRef="r9"/>
            </OrderedGroup>
        </ReadingOrder>
        <TextRegion orientation="0.0" id="r1" custom="readingOrder {index:0;}">
            <Coords points="294,3499 294,3653 339,3653 339,3499"/>
            <TextLine id="r1l1" custom="readingOrder {index:0;}">
                <Coords points="287,3611 310,3612 321,3601 327,3605 333,3604 340,3610 347,3609 341,3534 321,3539 301,3527 280,3532"/>
                <Baseline points="294,3603 339,3599"/>
                <TextEquiv>
                    <Unicode>2.</Unicode>
                </TextEquiv>
            </TextLine>
            <TextEquiv>
                <Unicode>2.</Unicode>
            </TextEquiv>
        </TextRegion>
        <TextRegion orientation="0.0" id="r2" custom="readingOrder {index:1;}">
            <Coords points="342,2612 342,2762 372,2762 372,2612"/>
            <TextLine id="r2l1" custom="readingOrder {index:0;}">
                <Coords points="334,2722 348,2722 357,2717 372,2731 380,2731 380,2648 362,2646 348,2653 343,2648 334,2648"/>
                <Baseline points="342,2712 372,2712"/>
                <TextEquiv>
                    <Unicode>1</Unicode>
                </TextEquiv>
            </TextLine>
            <TextEquiv>
                <Unicode>1</Unicode>
            </TextEquiv>
        </TextRegion>
        <TextRegion orientation="0.0" id="r3" custom="readingOrder {index:2;}">
            <Coords points="407,634 407,790 467,790 467,634"/>
            <TextLine id="r3l1" custom="readingOrder {index:0;}">
                <Coords points="402,759 415,758 428,750 439,758 451,756 458,749 468,754 477,753 468,671 444,673 432,671 419,663 413,664 404,673 393,675"/>
                <Baseline points="407,740 437,734 467,734"/>
                <TextEquiv>
                    <Unicode>11.</Unicode>
                </TextEquiv>
            </TextLine>
            <TextEquiv>
                <Unicode>11.</Unicode>
            </TextEquiv>
        </TextRegion>
        <TextRegion orientation="0.0" id="r4" custom="readingOrder {index:3;}">
            <Coords points="402,1622 402,1775 477,1775 477,1622"/>
            <TextLine id="r4l1" custom="readingOrder {index:0;}">
                <Coords points="396,1740 414,1744 431,1726 445,1732 455,1721 464,1726 485,1724 483,1670 464,1669 460,1672 449,1665 422,1662 416,1656 405,1654 392,1658"/>
                <Baseline points="402,1725 427,1724 452,1722 477,1722"/>
                <TextEquiv>
                    <Unicode></Unicode>
                </TextEquiv>
            </TextLine>
            <TextEquiv>
                <Unicode></Unicode>
            </TextEquiv>
        </TextRegion>
        <TextRegion orientation="0.0" id="r5" custom="readingOrder {index:4;}">
            <Coords points="414,747 414,3671 1565,3671 1565,747"/>
            <TextLine id="r5l1" custom="readingOrder {index:0;}">
                <Coords points="486,870 590,836 674,878 745,813 1037,801 1092,831 1403,785 1479,814 1537,786 1533,715 1289,692 1083,735 921,716 716,779 613,747 480,764"/>
                <Baseline points="492,848 543,840 595,833 647,827 699,821 751,816 803,812 854,808 906,804 958,801 1010,798 1062,797 1114,794 1166,792 1217,791 1269,788 1321,786 1373,784 1425,782 1477,779 1529,776"/>
                <TextEquiv>
                    <Unicode>Sy solcher bewandtumb und Wanckelmuch</Unicode>
                </TextEquiv>
            </TextLine>
            <TextLine id="r5l2" custom="readingOrder {index:1;}">
                <Coords points="527,909 582,939 652,894 876,910 930,870 1139,852 1347,851 1405,883 1502,839 1403,785 1166,831 739,814 663,876 589,837 523,851"/>
                <Baseline points="534,909 584,901 634,894 685,886 735,880 786,875 836,870 887,866 937,863 988,860 1038,857 1089,854 1139,852 1190,849 1240,847 1291,845 1341,842 1392,839 1442,836 1493,831"/>
                <TextEquiv>
                    <Unicode>tigken diser thirnen nun habend mei</Unicode>
                </TextEquiv>
            </TextLine>
            <TextLine id="r5l3" custom="readingOrder {index:2;}">
                <Coords points="540,988 749,978 909,926 977,957 1064,917 1253,940 1374,899 1428,928 1504,902 1499,841 1405,883 1369,857 1055,859 537,949"/>
                <Baseline points="546,969 593,962 641,956 688,950 736,946 783,940 831,936 878,932 926,927 973,924 1021,920 1068,916 1116,913 1163,910 1211,907 1258,905 1306,902 1353,899 1401,897 1448,894 1496,891"/>
                <TextEquiv>
                    <Unicode>an gandige herren deß täglichen rtahdes</Unicode>
                </TextEquiv>
            </TextLine>
            <TextLine id="r5l4" custom="readingOrder {index:3;}">
                <Coords points="529,1065 742,1011 838,1044 891,996 954,1040 1079,988 1521,984 1534,895 1434,926 1288,908 1255,940 1182,911 1123,947 1065,917 899,970 798,941 687,997 524,994"/>
                <Baseline points="534,1038 583,1031 633,1023 683,1016 733,1010 783,1004 833,999 883,995 933,991 983,986 1033,982 1082,980 1132,977 1182,975 1232,972 1282,969 1332,967 1382,966 1432,963 1482,962 1532,960"/>
                <TextEquiv>
                    <Unicode>auß sonderbahren ursachen und betrechtung</Unicode>
                </TextEquiv>
            </TextLine>
            <TextLine id="r5l5" custom="readingOrder {index:4;} person {offset:21; length:5;}">
                <Coords points="529,1122 724,1125 1001,1051 1111,1079 1199,1030 1428,1060 1511,1025 1508,980 1384,1006 1302,973 958,1038 893,998 838,1045 719,1016 604,1068 525,1063"/>
                <Baseline points="536,1101 584,1094 632,1088 681,1083 729,1077 777,1071 826,1067 874,1062 922,1057 971,1054 1019,1049 1067,1046 1116,1043 1164,1040 1212,1037 1261,1034 1309,1032 1357,1029 1406,1028 1454,1025 1503,1023"/>
                <TextEquiv>
                    <Unicode>gen selbige guit dem Jaggi daun allhar</Unicode>
                </TextEquiv>
            </TextLine>
            <TextLine id="r5l6" custom="readingOrder {index:5;}">
                <Coords points="527,1173 1540,1110 1494,1036 1337,1074 1207,1035 1077,1095 1006,1050 844,1113 522,1115"/>
                <Baseline points="533,1160 585,1157 638,1153 690,1149 743,1144 795,1139 848,1136 901,1131 953,1126 1006,1121 1058,1117 1111,1114 1163,1110 1216,1106 1269,1103 1321,1100 1374,1098 1426,1097 1479,1095 1532,1095"/>
                <TextEquiv>
                    <Unicode>in unsige verhaffung zu vernerem und</Unicode>
                </TextEquiv>
            </TextLine>
            <TextLine id="r5l7" custom="readingOrder {index:6;}">
                <Coords points="520,1233 708,1207 779,1231 1015,1172 1386,1206 1489,1167 1486,1119 698,1186 612,1154 517,1191"/>
                <Baseline points="527,1223 574,1218 622,1214 670,1210 717,1206 765,1203 813,1199 860,1195 908,1191 956,1188 1004,1185 1051,1182 1099,1179 1147,1175 1194,1172 1242,1168 1290,1166 1337,1163 1385,1160 1433,1157 1481,1152"/>
                <TextEquiv>
                    <Unicode>eunstlicheren cxamen bringen zulaßen</Unicode>
                </TextEquiv>
            </TextLine>
            <TextLine id="r5l8" custom="readingOrder {index:7;}">
                <Coords points="522,1325 670,1266 912,1298 961,1264 1126,1281 1419,1220 1517,1243 1513,1172 1278,1215 1164,1179 926,1186 835,1238 516,1240"/>
                <Baseline points="527,1283 576,1278 625,1275 674,1269 723,1266 772,1263 821,1259 870,1256 919,1253 968,1250 1017,1247 1066,1243 1115,1241 1164,1239 1213,1235 1262,1232 1311,1230 1360,1227 1409,1224 1458,1222 1508,1218"/>
                <TextEquiv>
                    <Unicode>guttbefunden, und ist zu solchem und uß</Unicode>
                </TextEquiv>
            </TextLine>
            <TextLine id="r5l9" custom="readingOrder {index:8;} person {offset:29; length:7;}">
                <Coords points="515,1355 700,1330 811,1364 901,1312 1126,1357 1190,1310 1423,1330 1520,1294 1348,1229 1184,1279 1070,1256 912,1297 766,1268 704,1292 673,1265 625,1314 513,1304"/>
                <Baseline points="522,1346 571,1341 621,1335 670,1331 720,1326 769,1323 819,1320 868,1317 918,1316 967,1314 1017,1311 1066,1310 1116,1308 1165,1307 1215,1305 1264,1304 1314,1302 1363,1301 1413,1299 1462,1296 1512,1295"/>
                <TextEquiv>
                    <Unicode>zrn anlangung durch Mghl din Bengern</Unicode>
                </TextEquiv>
            </TextLine>
            <TextLine id="r5l10" custom="readingOrder {index:9;}">
                <Coords points="509,1415 660,1438 747,1394 784,1425 864,1387 921,1413 960,1378 1498,1378 1495,1299 1438,1343 1273,1318 1224,1349 988,1351 898,1311 810,1364 700,1331 628,1371 507,1361"/>
                <Baseline points="516,1409 564,1404 613,1399 662,1396 710,1391 759,1388 808,1385 856,1382 905,1379 954,1377 1003,1374 1051,1372 1100,1370 1149,1368 1197,1367 1246,1366 1295,1365 1343,1364 1392,1364 1441,1364 1490,1364"/>
                <TextEquiv>
                    <Unicode>in zu nigen faaminaioren denordnet</Unicode>
                </TextEquiv>
            </TextLine>
            <TextLine id="r5l11" custom="readingOrder {index:10;}">
                <Coords points="511,1475 1505,1437 1502,1378 1270,1361 1161,1398 961,1377 782,1429 745,1395 661,1439 509,1415"/>
                <Baseline points="519,1475 567,1467 616,1463 665,1457 714,1452 763,1449 812,1446 860,1445 909,1443 958,1442 1007,1440 1056,1440 1105,1439 1154,1439 1202,1437 1251,1437 1300,1436 1349,1434 1398,1432 1447,1430 1496,1425"/>
                <TextEquiv>
                    <Unicode>vorden aer ochgenhabe unse Fürsich.</Unicode>
                </TextEquiv>
            </TextLine>
            <TextLine id="r5l12" custom="readingOrder {index:11;} person {offset:32; length:7; continued:true;}">
                <Coords points="513,1567 593,1524 981,1500 1278,1532 1427,1491 1466,1523 1562,1486 1561,1454 1411,1433 1368,1463 1313,1429 976,1484 881,1448 844,1478 684,1458 564,1505 510,1472"/>
                <Baseline points="519,1538 570,1530 622,1523 674,1518 726,1514 777,1512 829,1509 881,1506 933,1505 984,1503 1036,1502 1088,1502 1140,1500 1191,1499 1243,1499 1295,1497 1347,1494 1398,1493 1450,1490 1502,1486 1554,1481"/>
                <TextEquiv>
                    <Unicode>dige und weise uar einannel von Graffen</Unicode>
                </TextEquiv>
            </TextLine>
            <TextLine id="r5l13" custom="readingOrder {index:12;} person {offset:0; length:5; continued:true;} organization {offset:10; length:17;}">
                <Coords points="511,1610 736,1573 802,1602 1295,1575 1331,1602 1405,1560 1514,1566 1527,1522 1424,1543 1325,1501 1180,1553 1112,1496 1070,1533 849,1518 745,1560 687,1523 510,1565"/>
                <Baseline points="519,1602 569,1594 619,1587 669,1583 719,1579 769,1575 819,1574 869,1572 919,1571 969,1571 1020,1571 1070,1571 1120,1571 1170,1571 1220,1571 1270,1569 1320,1568 1370,1566 1420,1565 1470,1562 1521,1557"/>
                <TextEquiv>
                    <Unicode>rindt deß taglichen Rtalsts, Welcher dene</Unicode>
                </TextEquiv>
            </TextLine>
            <TextLine id="r5l14" custom="readingOrder {index:13;} person {offset:0; length:5;}">
                <Coords points="1472,1597 1486,1589 1493,1595 1495,1591 1512,1587 1533,1589 1542,1584 1562,1596 1571,1595 1566,1541 1547,1547 1536,1560 1524,1557 1513,1566 1508,1563 1502,1570 1485,1559 1469,1565"/>
                <Baseline points="1478,1587 1506,1586 1534,1581 1562,1581"/>
                <TextEquiv>
                    <Unicode>Goris</Unicode>
                </TextEquiv>
            </TextLine>
            <TextLine id="r5l15" custom="readingOrder {index:14;}">
                <Coords points="496,1670 631,1650 719,1688 832,1635 877,1669 1096,1641 1147,1687 1220,1682 1310,1629 1457,1624 1494,1656 1573,1631 1572,1595 1446,1573 1353,1611 1275,1578 1190,1615 991,1614 888,1580 813,1614 734,1579 494,1620"/>
                <Baseline points="503,1661 556,1656 609,1652 662,1648 715,1645 768,1642 821,1641 874,1638 927,1638 980,1637 1034,1635 1087,1635 1140,1634 1193,1633 1246,1632 1299,1630 1352,1628 1405,1626 1458,1622 1511,1619 1565,1614"/>
                <TextEquiv>
                    <Unicode>sich den zetser diß vergangung monatis apri</Unicode>
                </TextEquiv>
            </TextLine>
            <TextLine id="r5l16" custom="readingOrder {index:15;}">
                <Coords points="488,1734 719,1697 774,1742 912,1708 995,1750 1111,1706 1311,1735 1448,1680 1498,1710 1497,1638 1310,1629 1222,1681 1102,1643 877,1675 823,1635 777,1679 487,1684"/>
                <Baseline points="495,1725 544,1719 594,1712 644,1709 694,1704 743,1702 793,1701 843,1700 893,1700 942,1698 992,1698 1042,1700 1092,1700 1141,1700 1191,1698 1241,1698 1291,1696 1340,1694 1390,1692 1440,1688 1490,1682"/>
                <TextEquiv>
                    <Unicode>lis in dee gefangenschafft uerengt und zu</Unicode>
                </TextEquiv>
            </TextLine>
            <TextLine id="r5l17" custom="readingOrder {index:16;}">
                <Coords points="479,1827 633,1761 763,1803 886,1762 1135,1798 1254,1775 1331,1804 1373,1761 1534,1782 1533,1712 1450,1682 1311,1735 1108,1708 999,1747 911,1712 775,1743 718,1697 634,1740 478,1739"/>
                <Baseline points="486,1788 538,1780 590,1774 642,1770 694,1766 746,1764 798,1763 850,1763 902,1763 954,1763 1006,1764 1058,1764 1110,1766 1162,1767 1214,1767 1266,1767 1318,1766 1370,1764 1422,1761 1474,1757 1526,1751"/>
                <TextEquiv>
                    <Unicode>bysein und geguntar meyhen herren Großeni</Unicode>
                </TextEquiv>
            </TextLine>
            <TextLine id="r5l18" custom="readingOrder {index:17;} person {offset:0; length:11;} person {offset:21; length:15;}">
                <Coords points="478,1855 639,1838 718,1874 838,1815 1102,1891 1317,1831 1495,1852 1558,1831 1557,1765 1350,1811 1027,1765 720,1809 626,1777 478,1828"/>
                <Baseline points="486,1851 539,1843 592,1838 645,1833 698,1830 752,1827 805,1826 858,1824 911,1824 964,1825 1018,1826 1071,1826 1124,1827 1177,1829 1230,1829 1284,1829 1337,1829 1390,1829 1443,1827 1496,1825 1550,1821"/>
                <TextEquiv>
                    <Unicode>bel Reigers und herr Caroli Mannulis das</Unicode>
                </TextEquiv>
            </TextLine>
            <TextLine id="r5l19" custom="readingOrder {index:18;}">
                <Coords points="473,1923 520,1910 569,1932 683,1908 749,1944 807,1917 906,1940 932,1913 959,1915 957,1860 869,1857 824,1823 722,1876 627,1844 600,1872 511,1846 470,1855"/>
                <Baseline points="479,1907 505,1908 531,1908 557,1907 583,1907 610,1905 636,1904 662,1902 688,1900 715,1899 741,1898 767,1896 793,1895 819,1893 846,1892 872,1892 898,1892 924,1892 951,1893"/>
                <TextEquiv>
                    <Unicode>Tramen angefangen</Unicode>
                </TextEquiv>
            </TextLine>
            <TextLine id="r5l20" custom="readingOrder {index:19;} person {offset:24; length:10;}">
                <Coords points="452,2077 575,2101 629,2060 751,2105 825,2064 889,2092 1018,2050 1130,2085 1221,2043 1377,2083 1554,2052 1553,1995 1373,1994 1310,1943 1143,2015 1031,1970 946,2008 647,1974 451,2053"/>
                <Baseline points="459,2075 513,2070 567,2065 622,2061 676,2058 731,2055 785,2054 839,2052 894,2051 948,2050 1003,2049 1057,2048 1111,2048 1166,2048 1220,2046 1275,2045 1329,2045 1383,2043 1438,2042 1492,2040 1547,2037"/>
                <TextEquiv>
                    <Unicode>und zwar erstlichen mit Jaggi daun seinem</Unicode>
                </TextEquiv>
            </TextLine>
            <TextLine id="r5l21" custom="readingOrder {index:20;}">
                <Coords points="478,2144 548,2175 594,2133 756,2173 941,2118 1424,2139 1530,2113 1529,2054 1441,2051 1376,2095 1214,2049 751,2105 629,2060 585,2105 476,2076"/>
                <Baseline points="485,2135 536,2132 588,2129 640,2127 692,2125 744,2123 796,2123 848,2121 900,2121 952,2120 1004,2120 1055,2119 1107,2118 1159,2117 1211,2116 1263,2115 1315,2112 1367,2110 1419,2106 1471,2103 1523,2099"/>
                <TextEquiv>
                    <Unicode>vorgeben nach von ih. od 24 Jahren, Zun</Unicode>
                </TextEquiv>
            </TextLine>
            <TextLine id="r5l22" custom="readingOrder {index:21;} place {offset:40; length:1; continued:true;}">
                <Coords points="459,2208 534,2229 588,2193 742,2191 803,2229 890,2186 1044,2207 1097,2177 1159,2217 1201,2179 1263,2230 1339,2199 1478,2215 1476,2135 1400,2116 1219,2157 1151,2117 1074,2161 942,2118 764,2173 457,2145"/>
                <Baseline points="467,2205 517,2201 567,2198 617,2194 667,2192 717,2189 767,2189 817,2187 867,2186 917,2184 968,2184 1018,2183 1068,2183 1118,2183 1168,2181 1218,2180 1268,2178 1318,2177 1368,2175 1418,2171 1469,2169"/>
                <TextEquiv>
                    <Unicode>vor allen dingen betong- und craffigklich</Unicode>
                </TextEquiv>
            </TextLine>
            <TextLine id="r5l23" custom="readingOrder {index:22;} place {offset:0; length:2; continued:true;}">
                <Coords points="451,2279 709,2252 835,2278 878,2249 951,2282 997,2245 1182,2276 1321,2236 1420,2281 1506,2235 1505,2207 1377,2200 1256,2229 1203,2179 1158,2217 925,2186 804,2229 690,2191 449,2218"/>
                <Baseline points="458,2264 510,2262 562,2259 614,2258 666,2256 718,2255 770,2253 822,2252 874,2252 926,2250 978,2250 1030,2249 1082,2249 1134,2247 1186,2246 1238,2244 1290,2243 1342,2240 1394,2238 1446,2234 1499,2229"/>
                <TextEquiv>
                    <Unicode>Boll und der hochen oberkeit die ehrge</Unicode>
                </TextEquiv>
            </TextLine>
            <TextLine id="r5l24" custom="readingOrder {index:23;}">
                <Coords points="463,2364 724,2318 1036,2360 1188,2313 1265,2352 1531,2323 1530,2272 1223,2291 996,2245 951,2283 878,2249 834,2278 641,2256 603,2293 536,2263 461,2303"/>
                <Baseline points="470,2328 522,2326 575,2324 627,2323 680,2321 733,2319 785,2319 838,2318 891,2317 943,2316 996,2315 1049,2315 1101,2313 1154,2313 1207,2312 1259,2311 1312,2310 1365,2309 1417,2307 1470,2306 1523,2303"/>
                <TextEquiv>
                    <Unicode>geben, umb die Marhept zu bekunnen und den</Unicode>
                </TextEquiv>
            </TextLine>
            <TextLine id="r5l25" custom="readingOrder {index:24;}">
                <Coords points="459,2401 1541,2398 1539,2331 1460,2352 1387,2316 1037,2360 779,2359 730,2319 458,2369"/>
                <Baseline points="467,2393 520,2389 573,2387 626,2385 680,2384 733,2382 786,2381 839,2381 893,2379 946,2379 999,2379 1052,2378 1106,2378 1159,2378 1212,2376 1265,2376 1319,2375 1372,2373 1425,2371 1478,2369 1532,2366"/>
                <TextEquiv>
                    <Unicode>buden in freyge bekunnung seiner begang¬</Unicode>
                </TextEquiv>
            </TextLine>
            <TextLine id="r5l26" custom="readingOrder {index:25;} person {offset:12; length:14;}">
                <Coords points="458,2490 796,2448 1012,2447 1064,2485 1180,2441 1401,2461 1510,2412 1319,2422 1268,2392 1072,2422 881,2381 826,2428 680,2431 569,2388 457,2430"/>
                <Baseline points="465,2457 516,2455 568,2453 620,2451 672,2450 724,2448 776,2447 828,2445 880,2445 932,2444 984,2442 1035,2442 1087,2441 1139,2440 1191,2439 1243,2438 1295,2436 1347,2435 1399,2433 1451,2432 1503,2430"/>
                <TextEquiv>
                    <Unicode>am Sunden mit Gott dem hurre In nunnn</Unicode>
                </TextEquiv>
            </TextLine>
            <TextLine id="r5l27" custom="readingOrder {index:26;}">
                <Coords points="461,2527 571,2513 656,2562 721,2513 868,2552 1057,2506 1124,2555 1192,2520 1335,2548 1395,2504 1485,2522 1517,2464 1357,2440 1243,2473 1179,2439 1066,2487 1005,2450 460,2491"/>
                <Baseline points="468,2519 520,2517 572,2516 624,2516 676,2514 728,2514 780,2513 833,2513 885,2512 937,2511 989,2511 1041,2510 1093,2510 1145,2508 1198,2507 1250,2505 1302,2504 1354,2502 1406,2500 1458,2498 1511,2495"/>
                <TextEquiv>
                    <Unicode>enlomen gewußen, zusuchen dist zugesprochen</Unicode>
                </TextEquiv>
            </TextLine>
            <TextLine id="r5l28" custom="readingOrder {index:27;}">
                <Coords points="460,2617 531,2589 602,2631 659,2629 761,2592 833,2628 892,2591 918,2614 1149,2597 1195,2556 1122,2555 1057,2505 1015,2528 955,2506 869,2551 836,2520 774,2548 723,2512 663,2563 577,2514 459,2526"/>
                <Baseline points="468,2586 505,2586 543,2586 581,2586 619,2586 657,2585 695,2585 732,2585 770,2583 808,2583 846,2582 884,2582 922,2580 959,2580 997,2580 1035,2579 1073,2579 1111,2579 1149,2579 1187,2579"/>
                <TextEquiv>
                    <Unicode>und Volgents befeugt worden</Unicode>
                </TextEquiv>
            </TextLine>
            <TextLine id="r5l29" custom="readingOrder {index:28;} person {offset:40; length:1; continued:true;}">
                <Coords points="407,2730 621,2703 703,2746 828,2686 1508,2683 1506,2593 1393,2664 1313,2619 1210,2664 1131,2598 1037,2592 821,2653 405,2625"/>
                <Baseline points="414,2702 468,2702 522,2700 576,2700 631,2699 685,2697 739,2696 794,2694 848,2692 902,2691 957,2689 1011,2688 1065,2687 1119,2685 1174,2684 1228,2683 1282,2682 1337,2682 1391,2682 1445,2682 1500,2682"/>
                <TextEquiv>
                    <Unicode>Ab k eit hinnorselbst bekenter maßen, mit</Unicode>
                </TextEquiv>
            </TextLine>
            <TextLine id="r5l30" custom="readingOrder {index:29;} person {offset:0; length:11; continued:true;}">
                <Coords points="446,2768 596,2754 679,2806 784,2806 916,2763 1045,2797 1121,2753 1262,2793 1315,2748 1523,2762 1525,2709 1476,2678 1436,2714 1193,2692 1143,2724 839,2691 445,2739"/>
                <Baseline points="453,2765 506,2763 559,2762 612,2760 666,2760 719,2759 772,2757 825,2756 879,2756 932,2754 985,2753 1038,2753 1092,2751 1145,2750 1198,2748 1251,2747 1305,2745 1358,2744 1411,2742 1464,2741 1518,2739"/>
                <TextEquiv>
                    <Unicode>anda Selschin zu sweyenmahlesucho vndt ver¬</Unicode>
                </TextEquiv>
            </TextLine>
            <TextLine id="r5l31" custom="readingOrder {index:30;}">
                <Coords points="441,2871 520,2835 588,2875 640,2835 683,2866 752,2827 779,2854 931,2819 1328,2853 1422,2811 1469,2834 1468,2771 1364,2750 1260,2794 1111,2753 1045,2796 915,2764 825,2806 584,2809 523,2775 439,2802"/>
                <Baseline points="447,2826 497,2826 548,2826 599,2825 649,2825 700,2825 751,2823 801,2823 852,2822 903,2820 954,2820 1004,2819 1055,2817 1106,2816 1156,2816 1207,2814 1258,2814 1308,2813 1359,2813 1410,2811 1461,2811"/>
                <TextEquiv>
                    <Unicode>geßen, daß by mit dra seilb gemeinschafft</Unicode>
                </TextEquiv>
            </TextLine>
            <TextLine id="r5l32" custom="readingOrder {index:31;}">
                <Coords points="441,2902 738,2883 857,2927 1034,2881 1112,2933 1188,2905 1250,2932 1298,2892 1386,2930 1520,2916 1519,2864 1422,2812 1355,2858 1219,2818 1028,2856 750,2829 689,2866 586,2822 441,2872"/>
                <Baseline points="449,2897 502,2894 555,2892 608,2891 661,2890 714,2888 767,2888 821,2886 874,2886 927,2885 980,2885 1033,2885 1086,2883 1139,2883 1193,2883 1246,2883 1299,2883 1352,2883 1405,2882 1458,2882 1512,2882"/>
                <TextEquiv>
                    <Unicode>gehabt und fleischliche vermisthung gepflogen,</Unicode>
                </TextEquiv>
            </TextLine>
            <TextLine id="r5l33" custom="readingOrder {index:32;}">
                <Coords points="449,3002 593,2954 762,3003 1042,2949 1169,3000 1293,2958 1500,2965 1522,2926 1388,2936 1311,2891 1248,2939 1091,2935 1033,2881 903,2925 773,2886 549,2933 448,2916"/>
                <Baseline points="456,2967 508,2965 561,2963 614,2961 667,2959 720,2958 773,2957 826,2957 879,2955 932,2955 985,2955 1037,2955 1090,2955 1143,2955 1196,2955 1249,2955 1302,2955 1355,2954 1408,2954 1461,2952 1514,2951"/>
                <TextEquiv>
                    <Unicode>kem so weit sey is nit kommen. Wol aber</Unicode>
                </TextEquiv>
            </TextLine>
            <TextLine id="r5l34" custom="readingOrder {index:33;}">
                <Coords points="440,3043 481,3065 543,3023 622,3065 685,3022 975,3066 1123,3017 1429,3033 1528,3011 1528,2968 1398,2953 1334,2988 1292,2958 1165,3000 1015,2962 761,3004 610,2954 528,3005 439,2978"/>
                <Baseline points="447,3026 500,3026 554,3026 608,3026 661,3024 715,3024 769,3023 822,3023 876,3021 930,3021 984,3020 1037,3018 1091,3017 1145,3017 1198,3015 1252,3014 1306,3012 1359,3012 1413,3011 1467,3009 1521,3009"/>
                <TextEquiv>
                    <Unicode>seye wahr, daß er zu shwegen mahlen by tra</Unicode>
                </TextEquiv>
            </TextLine>
            <TextLine id="r5l35" custom="readingOrder {index:34;}">
                <Coords points="436,3098 753,3133 844,3089 929,3135 1189,3081 1318,3126 1537,3071 1536,3041 1405,3018 1166,3068 1056,3026 815,3066 688,3022 613,3066 435,3038"/>
                <Baseline points="444,3089 498,3089 552,3087 606,3087 661,3086 715,3086 769,3086 824,3086 878,3086 932,3086 987,3086 1041,3086 1095,3086 1149,3084 1204,3083 1258,3081 1312,3080 1367,3077 1421,3074 1475,3070 1530,3066"/>
                <TextEquiv>
                    <Unicode>In aum haußen zunacht gsin, daselbsten by tra</Unicode>
                </TextEquiv>
            </TextLine>
            <TextLine id="r5l36" custom="readingOrder {index:35;}">
                <Coords points="442,3168 568,3149 671,3202 847,3149 1041,3153 1490,3199 1511,3122 1412,3082 1315,3137 1189,3080 1106,3136 925,3139 841,3087 746,3134 441,3088"/>
                <Baseline points="449,3152 501,3151 554,3150 607,3150 659,3150 712,3150 765,3150 817,3150 870,3152 923,3152 976,3153 1028,3153 1081,3153 1134,3153 1186,3153 1239,3153 1292,3152 1344,3150 1397,3147 1450,3143 1503,3140"/>
                <TextEquiv>
                    <Unicode>ptwan by zstunden, lann nachziben by außge</Unicode>
                </TextEquiv>
            </TextLine>
            <TextLine id="r5l37" custom="readingOrder {index:36;}">
                <Coords points="870,3202 877,3202 887,3193 899,3190 895,3148 887,3149 883,3154 878,3152 877,3150 875,3150 874,3152 865,3153"/>
                <Baseline points="876,3183 890,3182"/>
                <TextEquiv>
                    <Unicode></Unicode>
                </TextEquiv>
            </TextLine>
            <TextLine id="r5l38" custom="readingOrder {index:37;}">
                <Coords points="803,3195 812,3195 819,3190 833,3201 840,3193 848,3193 848,3153 837,3154 830,3162 824,3156 819,3157 813,3151 812,3153 803,3153"/>
                <Baseline points="810,3183 840,3183"/>
                <TextEquiv>
                    <Unicode></Unicode>
                </TextEquiv>
            </TextLine>
            <TextLine id="r5l39" custom="readingOrder {index:38;}">
                <Coords points="448,3258 556,3216 1507,3242 1507,3197 1361,3171 1138,3200 990,3157 871,3201 766,3172 666,3201 567,3150 448,3159"/>
                <Baseline points="455,3216 507,3218 559,3218 611,3218 664,3218 716,3218 768,3218 820,3218 873,3218 925,3218 977,3218 1029,3218 1082,3218 1134,3218 1186,3218 1238,3218 1291,3218 1343,3218 1395,3218 1447,3218 1500,3218"/>
                <TextEquiv>
                    <Unicode>leschtem nicht annersumb mit dem gliandt</Unicode>
                </TextEquiv>
            </TextLine>
            <TextLine id="r5l40" custom="readingOrder {index:39;}">
                <Coords points="432,3285 501,3325 715,3327 860,3283 1319,3326 1373,3278 1503,3284 1503,3242 1429,3222 1379,3267 1265,3222 1182,3256 1019,3214 854,3256 718,3218 637,3262 561,3215 500,3265 432,3249"/>
                <Baseline points="440,3285 492,3285 545,3284 598,3284 651,3284 704,3284 756,3284 809,3284 862,3285 915,3285 968,3285 1020,3285 1073,3285 1126,3285 1179,3285 1232,3285 1284,3285 1337,3284 1390,3284 1443,3282 1496,3281"/>
                <TextEquiv>
                    <Unicode>angethan und dem sechst gelegen geseyn und</Unicode>
                </TextEquiv>
            </TextLine>
            <TextLine id="r5l41" custom="readingOrder {index:40;}">
                <Coords points="414,3388 505,3400 555,3352 660,3346 1250,3403 1314,3358 1511,3350 1511,3305 1415,3288 1337,3330 1177,3302 1126,3338 864,3284 758,3335 502,3325 415,3284"/>
                <Baseline points="422,3351 476,3349 530,3348 584,3347 638,3347 692,3348 746,3348 800,3350 854,3351 908,3353 962,3354 1016,3356 1070,3357 1124,3357 1178,3357 1232,3357 1286,3356 1340,3353 1394,3350 1448,3345 1503,3341"/>
                <TextEquiv>
                    <Unicode>zwar nir den handen ingebührliche prt tra</Unicode>
                </TextEquiv>
            </TextLine>
            <TextLine id="r5l42" custom="readingOrder {index:41;}">
                <Coords points="437,3424 843,3460 973,3408 1109,3462 1318,3442 1374,3474 1533,3432 1534,3328 1350,3406 915,3354 786,3390 715,3347 437,3400"/>
                <Baseline points="444,3420 498,3416 552,3414 606,3411 660,3411 714,3411 768,3412 822,3414 876,3416 930,3417 985,3420 1039,3422 1093,3423 1147,3425 1201,3426 1255,3426 1309,3426 1363,3424 1417,3422 1471,3417 1526,3413"/>
                <TextEquiv>
                    <Unicode>betastet und gegroffen aber weitenb ger nüt</Unicode>
                </TextEquiv>
            </TextLine>
            <TextLine id="r5l43" custom="readingOrder {index:42;}">
                <Coords points="415,3527 466,3530 516,3481 559,3510 591,3486 636,3504 760,3485 876,3522 929,3504 987,3523 1004,3514 1004,3422 900,3414 843,3462 802,3440 724,3458 637,3420 590,3444 533,3413 415,3423"/>
                <Baseline points="423,3485 451,3483 480,3483 508,3482 537,3482 566,3482 594,3482 623,3482 652,3482 680,3482 709,3483 738,3483 766,3483 795,3485 824,3485 852,3485 881,3485 910,3485 938,3485 967,3485 996,3485"/>
                <TextEquiv>
                    <Unicode>thätlichess temnb, habe.</Unicode>
                </TextEquiv>
            </TextLine>
            <TextLine id="r5l44" custom="readingOrder {index:43;}">
                <Coords points="430,3621 505,3587 690,3634 889,3585 1543,3610 1542,3496 1460,3492 1413,3539 1089,3511 998,3563 928,3522 835,3541 770,3487 574,3555 430,3524"/>
                <Baseline points="437,3590 494,3589 552,3588 610,3588 668,3587 726,3587 784,3588 841,3588 899,3588 957,3588 1015,3588 1073,3588 1131,3588 1188,3588 1246,3587 1304,3585 1362,3584 1420,3581 1478,3577 1536,3573"/>
                <TextEquiv>
                    <Unicode>orumbfz dann hinvor die that selbsten fry.</Unicode>
                </TextEquiv>
            </TextLine>
            <TextLine id="r5l45" custom="readingOrder {index:44;}">
                <Coords points="425,3668 530,3696 600,3656 747,3662 881,3699 1144,3666 1321,3704 1502,3661 1502,3619 1436,3586 1362,3638 1257,3588 1046,3622 892,3585 832,3630 770,3590 707,3640 620,3589 553,3624 425,3599"/>
                <Baseline points="432,3651 485,3653 538,3653 591,3653 644,3654 697,3654 750,3654 803,3654 856,3654 909,3656 963,3656 1016,3656 1069,3656 1122,3656 1175,3656 1228,3656 1281,3657 1334,3657 1387,3657 1440,3657 1494,3657"/>
                <TextEquiv>
                    <Unicode>willig beken, die gsazmußige abbüßung auß</Unicode>
                </TextEquiv>
            </TextLine>
            <TextEquiv>
                <Unicode>Sy solcher bewandtumb und Wanckelmuch
tigken diser thirnen nun habend mei
an gandige herren deß täglichen rtahdes
auß sonderbahren ursachen und betrechtung
gen selbige guit dem Jaggi daun allhar
in unsige verhaffung zu vernerem und
eunstlicheren cxamen bringen zulaßen
guttbefunden, und ist zu solchem und uß
zrn anlangung durch Mghl din Bengern
in zu nigen faaminaioren denordnet
vorden aer ochgenhabe unse Fürsich.
dige und weise uar einannel von Graffen
rindt deß taglichen Rtalsts, Welcher dene
Goris
sich den zetser diß vergangung monatis apri
lis in dee gefangenschafft uerengt und zu
bysein und geguntar meyhen herren Großeni
bel Reigers und herr Caroli Mannulis das
Tramen angefangen
und zwar erstlichen mit Jaggi daun seinem
vorgeben nach von ih. od 24 Jahren, Zun
vor allen dingen betong- und craffigklich
Boll und der hochen oberkeit die ehrge
geben, umb die Marhept zu bekunnen und den
buden in freyge bekunnung seiner begang¬
am Sunden mit Gott dem hurre In nunnn
enlomen gewußen, zusuchen dist zugesprochen
und Volgents befeugt worden
Ab k eit hinnorselbst bekenter maßen, mit
anda Selschin zu sweyenmahlesucho vndt ver¬
geßen, daß by mit dra seilb gemeinschafft
gehabt und fleischliche vermisthung gepflogen,
kem so weit sey is nit kommen. Wol aber
seye wahr, daß er zu shwegen mahlen by tra
In aum haußen zunacht gsin, daselbsten by tra
ptwan by zstunden, lann nachziben by außge


leschtem nicht annersumb mit dem gliandt
angethan und dem sechst gelegen geseyn und
zwar nir den handen ingebührliche prt tra
betastet und gegroffen aber weitenb ger nüt
thätlichess temnb, habe.
orumbfz dann hinvor die that selbsten fry.
willig beken, die gsazmußige abbüßung auß</Unicode>
            </TextEquiv>
        </TextRegion>
        <TextRegion orientation="0.0" id="r6" custom="readingOrder {index:5;}">
            <Coords points="1632,1566 1632,1632 1698,1632 1698,1566"/>
            <TextLine id="r6l1" custom="readingOrder {index:0;}">
                <Coords points="1625,1586 1649,1590 1656,1596 1662,1593 1686,1605 1690,1602 1705,1603 1709,1535 1694,1533 1689,1528 1679,1529 1666,1541 1658,1542 1641,1555 1626,1554"/>
                <Baseline points="1632,1586 1665,1589 1698,1589"/>
                <TextEquiv>
                    <Unicode></Unicode>
                </TextEquiv>
            </TextLine>
            <TextLine id="r6l2" custom="readingOrder {index:1;}">
                <Coords points="1657,1607 1687,1607 1687,1595 1657,1595"/>
                <Baseline points="1664,1619 1680,1619"/>
                <TextEquiv>
                    <Unicode></Unicode>
                </TextEquiv>
            </TextLine>
            <TextLine id="r6l3" custom="readingOrder {index:2;}">
                <Coords points="1624,1635 1634,1635 1653,1639 1662,1597 1653,1595 1647,1590 1641,1591 1633,1589"/>
                <Baseline points="1635,1619 1650,1622"/>
                <TextEquiv>
                    <Unicode></Unicode>
                </TextEquiv>
            </TextLine>
            <TextEquiv>
                <Unicode>

</Unicode>
            </TextEquiv>
        </TextRegion>
        <TextRegion orientation="0.0" id="r7" custom="readingOrder {index:6;}">
            <Coords points="1731,1031 1731,1187 1760,1187 1760,1031"/>
            <TextLine id="r7l1" custom="readingOrder {index:0;}">
                <Coords points="1727,1153 1734,1151 1739,1144 1748,1144 1752,1141 1757,1145 1770,1140 1755,1068 1740,1073 1737,1070 1731,1070 1710,1075"/>
                <Baseline points="1731,1137 1760,1131"/>
                <TextEquiv>
                    <Unicode>3</Unicode>
                </TextEquiv>
            </TextLine>
            <TextEquiv>
                <Unicode>3</Unicode>
            </TextEquiv>
        </TextRegion>
        <TextRegion orientation="0.0" id="r8" custom="readingOrder {index:7;}">
            <Coords points="1733,2548 1733,2704 1763,2704 1763,2548"/>
            <TextLine id="r8l1" custom="readingOrder {index:0;}">
                <Coords points="1728,2670 1734,2669 1738,2665 1743,2667 1754,2654 1764,2658 1772,2657 1758,2590 1749,2592 1744,2588 1734,2600 1716,2606"/>
                <Baseline points="1733,2654 1763,2648"/>
                <TextEquiv>
                    <Unicode>1.</Unicode>
                </TextEquiv>
            </TextLine>
            <TextEquiv>
                <Unicode>1.</Unicode>
            </TextEquiv>
        </TextRegion>
        <TextRegion orientation="0.0" id="r9" custom="readingOrder {index:8;}">
            <Coords points="1724,604 1724,3774 3018,3774 3018,604"/>
            <TextLine id="r9l1" custom="readingOrder {index:0;}">
                <Coords points="2836,656 2851,659 2867,655 2873,657 2881,651 2890,659 2898,655 2902,658 2911,654 2923,656 2925,602 2918,602 2908,610 2894,595 2869,580 2851,581 2839,577"/>
                <Baseline points="2844,635 2880,638 2916,638"/>
                <TextEquiv>
                    <Unicode>12</Unicode>
                </TextEquiv>
            </TextLine>
            <TextLine id="r9l2" custom="readingOrder {index:1;}">
                <Coords points="1859,792 2156,800 2692,726 2870,747 2929,727 2926,670 2816,626 2730,670 2494,668 2292,717 2186,689 2101,726 1995,668 1856,739"/>
                <Baseline points="1865,765 1917,770 1970,771 2023,773 2076,773 2129,771 2181,770 2234,768 2287,765 2340,762 2393,758 2445,753 2498,750 2551,745 2604,741 2657,737 2709,734 2762,729 2815,725 2868,723 2921,720"/>
                <TextEquiv>
                    <Unicode>gestanden und die abbit verrichtet und also</Unicode>
                </TextEquiv>
            </TextLine>
            <TextLine id="r9l3" custom="readingOrder {index:2;}">
                <Coords points="1849,838 2000,836 2051,872 2138,826 2323,849 2363,820 2434,859 2556,800 2588,827 2701,790 2798,819 2795,751 2698,730 2558,767 2373,757 2267,797 2217,777 2177,811 2000,774 1958,809 1847,791"/>
                <Baseline points="1856,825 1902,828 1949,830 1995,830 2042,830 2089,830 2135,828 2182,828 2229,825 2275,823 2322,820 2369,818 2415,815 2462,810 2509,807 2555,804 2602,800 2649,798 2695,795 2742,792 2789,789"/>
                <TextEquiv>
                    <Unicode>Ama und jra ohnrecht gethan habe</Unicode>
                </TextEquiv>
            </TextLine>
            <TextLine id="r9l4" custom="readingOrder {index:3;} person {offset:36; length:1; continued:true;}">
                <Coords points="1853,897 1951,924 2130,885 2274,920 2922,836 2920,798 2839,779 2790,818 2709,789 2629,831 2512,807 2457,857 2139,826 2066,871 1998,835 1852,869"/>
                <Baseline points="1860,885 1912,887 1965,887 2018,887 2071,887 2123,887 2176,885 2229,884 2282,881 2334,879 2387,876 2440,873 2493,870 2545,866 2598,861 2651,857 2704,852 2756,846 2809,842 2862,835 2915,830"/>
                <TextEquiv>
                    <Unicode>eyn solundischen gsin, dißmahlen aber</Unicode>
                </TextEquiv>
            </TextLine>
            <TextLine id="r9l5" custom="readingOrder {index:4;} person {offset:0; length:6; continued:true;}">
                <Coords points="1852,976 1985,960 2020,989 2291,937 2357,968 2412,931 2471,958 2735,906 2824,930 2924,887 2911,827 2781,879 2655,862 2608,901 2499,879 2188,926 2133,889 1957,928 1847,898"/>
                <Baseline points="1857,954 1909,953 1962,950 2015,948 2068,946 2121,944 2174,942 2227,939 2280,938 2333,936 2386,932 2438,930 2491,925 2544,923 2597,918 2650,913 2703,908 2756,902 2809,897 2862,890 2915,881"/>
                <TextEquiv>
                    <Unicode>hermahne inn sein gewüßen, die warheit</Unicode>
                </TextEquiv>
            </TextLine>
            <TextLine id="r9l6" custom="readingOrder {index:5;}">
                <Coords points="1859,1043 2167,1010 2401,1038 2455,988 2513,1024 2574,980 2727,969 2850,1007 2948,959 2944,894 2888,890 2770,937 2668,910 2600,967 2531,927 2362,974 2287,936 2105,983 1856,980"/>
                <Baseline points="1866,1017 1919,1015 1973,1013 2026,1011 2080,1008 2134,1007 2187,1005 2241,1003 2295,1001 2348,999 2402,996 2456,993 2509,990 2563,987 2617,983 2670,977 2724,972 2778,965 2831,959 2885,951 2939,941"/>
                <TextEquiv>
                    <Unicode>anzuzeigen, Welche alß seyn Win angesagt,</Unicode>
                </TextEquiv>
            </TextLine>
            <TextLine id="r9l7" custom="readingOrder {index:6;} place {offset:18; length:11;} person {offset:37; length:1; continued:true;}">
                <Coords points="1838,1131 1961,1154 2045,1110 2398,1108 2909,1035 2906,999 2690,1015 2584,979 2267,1070 2132,1014 2077,1061 1832,1059"/>
                <Baseline points="1845,1116 1897,1114 1950,1112 2003,1110 2056,1107 2109,1104 2161,1100 2214,1098 2267,1095 2320,1090 2373,1086 2425,1082 2478,1077 2531,1073 2584,1067 2637,1062 2689,1057 2742,1052 2795,1045 2848,1038 2901,1032"/>
                <TextEquiv>
                    <Unicode>Ob sy ira troben zu Interzacken by der</Unicode>
                </TextEquiv>
            </TextLine>
            <TextLine id="r9l8" custom="readingOrder {index:7;} person {offset:0; length:3; continued:true;}">
                <Coords points="1851,1212 1959,1176 2065,1197 2096,1166 2365,1196 2416,1148 2488,1179 2540,1144 2643,1159 2686,1121 2817,1141 2886,1110 2883,1070 2814,1059 2749,1090 2596,1064 2356,1131 2293,1097 2156,1143 2099,1106 1972,1153 1845,1127"/>
                <Baseline points="1856,1169 1907,1167 1958,1166 2009,1164 2060,1163 2111,1161 2162,1158 2213,1157 2264,1154 2315,1151 2366,1147 2417,1144 2468,1141 2519,1136 2570,1131 2621,1126 2672,1121 2723,1115 2774,1107 2825,1101 2877,1092"/>
                <TextEquiv>
                    <Unicode>Maser heimlichetzugemichtet, inn zu</Unicode>
                </TextEquiv>
            </TextLine>
            <TextLine id="r9l9" custom="readingOrder {index:8;}">
                <Coords points="1842,1237 2039,1263 2182,1212 2542,1221 2956,1157 2953,1122 2821,1151 2773,1117 2517,1184 2427,1148 2366,1195 1951,1176 1841,1213"/>
                <Baseline points="1850,1229 1904,1230 1959,1229 2014,1229 2069,1227 2124,1226 2179,1224 2234,1223 2289,1220 2344,1217 2399,1213 2453,1210 2508,1205 2563,1200 2618,1194 2673,1188 2728,1181 2783,1173 2838,1166 2893,1157 2948,1148"/>
                <TextEquiv>
                    <Unicode>entschlagen. em, sondern er habe ein</Unicode>
                </TextEquiv>
            </TextLine>
            <TextLine id="r9l10" custom="readingOrder {index:9;}">
                <Coords points="1850,1310 2252,1330 2529,1263 2665,1283 2760,1235 2833,1272 2933,1231 2930,1189 2331,1236 2182,1212 2001,1273 1950,1230 1845,1249"/>
                <Baseline points="1856,1296 1909,1296 1962,1296 2016,1295 2069,1293 2123,1292 2176,1290 2229,1287 2283,1284 2336,1281 2390,1278 2443,1274 2496,1268 2550,1264 2603,1257 2657,1252 2710,1245 2763,1239 2817,1231 2870,1223 2924,1214"/>
                <TextEquiv>
                    <Unicode>faltig gesagt, Sy solle die Warzeit sagen</Unicode>
                </TextEquiv>
            </TextLine>
            <TextLine id="r9l11" custom="readingOrder {index:10;} person {offset:32; length:6; continued:true;}">
                <Coords points="1840,1426 2076,1393 2120,1425 2285,1383 2466,1422 2575,1363 2690,1404 2937,1338 2932,1269 2745,1328 2632,1293 2461,1352 2381,1310 1836,1369"/>
                <Baseline points="1847,1415 1901,1412 1955,1407 2009,1405 2063,1401 2117,1399 2171,1395 2226,1392 2280,1389 2334,1386 2388,1383 2442,1380 2496,1376 2550,1372 2605,1369 2659,1363 2713,1359 2767,1353 2821,1348 2875,1341 2930,1334"/>
                <TextEquiv>
                    <Unicode>Ob er nit gewußt, daß sein biuder kans</Unicode>
                </TextEquiv>
            </TextLine>
            <TextLine id="r9l12" custom="readingOrder {index:11;} person {offset:0; length:2; continued:true;} person {offset:11; length:8;}">
                <Coords points="1847,1474 2213,1461 2291,1502 2383,1449 2629,1481 2921,1421 2916,1341 2779,1395 2624,1375 2372,1432 2285,1383 2177,1441 2071,1394 1980,1447 1926,1409 1844,1426"/>
                <Baseline points="1854,1470 1906,1466 1959,1464 2012,1462 2065,1460 2118,1458 2171,1457 2224,1455 2277,1454 2330,1452 2383,1449 2435,1446 2488,1443 2541,1440 2594,1437 2647,1431 2700,1425 2753,1419 2806,1412 2859,1403 2912,1392"/>
                <TextEquiv>
                    <Unicode>zaur mit ira Betschin auch züthen gehabt</Unicode>
                </TextEquiv>
            </TextLine>
            <TextLine id="r9l13" custom="readingOrder {index:12;}">
                <Coords points="1841,1558 2016,1525 2135,1555 2239,1511 2312,1543 2441,1502 2686,1531 2903,1463 2900,1418 2527,1487 2372,1448 2294,1498 2150,1458 1994,1508 1937,1466 1836,1492"/>
                <Baseline points="1847,1536 1899,1533 1951,1532 2004,1529 2056,1527 2108,1526 2161,1524 2213,1523 2265,1520 2318,1518 2370,1515 2422,1512 2475,1508 2527,1503 2579,1499 2632,1493 2684,1486 2736,1478 2789,1470 2841,1459 2894,1446"/>
                <TextEquiv>
                    <Unicode>habe. Rein sy habe zum von seien</Unicode>
                </TextEquiv>
            </TextLine>
            <TextLine id="r9l14" custom="readingOrder {index:13;} person {offset:21; length:1; continued:true;}">
                <Coords points="1845,1623 1992,1602 2061,1639 2138,1596 2258,1631 2315,1607 2364,1622 2395,1597 2435,1601 2433,1510 2384,1543 2350,1526 2292,1547 2238,1511 2128,1566 2022,1571 1927,1531 1843,1560"/>
                <Baseline points="1853,1604 1881,1601 1910,1599 1939,1598 1967,1597 1996,1596 2025,1595 2053,1594 2082,1593 2111,1593 2140,1592 2168,1592 2197,1590 2226,1590 2254,1590 2283,1589 2312,1587 2340,1586 2369,1585 2398,1584 2427,1581"/>
                <TextEquiv>
                    <Unicode>Bruder gar mit gesagt.</Unicode>
                </TextEquiv>
            </TextLine>
            <TextLine id="r9l15" custom="readingOrder {index:14;} person {offset:0; length:3; continued:true;}">
                <Coords points="1807,1716 1883,1745 1932,1702 2058,1694 2155,1735 2251,1694 2594,1704 2932,1646 2930,1607 2849,1587 2768,1636 2663,1583 2582,1643 2307,1616 2210,1666 2091,1641 2000,1683 1877,1616 1803,1635"/>
                <Baseline points="1815,1706 1870,1705 1925,1704 1981,1703 2036,1701 2092,1700 2147,1698 2203,1697 2258,1695 2314,1693 2369,1691 2424,1688 2480,1685 2535,1682 2591,1677 2646,1672 2702,1668 2757,1663 2813,1656 2868,1650 2924,1643"/>
                <TextEquiv>
                    <Unicode>Alßei ohngnachst allens crettigklichen ver</Unicode>
                </TextEquiv>
            </TextLine>
            <TextLine id="r9l16" custom="readingOrder {index:15;}">
                <Coords points="1858,1778 2942,1738 2916,1658 2595,1705 2451,1683 2299,1727 2252,1693 2149,1740 2050,1694 1999,1739 1950,1708 1856,1739"/>
                <Baseline points="1865,1766 1918,1764 1971,1762 2025,1760 2078,1759 2132,1757 2185,1756 2238,1755 2292,1754 2345,1752 2399,1751 2452,1748 2505,1746 2559,1744 2612,1740 2666,1737 2719,1734 2772,1730 2826,1724 2879,1719 2933,1712"/>
                <TextEquiv>
                    <Unicode>mahnens und geshaner verstellung, was by</Unicode>
                </TextEquiv>
            </TextLine>
            <TextLine id="r9l17" custom="readingOrder {index:16;}">
                <Coords points="1848,1850 2289,1817 2428,1845 2481,1812 2545,1840 2744,1797 2879,1822 2936,1786 2934,1740 2829,1731 2738,1777 2502,1753 2460,1793 2373,1749 2305,1793 2111,1754 1845,1793"/>
                <Baseline points="1854,1830 1907,1828 1961,1826 2014,1824 2068,1823 2122,1821 2175,1820 2229,1818 2283,1817 2336,1816 2390,1815 2444,1813 2497,1811 2551,1808 2605,1804 2658,1800 2712,1795 2766,1790 2819,1783 2873,1775 2927,1766"/>
                <TextEquiv>
                    <Unicode>seiner hartnerkigen verstorkung zue zuge</Unicode>
                </TextEquiv>
            </TextLine>
            <TextLine id="r9l18" custom="readingOrder {index:17;}">
                <Coords points="1844,1913 2599,1904 2644,1864 2772,1856 2853,1895 2922,1816 1841,1847"/>
                <Baseline points="1850,1895 1903,1893 1956,1892 2009,1890 2063,1887 2116,1887 2169,1885 2222,1884 2276,1882 2329,1881 2382,1878 2435,1877 2489,1874 2542,1871 2595,1868 2648,1864 2702,1860 2755,1856 2808,1851 2861,1844 2915,1836"/>
                <TextEquiv>
                    <Unicode>warten stuhe, nichts anders auß zme Au¬</Unicode>
                </TextEquiv>
            </TextLine>
            <TextLine id="r9l19" custom="readingOrder {index:18;}">
                <Coords points="1847,1978 1943,1998 1993,1960 2049,1998 2140,1948 2378,1940 2543,1987 2671,1943 2764,1969 2806,1928 2941,1930 2939,1860 2675,1911 1845,1913"/>
                <Baseline points="1854,1962 1910,1959 1967,1956 2024,1953 2081,1952 2137,1950 2194,1949 2251,1947 2308,1946 2365,1944 2421,1944 2478,1942 2535,1940 2592,1937 2649,1935 2705,1931 2762,1926 2819,1921 2876,1914 2933,1907"/>
                <TextEquiv>
                    <Unicode>bringen gewüsen, alß daß er sy ohngebuhr</Unicode>
                </TextEquiv>
            </TextLine>
            <TextLine id="r9l20" custom="readingOrder {index:19;}">
                <Coords points="1844,2036 2026,2030 2084,2068 2280,2003 2440,2039 2524,1994 2759,1986 2801,2024 2920,1977 2910,1926 2626,1976 2563,1938 2308,1950 2233,1995 2043,2001 1993,1959 1942,2005 1842,1979"/>
                <Baseline points="1851,2030 1904,2025 1957,2022 2010,2019 2063,2017 2116,2015 2169,2013 2222,2010 2275,2009 2328,2007 2381,2006 2434,2004 2487,2001 2540,1998 2593,1997 2646,1993 2699,1990 2752,1986 2805,1982 2858,1976 2912,1970"/>
                <TextEquiv>
                    <Unicode>lich bemuhrt, die that aber Aims longeb</Unicode>
                </TextEquiv>
            </TextLine>
            <TextLine id="r9l21" custom="readingOrder {index:20;}">
                <Coords points="1852,2101 2008,2080 2179,2124 2312,2051 2622,2098 2768,2047 2832,2089 2867,2060 2864,1973 2787,2028 2539,1993 2442,2032 2280,2003 2095,2058 1917,2020 1851,2057"/>
                <Baseline points="1860,2088 1912,2085 1965,2081 2017,2078 2070,2076 2122,2075 2175,2073 2228,2072 2280,2072 2333,2070 2385,2070 2438,2069 2490,2067 2543,2066 2596,2063 2648,2061 2701,2057 2753,2052 2806,2047 2859,2040"/>
                <TextEquiv>
                    <Unicode>mit da vernichtet Ist endtlichen auch</Unicode>
                </TextEquiv>
            </TextLine>
            <TextLine id="r9l22" custom="readingOrder {index:21;}">
                <Coords points="1811,2179 1911,2141 1961,2187 2011,2146 2140,2142 2342,2186 2398,2138 2471,2169 2553,2134 2667,2179 2723,2133 2791,2156 2882,2123 2880,2045 2832,2088 2764,2048 2712,2101 2624,2108 2435,2060 2180,2123 1939,2076 1809,2116"/>
                <Baseline points="1818,2154 1870,2151 1923,2149 1976,2147 2029,2145 2082,2144 2134,2143 2187,2142 2240,2141 2293,2141 2346,2140 2398,2139 2451,2138 2504,2136 2557,2135 2610,2133 2662,2130 2715,2128 2768,2124 2821,2121 2874,2115"/>
                <TextEquiv>
                    <Unicode>die thanm minah setschin vorgeführt</Unicode>
                </TextEquiv>
            </TextLine>
            <TextLine id="r9l23" custom="readingOrder {index:22;}">
                <Coords points="1846,2243 2131,2258 2191,2210 2326,2233 2388,2201 2557,2244 2616,2205 2905,2188 2861,2142 2780,2172 2723,2133 2665,2182 2401,2138 2327,2188 2181,2147 2120,2180 2009,2148 1943,2200 1881,2151 1843,2171"/>
                <Baseline points="1853,2225 1905,2222 1957,2220 2009,2217 2061,2216 2114,2214 2166,2213 2218,2211 2270,2210 2322,2209 2375,2208 2427,2207 2479,2205 2531,2203 2583,2201 2636,2198 2688,2194 2740,2191 2792,2186 2844,2181 2897,2175"/>
                <TextEquiv>
                    <Unicode>und ebenmeßig mit killen herlichen er</Unicode>
                </TextEquiv>
            </TextLine>
            <TextLine id="r9l24" custom="readingOrder {index:23;}">
                <Coords points="1850,2289 2068,2329 2179,2270 2619,2308 2789,2261 2834,2302 2983,2248 2982,2206 2804,2200 2674,2237 2616,2205 2563,2243 2388,2201 2329,2236 2188,2211 2131,2258 1849,2243"/>
                <Baseline points="1857,2282 1912,2280 1968,2279 2024,2277 2080,2277 2136,2277 2192,2276 2248,2276 2304,2276 2360,2276 2416,2276 2471,2274 2527,2274 2583,2273 2639,2270 2695,2267 2751,2264 2807,2259 2863,2253 2919,2246 2975,2238"/>
                <TextEquiv>
                    <Unicode>nnerunger vermahnt worden Ian begangen</Unicode>
                </TextEquiv>
            </TextLine>
            <TextLine id="r9l25" custom="readingOrder {index:24;}">
                <Coords points="1839,2366 2120,2346 2180,2394 2340,2393 2732,2343 2796,2371 2959,2326 2958,2280 2833,2301 2785,2260 2735,2299 2665,2269 2623,2313 2519,2317 2421,2272 2330,2306 2180,2269 2016,2328 1837,2281"/>
                <Baseline points="1847,2357 1902,2354 1957,2351 2012,2349 2067,2348 2123,2346 2178,2345 2233,2345 2288,2345 2343,2344 2399,2343 2454,2343 2509,2342 2564,2340 2619,2339 2675,2337 2730,2334 2785,2331 2840,2327 2895,2321 2951,2315"/>
                <TextEquiv>
                    <Unicode>Rënden und kasten zu bekummen und zuer</Unicode>
                </TextEquiv>
            </TextLine>
            <TextLine id="r9l26" custom="readingOrder {index:25;}">
                <Coords points="1840,2433 1854,2435 1867,2427 1878,2433 1888,2424 1918,2432 1927,2423 1933,2428 1961,2422 1980,2442 1994,2433 2012,2439 2012,2390 1994,2383 1971,2390 1952,2381 1943,2390 1937,2386 1926,2392 1906,2387 1880,2360 1861,2367 1851,2358 1840,2361"/>
                <Baseline points="1847,2417 1873,2415 1899,2414 1925,2414 1951,2415 1977,2415 2004,2418"/>
                <TextEquiv>
                    <Unicode>kenne.</Unicode>
                </TextEquiv>
            </TextLine>
            <TextLine id="r9l27" custom="readingOrder {index:26;}">
                <Coords points="1797,2576 2160,2592 2226,2540 2356,2539 2579,2576 2759,2554 2759,2461 2663,2445 2565,2507 2489,2474 2389,2510 2351,2483 2240,2525 2077,2459 1797,2523"/>
                <Baseline points="1805,2547 1852,2546 1899,2546 1946,2544 1994,2544 2041,2544 2088,2544 2136,2544 2183,2544 2230,2544 2278,2544 2325,2544 2372,2544 2419,2544 2467,2544 2514,2544 2561,2544 2609,2544 2656,2544 2703,2543 2751,2541"/>
                <TextEquiv>
                    <Unicode>darauf selbige enndmichtig beknnt</Unicode>
                </TextEquiv>
            </TextLine>
            <TextLine id="r9l28" custom="readingOrder {index:27;} person {offset:18; length:18;}">
                <Coords points="1828,2650 2147,2634 2300,2673 2433,2636 2514,2681 2723,2638 2871,2668 2901,2608 2803,2556 2758,2587 2653,2545 2583,2585 2482,2565 2426,2609 2347,2545 2210,2548 2152,2598 2077,2576 2039,2612 1907,2565 1828,2584"/>
                <Baseline points="1836,2636 1888,2634 1941,2634 1994,2634 2047,2634 2100,2634 2152,2634 2205,2634 2258,2636 2311,2636 2364,2637 2416,2637 2469,2639 2522,2639 2575,2640 2628,2640 2680,2640 2733,2642 2786,2642 2839,2642 2892,2642"/>
                <TextEquiv>
                    <Unicode>eestlichen sich mit christen Schmorker etwan</Unicode>
                </TextEquiv>
            </TextLine>
            <TextLine id="r9l29" custom="readingOrder {index:28;}">
                <Coords points="1816,2728 1896,2755 1989,2707 2074,2753 2202,2715 2276,2755 2355,2709 2542,2704 2789,2710 2840,2748 2914,2705 2800,2654 2745,2688 2333,2684 2141,2634 2018,2689 1938,2638 1816,2654"/>
                <Baseline points="1823,2709 1877,2709 1931,2708 1985,2706 2039,2706 2093,2706 2147,2706 2202,2705 2256,2705 2310,2705 2364,2705 2418,2705 2472,2705 2526,2706 2581,2706 2635,2706 2689,2706 2743,2706 2797,2706 2851,2706 2906,2706"/>
                <TextEquiv>
                    <Unicode>zuchen tag vor vergangnum antonn jahr</Unicode>
                </TextEquiv>
            </TextLine>
            <TextLine id="r9l30" custom="readingOrder {index:29;} place {offset:1; length:8;}">
                <Coords points="1813,2813 2256,2764 2367,2770 2468,2831 2568,2776 2905,2792 2905,2733 2773,2710 2735,2736 2621,2705 2541,2750 2357,2708 2251,2756 2194,2715 2072,2754 1813,2726"/>
                <Baseline points="1820,2781 1873,2777 1927,2775 1981,2772 2035,2771 2089,2771 2143,2771 2196,2771 2250,2771 2304,2772 2358,2772 2412,2774 2466,2774 2520,2775 2573,2777 2627,2777 2681,2778 2735,2778 2789,2778 2843,2777 2897,2777"/>
                <TextEquiv>
                    <Unicode>zu Merligen in flüischlicher gerauschung</Unicode>
                </TextEquiv>
            </TextLine>
            <TextLine id="r9l31" custom="readingOrder {index:30;}">
                <Coords points="1839,2881 1936,2843 2080,2883 2377,2857 2424,2898 2655,2847 2998,2874 2998,2835 2858,2777 2786,2811 2538,2784 2465,2832 2368,2771 2328,2806 2267,2768 1930,2778 1840,2820"/>
                <Baseline points="1848,2846 1905,2844 1962,2843 2019,2843 2076,2843 2133,2844 2190,2845 2248,2846 2305,2847 2362,2849 2419,2850 2476,2852 2533,2853 2590,2855 2648,2856 2705,2856 2762,2856 2819,2856 2876,2855 2933,2855 2991,2852"/>
                <TextEquiv>
                    <Unicode>und vollust ventraft zu haben von Welchem</Unicode>
                </TextEquiv>
            </TextLine>
            <TextLine id="r9l32" custom="readingOrder {index:31;}">
                <Coords points="1820,2952 2214,2903 2415,2964 2476,2926 2574,2971 2640,2936 2900,2979 2990,2929 2851,2860 2696,2879 2659,2846 2549,2899 2264,2851 2132,2886 1822,2864"/>
                <Baseline points="1829,2907 1886,2907 1944,2906 2001,2906 2059,2907 2117,2909 2174,2910 2232,2911 2290,2913 2347,2916 2405,2918 2463,2920 2520,2923 2578,2925 2636,2927 2693,2928 2751,2928 2809,2930 2866,2928 2924,2928 2982,2927"/>
                <TextEquiv>
                    <Unicode>sy auch schwanger worden und habe es wal ge¬</Unicode>
                </TextEquiv>
            </TextLine>
            <TextLine id="r9l33" custom="readingOrder {index:32;}">
                <Coords points="1839,2993 1894,3024 1926,2994 2032,2987 2117,3035 2259,2995 2313,3038 2404,2994 2495,3041 2619,3009 2620,2980 2471,2926 2419,2966 2378,2937 2275,2964 2126,2964 2083,2926 1975,2962 1914,2921 1840,2940"/>
                <Baseline points="1847,2979 1885,2980 1923,2981 1961,2982 2000,2982 2038,2984 2076,2984 2114,2984 2153,2984 2191,2984 2229,2985 2267,2985 2306,2985 2344,2985 2382,2987 2420,2987 2459,2988 2497,2990 2535,2992 2573,2994 2612,2997"/>
                <TextEquiv>
                    <Unicode>wuß, daß sy ein sheldmb seyn</Unicode>
                </TextEquiv>
            </TextLine>
            <TextLine id="r9l34" custom="readingOrder {index:33;} person {offset:17; length:12;}">
                <Coords points="1716,3115 1874,3149 2060,3100 2126,3143 2256,3104 2406,3143 2935,3128 2936,3070 2767,3072 2721,3029 2606,3078 2534,3035 2377,3061 2235,3021 2169,3079 2023,3046 1940,3080 1718,3026"/>
                <Baseline points="1724,3105 1784,3105 1844,3105 1904,3105 1964,3105 2025,3105 2085,3107 2145,3107 2205,3108 2265,3110 2326,3110 2386,3111 2446,3113 2506,3114 2566,3114 2627,3116 2687,3117 2747,3119 2807,3120 2867,3121 2928,3122"/>
                <TextEquiv>
                    <Unicode>3. Zum anderen mit Ueli Gaffnus etwass won</Unicode>
                </TextEquiv>
            </TextLine>
            <TextLine id="r9l35" custom="readingOrder {index:34;}">
                <Coords points="1852,3194 2133,3181 2197,3229 2306,3188 2443,3230 2666,3196 2895,3210 2967,3255 2986,3141 2922,3125 2842,3181 2758,3132 2655,3164 2571,3117 2508,3151 2225,3114 2112,3147 2059,3100 1854,3146"/>
                <Baseline points="1860,3170 1915,3171 1971,3173 2027,3174 2083,3176 2139,3179 2194,3180 2250,3182 2306,3185 2362,3186 2418,3189 2473,3191 2529,3194 2585,3197 2641,3199 2697,3201 2752,3204 2808,3206 2864,3208 2920,3210 2976,3212"/>
                <TextEquiv>
                    <Unicode>mgb zeit nach dem schmöcker ebenmußig</Unicode>
                </TextEquiv>
            </TextLine>
            <TextLine id="r9l36" custom="readingOrder {index:35;}">
                <Coords points="1851,3260 2610,3274 2712,3327 2898,3308 2903,3210 2678,3247 2522,3198 2446,3231 2335,3201 2109,3232 2032,3189 1985,3225 1951,3187 1853,3227"/>
                <Baseline points="1860,3246 1911,3247 1963,3248 2014,3248 2066,3249 2117,3251 2169,3252 2220,3254 2272,3256 2323,3258 2375,3261 2427,3263 2478,3266 2530,3269 2581,3271 2633,3274 2684,3277 2736,3279 2787,3282 2839,3285 2891,3288"/>
                <TextEquiv>
                    <Unicode>under in gebruch sich verdeßen zu haben.</Unicode>
                </TextEquiv>
            </TextLine>
            <TextLine id="r9l37" custom="readingOrder {index:36;}">
                <Coords points="1717,3400 1726,3401 1736,3393 1740,3398 1749,3394 1762,3399 1772,3304 1763,3303 1750,3290 1739,3292 1729,3289"/>
                <Baseline points="1728,3368 1758,3371"/>
                <TextEquiv>
                    <Unicode>3</Unicode>
                </TextEquiv>
            </TextLine>
            <TextLine id="r9l38" custom="readingOrder {index:37;}">
                <Coords points="1851,3382 2642,3384 2706,3431 2944,3405 2947,3336 2860,3366 2756,3309 2624,3346 2583,3317 2468,3360 2410,3306 2299,3318 2187,3269 2066,3303 1972,3277 1852,3339"/>
                <Baseline points="1859,3368 1912,3365 1966,3363 2020,3363 2074,3363 2128,3363 2182,3365 2236,3366 2290,3369 2344,3372 2398,3376 2451,3378 2505,3382 2559,3385 2613,3387 2667,3390 2721,3392 2775,3395 2829,3396 2883,3396 2937,3398"/>
                <TextEquiv>
                    <Unicode>und dem drittens hinvor im ziderland</Unicode>
                </TextEquiv>
            </TextLine>
            <TextLine id="r9l39" custom="readingOrder {index:38;}">
                <Coords points="1840,3442 2364,3492 2426,3459 2700,3502 2951,3479 2944,3404 2801,3445 2427,3373 2314,3374 2260,3417 2198,3365 2112,3415 1842,3380"/>
                <Baseline points="1848,3435 1902,3436 1957,3438 2012,3440 2067,3442 2121,3444 2176,3446 2231,3449 2286,3450 2340,3453 2395,3455 2450,3456 2505,3459 2559,3461 2614,3463 2669,3465 2724,3466 2778,3467 2833,3468 2888,3468 2943,3468"/>
                <TextEquiv>
                    <Unicode>mit einem kammns Dintrich ledigen vemb-</Unicode>
                </TextEquiv>
            </TextLine>
            <TextLine id="r9l40" custom="readingOrder {index:39;} person {offset:11; length:10;}">
                <Coords points="1822,3554 2027,3560 2075,3611 2283,3567 2373,3618 2462,3571 2700,3614 2950,3591 2953,3497 2789,3567 2700,3501 2561,3554 2426,3490 2307,3477 2218,3521 1825,3464"/>
                <Baseline points="1829,3552 1884,3555 1940,3558 1995,3560 2051,3561 2107,3564 2162,3566 2218,3569 2274,3571 2329,3573 2385,3575 2441,3578 2496,3579 2552,3581 2608,3582 2663,3584 2719,3585 2775,3587 2830,3587 2886,3587 2942,3587"/>
                <TextEquiv>
                    <Unicode> snfragen ob Joggi Jann nit auch mit</Unicode>
                </TextEquiv>
            </TextLine>
            <TextLine id="r9l41" custom="readingOrder {index:40;}">
                <Coords points="1818,3650 1934,3621 2042,3674 2123,3636 2184,3687 2248,3650 2587,3653 2624,3692 2930,3669 2747,3588 2413,3629 2298,3566 2154,3622 2028,3560 1948,3596 1821,3572"/>
                <Baseline points="1827,3621 1881,3625 1936,3628 1991,3632 2046,3635 2100,3638 2155,3641 2210,3643 2265,3646 2319,3648 2374,3650 2429,3652 2484,3654 2538,3656 2593,3657 2648,3659 2703,3660 2757,3662 2812,3663 2867,3664 2922,3665"/>
                <TextEquiv>
                    <Unicode>Jra Gethen gehabt und die that gleichtom</Unicode>
                </TextEquiv>
            </TextLine>
            <TextLine id="r9l42" custom="readingOrder {index:41;}">
                <Coords points="1829,3739 1956,3704 2126,3745 2586,3736 2652,3783 2880,3756 3024,3800 3029,3694 2947,3677 2835,3673 2760,3729 2648,3681 2547,3713 2248,3651 2183,3684 2122,3636 1962,3682 1904,3634 1834,3649"/>
                <Baseline points="1839,3699 1901,3704 1963,3706 2025,3709 2087,3711 2149,3715 2211,3717 2273,3720 2335,3723 2397,3726 2459,3729 2521,3733 2583,3735 2645,3739 2707,3742 2769,3746 2831,3749 2893,3752 2955,3755 3018,3759"/>
                <TextEquiv>
                    <Unicode>Schmörker und baffner warnklichen vollbrach</Unicode>
                </TextEquiv>
            </TextLine>
            <TextEquiv>
                <Unicode>12
gestanden und die abbit verrichtet und also
Ama und jra ohnrecht gethan habe
eyn solundischen gsin, dißmahlen aber
hermahne inn sein gewüßen, die warheit
anzuzeigen, Welche alß seyn Win angesagt,
Ob sy ira troben zu Interzacken by der
Maser heimlichetzugemichtet, inn zu
entschlagen. em, sondern er habe ein
faltig gesagt, Sy solle die Warzeit sagen
Ob er nit gewußt, daß sein biuder kans
zaur mit ira Betschin auch züthen gehabt
habe. Rein sy habe zum von seien
Bruder gar mit gesagt.
Alßei ohngnachst allens crettigklichen ver
mahnens und geshaner verstellung, was by
seiner hartnerkigen verstorkung zue zuge
warten stuhe, nichts anders auß zme Au¬
bringen gewüsen, alß daß er sy ohngebuhr
lich bemuhrt, die that aber Aims longeb
mit da vernichtet Ist endtlichen auch
die thanm minah setschin vorgeführt
und ebenmeßig mit killen herlichen er
nnerunger vermahnt worden Ian begangen
Rënden und kasten zu bekummen und zuer
kenne.
darauf selbige enndmichtig beknnt
eestlichen sich mit christen Schmorker etwan
zuchen tag vor vergangnum antonn jahr
zu Merligen in flüischlicher gerauschung
und vollust ventraft zu haben von Welchem
sy auch schwanger worden und habe es wal ge¬
wuß, daß sy ein sheldmb seyn
3. Zum anderen mit Ueli Gaffnus etwass won
mgb zeit nach dem schmöcker ebenmußig
under in gebruch sich verdeßen zu haben.
3
und dem drittens hinvor im ziderland
mit einem kammns Dintrich ledigen vemb-
 snfragen ob Joggi Jann nit auch mit
Jra Gethen gehabt und die that gleichtom
Schmörker und baffner warnklichen vollbrach</Unicode>
            </TextEquiv>
        </TextRegion>
    </Page>
</PcGts>
