3024 4032
346 536 434 628 55
500 592 1396 740 Welche durch dise sauch, Wann sy ohnge¬
523 669 1381 792 kraff under den mentschen geduldet
512 739 1407 856 wurde auß geruchtem Buricht Holles
502 798 1401 929 In gantzliche Zurstor und verlansung
505 857 1377 990 gerahten wurden. Weilen die munt
496 940 1410 1057 sohen durch dise Sund, Welche genmmlich
494 1003 1441 1144 In das s schrifft gruntul und beflenkung
506 1070 1399 1191 geheißen wirt, sich dergestalten fermn
507 1140 1407 1255 reingen, daß der allerhochste Sy vor
497 1210 1372 1307 seines zeiligen angen Weiturs nicht
515 1266 1403 1388 schulden und leiden mag, unß welchem
506 1338 1391 1445 snmipid dann auch der wahrsager
489 1407 1435 1517 Billam dem Balat Köirig der Moabifiru
1012 1469 1111 1520 aug
512 1465 1411 1582 nachdem er das volk nit hatt verfiechen
505 1527 1403 1643 können, disen bösn raht gegeben, das
497 1588 1449 1678 Ebselbigens Kolck durch Midian- und Moa¬
502 1655 1422 1763 betsche weiber zur Burnn und gnbruch
500 1724 1417 1800 weken laßen solle, wol wißend, das da¬
494 1778 1453 1889 Sunch, ein Inglück über sy warde gebracht
489 1851 1390 1947 woden, Maßen dann auch erfolget, das
488 1914 1405 2020 Gott der herr wegen solcher begangnen
494 1964 1384 2067 sund an 24000 mani mm der pnstilume
494 2020 1480 2136 erschlagen, wie solches zu finden rum cap.
485 2085 1424 2195 und in den alten geschichten deß judischen
470 2138 1430 2256 diorischrebers Fläog Josupdi aß l6 4.
476 2201 1406 2326 Cap 6. Solchenss laßet auch Solleser
481 2268 1396 2398 herr eben demselben volck vortragen
479 2335 1390 2453 serem Cap. 5. Da ins von den ehebruchen
458 2402 1376 2523 der jnden heißet: Wie soll ich der unb
451 2464 1358 2589 dezentwillen gnädig sein. Solte us
473 2531 1408 2644 umb diser stucken willen nicht heimmhen
475 2589 1396 2697 Soricht der Kerr. Oder solte sich nune
478 2651 1385 2755 seul nicht rächen an einem golck, d in
482 2714 1392 2828 Iiß ist Eben diß ist auch min sund
466 2766 1422 2895 In der zahl und berzeichens der unn
471 2843 1417 2958 gen, so goll an dem cauanitun durmitlaß
473 2902 1402 3024 ernr gäntzlichen verhung- und außrottung
478 2966 1429 3092 der gantzen gelt und allen völckerin zum
472 3028 1430 3145 schrecken gerochen hatt, sein solches bnzu¬
479 3081 1432 3205 gut wirt lev laß 18 f 20 24. Wais dier
477 3134 1405 3268 Sund willin dem stammen Benamin wider
475 3208 1397 3330 Jahren nin, ist zulusen judic. cap 20. da
479 3272 1362 3389 nur achs hundurt mann von selbigem
470 3324 920 3435 ramm übergebuben.
1686 588 2770 747 Weilen aber die Verdenkte und zu solcher
1756 672 2721 836 Vnzucht brunßige Tatur disem Caßer
1760 727 2759 893 so sehr erguben und darzu solcher maßen
1755 769 2812 960 geningt ist, daß sy auch umb der angetruwten
1748 847 2799 1033 gneizen und straffen illen deß allerhöchsen
1755 936 2727 1096 nichts thut, sondern dem muntchen der
1753 981 2807 1146 num wag, handel und wandel durchfleißi
1753 1056 2770 1210 guib vnd nifunigens gepält Gott dem Burten
1753 1140 2747 1278 nicht songfaltiglich anbefilcht, mit bynah
1737 1187 2765 1349 deß lindigen bataus dahin schmeichlih Es
1741 1255 2797 1386 egind dise gericht deß allerhochsten mntton¬
1752 1331 2763 1449 dumb ohngeweß wardind iun nit truffen
1753 1391 2748 1512 oder aber bokonnn Gotl dem herren
1738 1442 2793 1571 einen feuch verezen, vnd seiner Rachmit¬
1744 1521 2749 1637 einung, Ja auch mancher Linchtfertiger
1744 1588 2807 1703 hebrucher und ihebruchnem gedunkt wann
1739 1651 2756 1755 nun oder pru züimliche Misachat schon von
1724 1714 2738 1832 den augen deß allerhochten gesuchen un
1741 1782 2769 1888 erkent werde, auch von zum die straff zu¬
1729 1844 2740 1942 Eorchten habe, Wann mur sein oder Irn
1731 1911 2785 2018 Sund inder den Muntschen Kenborgin und
1744 1972 2754 2081 uff erden ohngestraff bleiben und er oder
1739 2039 2764 2143 n der ongangnen mizelhat halber anhab
1744 2104 2712 2210 Vnd gutt, ehrlichem kamm, auch an dem
1724 2162 2769 2260 zeitlichen leben sich nüt zumntgelten haben
1739 2224 2754 2342 und also vor dem zeitlichen blutgricht ge¬
1745 2289 2733 2393 beistet sein möchte, alß vnrungt sich der
1741 2348 2707 2456 allerhöchte in seinem k. vort nicht mit
1738 2410 2699 2520 erzellung und trewung der Bumihing
1738 2475 2780 2586 mit demen er dergleichen sunden an den nant-
1742 2549 2751 2643 zun straffen vill, Nicht mir zinget ur
1733 2598 2783 2722 ein gezurktes rachschwert mit welchem seine
1736 2672 2743 2780 allwisende gerüchtigkeit dien gruntoul
1743 2736 2788 2842 biß uff das ußerste verfolgen oll sondern
1750 2797 2730 2929 gefilt auch den oberleiten und richteren
1751 2851 2705 2974 uff aden, daß sy das von nun zu auß¬
1748 2909 2774 3038 notlung der Caserin empfangeen schwärt
1741 2972 2806 3118 wider die ehebrecher und ehebracherm zanke
1740 3031 2728 3169 und ohne alle gnad dise Sund an zunn mnt
1726 3092 2756 3216 dem lodtstraffen söllind Wie der hintarnen
1742 3165 2777 3268 begelch deßm rev caß 20 d 10 und insonder
1744 3220 2676 3353 heit dent. cap 27. l 23 24 außweiset.
1703 3274 2738 3415 Eb ist auch zu allem und inden gertin und an
1727 3338 2708 3464 allen orten do oburkeiten gewesensen
1726 3390 2735 3541 Auch under den blindenteiden selbsten, so mir
