3024 4032
251 330 341 460 31.
454 421 1453 581 können, dass sy beiderseits die dagen auss¬
454 486 1412 626 gehabt, ehe sy uff einanderen lossgegangen
461 547 1445 681 und also in gleichem gegen einanderen an¬
458 609 682 699 marchiert.
446 695 1447 843 Alss nun solches dem jrn. Steiger auch vor
444 770 1445 905 gehalten worden, hatt derselbe seine obge¬
457 829 1455 964 melte ussag in allem dero inhalt einfaltig
458 911 1423 1012 bestättiget, mit vermelden, es seye demme
451 956 1445 1065 also, der jr. von Wyl möge sagen, was er
454 1012 1448 1145 wolle, mann solle ine ime vorstellen, er
455 1081 1445 1203 wolle ime selbiges under das gesicht er¬
443 1140 1436 1259 halten, im übrigen seyind sy beid daran
443 1200 1450 1323 schuld dann, wann ein jeder heim nacher
421 1260 1453 1362 hauss gang währe, so währe solches nit be¬
411 1326 630 1412 schechen.
631 1330 1383 1434 Actum 11. martii 1685.
413 1510 1435 1656 Über welche abgelegte information und
427 1599 1453 1728 relation ir gden. für das einte anbeuohlen,
424 1672 1404 1790 damit uff allen fahl der hergangenheit
428 1735 1438 1843 halber sicherer bericht vorhanden seye, das
427 1798 1393 1909 er jr. Steiger zu seiner ussag einen
407 1855 1381 1986 solennischen eyd thun solle, welchen er
415 1931 1451 2048 auch nach dem ime selbige nochmahlen vor¬
416 1998 1492 2096 gelesen worden formcklich erstattet den 13. mart.
1323 2065 1434 2141 1685.
400 2181 1394 2328 Für das andere dann, damit uff allen
408 2283 1402 2399 fahl meineghen. ire oberkeitliche pflicht
405 2340 1375 2453 erstatten könnend, sodass er jr. von Wyl
409 2395 1440 2528 etwann gegen abend gewahrsamlich in die
381 2465 1461 2590 insul ins getterstübli geführt und durch
408 2539 1379 2671 vier ehrliche burger daselbsten tag und
394 2595 1449 2736 nacht verwachet werden solle, es ist aber
345 2669 1385 2817 derselbe, alss mann ine gegen siben uhren
383 2747 1414 2880 hatt abholen wollen, bereits auss dem schlag
386 2826 1282 2972 gewesen und den aussreiss genommen.
526 3001 1444 3180 Information und uffgenommener
551 3112 1344 3239 bericht wegen evasion dess jrn.
564 3201 844 3317 von Wyls.
313 3235 1418 3410 Alss ir. gden. die evasion dess jr. von Wyls
355 3339 1354 3504 ist hinderbracht worden und über dero
371 3401 1443 3569 beuelch mhhen. Güder verordnet worden, umb
2666 419 2771 503 32
1770 531 2746 660 umb die desswegen in gefangenschafft und
1772 603 2808 724 a part gesetzte und sorglose hütter und wäch¬
1769 663 2787 783 ter und andere, so etwelchen bericht zugeben
1764 742 2783 848 wüssen, von solcher entweichung wegen zu exa¬
1777 772 2791 905 minieren, ist solchem volg beschechen, da dann
1788 865 2803 1001 Johannes Futter der weibel by seiner ge¬
1771 932 2794 1078 schwornen pflicht und in gutten trewen bezü¬
1758 1003 2772 1127 gete, dass seiner seits gar keine connivenz
1776 1049 2809 1195 im geringsten nit underloffen, sondern im gegen¬
1777 1114 2754 1248 theill in einer den anderen angemahnt und
1782 1189 2808 1316 uffgemunteret gutt sorg und achtung zuhaben,
1785 1245 2775 1360 vermeinende, lob und ruhm darvon zuer¬
1764 1298 2806 1418 wärben und seye endtlich die sach so gar schlim
1767 1352 2775 1488 aussgefallen, sonderlichen alss sy durch das
1773 1423 2811 1548 ville auss- und eingehen der verwanten und
1770 1472 2800 1600 by antreffung dess vom saal hinunder biss
1776 1533 2777 1672 an die gassen in der nacht gelassenen seils
1770 1593 2818 1728 vermerckt, dass etwas obhanden sein möchte,
1770 1667 2820 1783 massen die einten der wächteren stätts uff der
1785 1732 2823 1842 lauben gewesen, die anderen aber in der stu¬
1773 1798 2821 1877 ben, welches seil der weibel Walthert hin¬
1785 1864 2817 1976 uffgezogen und umb den tischfuss geschlagen
1780 1923 2811 2036 und angeknüpft, da dann die im oberen ge¬
1768 1948 2814 2068 mach auch jederzeit selbiges wider zuruck
1782 2026 2835 2157 und hinuffziechen wollen etc. darvon aber
1770 2108 2766 2220 jr. von Wyl, alss der in der kuchi gewesen,
1768 2156 2784 2280 nüt gewüsst, alss darauff jr. umbgeltner
1779 2217 2823 2346 Meyen fren. sein jr. von Wyls schwester, so et¬
1775 2289 2811 2408 wann by ein uhren nach mitternacht beschechen,
1780 2356 2732 2467 daher kommen, habind sy selbige angeredt,
1774 2425 2807 2529 was das seil habe bedüten sollen, mann
1781 2482 2826 2600 begehre sy umb ehr, dienst, mus und brodt zu¬
1786 2550 2784 2661 bringen, darauff sy geantwortet, die magd
1774 2616 2829 2729 habe solches gethann, sy sollind aber gleichwol
1775 2676 2737 2786 darby betrachten, wann sy einen so nachen
1775 2744 2753 2853 verwanten hetten, ob sy nit auch etwas für
1773 2795 2828 2918 ine theten und wann die sach gerahten währe,
1757 2857 2827 2977 sy währind wol recompensiert worden, wer aber
1744 2932 2832 3056 das seil in der nacht angemacht haben möchte,
1750 2975 2325 3100 das möge er nit wüssen etc.
1769 3104 2783 3239 Vergangenen donstag dann seye sonderlich
1762 3204 2832 3325 hen. Imhoff hen. alt landtvogt Daniel Imhoffs
1745 3278 2789 3385 sohn und hen. Anthoni von Graffenriedt hen.
1767 3346 2797 3460 alt vogt Albrecht von Graffenriedts sohn
