3024 4032
379 2604 437 2691 6.
509 635 1435 787 wol gelaußst, daß selbige, daß selbige ge¬
530 712 1450 839 sollen und solche nach kein mangen by olten
526 773 1419 934 geführt, daselbst er inn reithans woidnr
537 831 1421 990 angetroffen, so zum hinvor zusohn fer
509 893 1450 1045 sprochen, kein halben Taller, welchen unaben
865 951 1428 1076 alß aber er smithans
529 1010 865 1090 nit einfangin.
523 1018 1407 1173 solche ruten zu olten verkaufft und die
523 1085 1416 1237 anzahlung von dem teüfferng nit alßbald
525 1156 1404 1285 habe folgen wollen, habe erselbigen deß
530 1225 1447 1372 wegen by herren schultheißen zu olten benlagt
519 1283 1416 1405 als aber der muffer erschinnen, habe er
527 1345 1431 1486 Rinthamb sich darauff fort uß der rtatlge
537 1411 1418 1536 macht und entwichen, dahero alsobald ge
518 1466 1408 1583 schloßen worden, daß dise ruten gewollen
522 1536 1407 1645 nin müße Maßen darauff Er Sraur, alß
504 1595 1407 1717 der das Pund noch in handen halle, er¬
516 1666 1383 1797 geiffen worden, und gefuncklich muge.
520 1725 1427 1840 bracht werden sollen. Seye aber mit hiß
514 1796 1425 1912 utwelcher Weibsspersohnen, die Iu zu buß
512 1855 1420 1968 geredt, hinder dem neibel ungen auß den
505 1927 1427 2028 Statt Weg und Hf Arburg und Wenan
480 1994 1436 2115 zugangen, daselbsten er uff Hands Murzen
512 2051 1413 2165 anhin, alß dahin er löngen nit begalten
491 2119 1392 2239 Jennekb im wihrtshauß entwichen er
497 2183 1396 2315 sagt und nach arwangen uns schloß ge¬
494 2261 1403 2375 bracht, dasebsten er jahr uffgezogen und
503 2319 1379 2453 Volgents geschmnitzt und mit dem eyd
499 2406 1410 2503 von statt und landtverwisen worden sin.
479 2473 1314 2592 so beschechen umb verenen tag Antsthin.
521 2544 951 2640 und zum zunffen
496 2584 1370 2708 arnach habe Er Inn Schleiffacher sonst
479 2655 1420 2780 Samspyer genant angetroffen, welcher
479 2726 1440 2837 zum vorgeben, weilen in doch den eydthabe
471 2787 1414 2903 Wollend sy mit einandern ims Oberland
485 2850 1445 2966 allwo ins lauteranisch seyn darby bezugend
481 2913 1436 3041 daß er nit gewüst, das e im Bnangenens egn
484 2958 1448 3109 und also den ndubertrütlen habe, biß er nahn
494 3050 1413 3181 thun kommen, da er schleiff aucher volgente
486 3117 1425 3242 Es der langgunigg allmeit nin ihn ge¬
495 3191 1414 3307 nomen und zumselbige brach, hernach min
479 3248 1424 3383 andern gureich, welche sy bende in sau
469 3325 1438 3449 Bnomnmans hauß im Jaßbach gestelt, wol
477 3395 1401 3514 wüßend, das er sih gestollin, under deßen
1632 1045 1697 1160 6.
1650 1402 1716 1508 2
1645 1925 1724 2057 8.
1727 604 2685 802 sy in einer mattei mit einandere ui
1737 711 2703 852 halbeten geholt, welche inner zu Otterbau
1745 768 2718 918 abgejagt worden und der wihrt daselbsten in
1734 830 2697 996 ftall genomen Maßen alle 3usunck jren
1739 938 2295 1047 meisterin wider zukommen.
1736 997 2761 1153 Gchibtens habind sy zupRinturseiten hinder
1736 1099 2749 1212 signauts auß einer weyd mit eiandern ui
1733 1142 2700 1304 schaff genommen, daßelbe halb gußen halb
1751 1223 2640 1361 einem garber umb 7 b vurkauff.
1732 1275 2742 1484 Sibendems. Habe Er zu Knningen, Hams
1740 1388 2752 1532 cllurnn im zerwimen ober ztonz schatt
1750 1442 2760 1609 helffen nümmern, welche er biß gan dießbach
1742 1517 2765 1652 In eine mattig getrüben. Darüber aber er
1743 1566 2713 1722 dart, behändiget zu dinßtbach eingesetzt,
1717 1629 2803 1782 daselbst zmahl jahr uffgezogen, außgeschmnizt,
1736 1738 2754 1862 gezeichnet, und auß der Kuerschafft zurwisen
1749 1797 2598 1920 worden, so die 8. jan Lntschin bescheihen
1748 1894 2771 2036 Astems habe volgents zu Sufnnsküßeren
1749 1969 2779 2098 ein sangkalb gehelffen entwunden, welches
1745 2051 2790 2176 umb 40 b verkauff worden, so sy aber dem
1743 2122 2799 2243 nachsezenden luger habind zugestelt darauff
1747 2193 2781 2301 In der statt Sturgdorff eingesezt, und wegen
1743 2252 2727 2390 Vnmdächtigen Schafftibfallis ninmahl Lahr
1756 2325 2781 2450 einmahl aber mit dem 50 lbg rum gefunkt
1755 2410 2749 2531 volgentes vergangenn aprilis außgeschmnitzt
1748 2481 2757 2600 gezeichnet und mit benolchener wider uff
1753 2551 2772 2668 sich nemung deß geschwornn Eydub zu Arvan
1769 2620 2781 2733 in vom Riageren schleydtlich genwisen worden.
1756 2693 2819 2825 Sederhar aber habe er mit weitarus zu grinffen
1776 2777 2755 2883 und seyid seine diebgespanen gewesen vll
1763 2838 2765 2952 schleiffucher, sonst Ramseger genant, Hanß
1757 2903 2785 3033 Strachbühler Jamb und Heini Wesching smit
1766 2985 1880 3063 am
1742 3064 2810 3201 Dißmahlin habe er in sein keimahst wollen, umb
1760 3152 2769 3251 einen schein zurmchen, damit er Babi Siam
1760 3206 2787 3324 auß der köndt kilchhori, damme er den ga vr
1761 3268 2783 3394 prochen zu kachen führen konne, sagind als dan
1771 3347 2773 3461 Vorhabums gsin, sich mit einandern hinder stiel
1764 3421 1915 3533 zusetzen.
