3024 4032
600 546 1565 702 habe er gedient in Ungarn vnderen
627 627 1584 768 groffen igrelli als Laggan von dem
611 693 1574 827 er verschumen jahrs wider heimkommen
585 761 1534 900 Alß er ernstlich befragt worden
603 846 1555 974 woher er dise steüwrbechli und
607 906 1560 1020 attestata genomen mit denen er die
601 979 1197 1094 steüwr ufgenomen.
480 1035 1573 1206 f. Er habe selbige von Johan Phillix Pur
592 1145 1549 1295 Wer diser paur seye und wo er mit
615 1261 1509 1363 demselben khundsame gemacht
539 1343 1564 1464 die er habe denselben zu manneren einem
609 1392 1542 1492 dorff underhalb sostantz in dem
598 1452 1550 1568 wihrtshauß angetroffen, der ihne
604 1532 1549 1611 angeredt, wo er hinaus wolle und
590 1582 1561 1699 was er schaft, darauf er dem paure
586 1650 1561 1749 geantwortet habe Er habe mit seinten
574 1700 1572 1815 weil in daß Shendthal nach Altstitt
579 1763 1537 1880 gechen wollen selbiges seye aber zu
576 1825 1531 1952 Münsterlingen kinds niderkommen
567 1898 1566 2008 Erweße nun nit wohinaus er habe
582 1964 1550 2073 kein gelt, suche etwas zu verdienen
577 2029 1573 2137 worauf der faur gesage habe, er wolle
578 2084 1555 2199 ihme helfen, daß er gelt kriegen und
571 2143 1545 2256 seine nahrung haben möge deßen
569 2215 1545 2316 er sich erfreüwet und dem panten
1139 2285 1558 2369 Bald darauf auch
564 2262 1025 2362 gedancket habe.
571 2332 1563 2434 von dem paur daß Steewerbechl und
577 2379 1577 2498 die cratenten empfang und mit demselb
562 2435 1576 2546 und dem Hanß Grörg Prüm sich
557 2504 1566 2619 durch Costantz vschaffusen in diß land
559 2570 1564 2672 biß nach thun ohne ufnemmen einichte
564 2623 1548 2730 steinr begeben, allwo der Pane
567 2679 1569 2780 welcher biß dahin die urthen aller ohrte
568 2742 1544 2846 vor sy bezalt mit dem befelch vere
554 2801 1573 2915 laßen, daß sy hifüro mit ihren paten
562 2861 1567 2967 und beicheren die steüwers beztechind.
563 2911 1550 3034 und daß er daß empfachende gelt
566 2995 1561 3094 dem frem seinem cameraden eihei
561 3041 1564 3153 solle, zuvor aber habe er weder
554 3096 1549 3222 den paur noch den frem gekant,
548 3181 1571 3281 befragt, wer dise bëchli und attestata
559 3241 1201 3342 geschriben und besiglet
532 3303 1576 3412 Er wüße es nit, er habe sy also gescheien
559 3354 1584 3482 vnd besiglet von dem Paue empfa
1736 2771 1780 2864 2
1791 2333 1853 2416 2
2817 402 2928 487 229
1841 487 2944 676 wo diser paur sich ufhalte und zu erfragen
1859 653 1997 723 seye
1776 603 2913 823 er könet nit wüßen, wo er sich ufhalte.
1857 669 2917 849 er möchte zu Constantz by dem Fischgrad
1853 743 2929 887 als an welchem ohrt sy ihne wider an
1849 812 2717 963 treffen sollen zu erfragen sein.
1844 861 2861 1047 wie vil ihme für se nne mühe von diser
1861 964 2620 1085 steüwe versprochen worden.
1798 1023 2545 1200 2 nichts als die erhaltung.
1843 1100 2862 1273 Ob er nit geweßt, daß dise bechlei
1856 1214 2663 1358 und patenten faltsch seyend.
1856 1286 2906 1399 Nein, abe auch nur keinen argwohn
1850 1355 2781 1478 gehabt biß daß er in das nidere
1847 1405 2871 1532 simmerthal kommen, da ein landman
1846 1468 2890 1592 selbigen ohrts seckelmeister als er die
1833 1537 2927 1649 patenten mit dem Gären besiglet gesech,
1845 1597 2867 1706 gesagt, daß seye nit seiner an herren
1836 1643 2925 1774 Sigill der herr Perdwant aber habe geant
1839 1706 2831 1834 wortet es seye daß santzley sigill
1841 1762 2923 1868 welche reden er dem frem so voraußer
1859 1827 2917 1932 und etwas truncken ware, vorbracht
1854 1886 2907 1995 selbiger aber ihme geantwortet habe
1849 1954 2894 2071 man muß sy laßen sagen, womit
1855 2019 2859 2124 er sich ersettiget und also immerdar
1856 2076 2917 2192 vermeint habe, daß alles realisch seye
1837 2176 2896 2285 wie vil gelt sy mit disen patenten
1870 2238 2925 2354 vfgenommen vnd wo sy mit demselben hinkomm
1873 2326 2829 2430 by 33 rthl danan sy etwelche
1869 2391 2850 2499 verzehrt, die uberig habe man ihnen
1854 2448 2653 2555 zu Wiblispurg abgenommen.
1839 2532 2877 2651 Ob der Phillix Paur alleine gewesen
2557 2610 2763 2653 angetrgn.
2686 2615 2895 2703 oder ob
1853 2617 2685 2714 als sy denselben zu manneren
1934 2678 2391 2784 gesellschafft habe.
1859 2691 1925 2754 er
1846 2744 2916 2852 Es seÿend noch 3 andere aldorten gewesen
1867 2820 2830 2913 der eine heiße Wilhelm weis
1835 2876 2913 2974 der zweytanderen seyend seine schwägers
1847 2931 2922 3034 als der Heinrich Lang und der Johanner
1849 2992 2235 3081 ein gohemb.
1851 3068 2827 3179 Ob keiner von denselben mit ihnen in
1849 3140 2382 3236 diße land kommen.
1858 3204 2557 3311 Nerz keiner als der paur
1844 3292 2888 3404 Ob dieselben auch theil an diser Steuren
1848 3356 2205 3453 haben sollen.
1838 3408 2647 3515 daß möge er nit weßen
1856 3476 2913 3585 Ist hiemit wider an sein ohrs und hingegen
1831 3547 2806 3628 hervor geführt worden, der jenige so sic
2562 3590 2719 3648 eennet
