3024 4032
398 506 456 587 2.
385 2465 509 2584 26
427 1906 483 1992 1.
437 1587 503 1674 E.
637 498 1289 684 Bendicht Ligonall
680 599 1146 716 ond Barbli Nopy
677 679 962 787 im Belocib.
556 772 1434 925 ihenn sind von Rinnisperg wegen deß
555 856 1450 980 hunlich verdächtigen Harzumb dalb allhar
568 907 1452 1063 in die obern gefangenschafft gefannklich
560 962 1452 1107 gebrach und dunch och Baulhl Sur
562 1038 1393 1176 nus alß quodnatum Examinatorin In
572 1103 1395 1230 Jugenwar. herr Großweibel Ringees
566 1171 1389 1292 ganz nrußwortig inaminiert worden
570 1203 1448 1332 aber kein andern bekantnus ohngnacht
557 1295 1408 1421 alles ceeffigen zusprechums und ge
559 1341 1429 1461 trewser Marter, auß inem zubri¬
550 1426 1165 1548 gen getonsen, alß golgende
544 1519 1399 1653 Bardli Horb einem vorgeben nach
552 1596 1366 1721 von Merzelen der Klchheri Wohlen
537 1659 1396 1752 alters halb etwam by 35 jahren, deß
542 1712 1407 1843 auch gefangung stundicht Rigonalis sy
548 1782 1410 1896 8 Jahren daher shuldis bukindtuzwar¬
521 1861 1435 1989 Eetlichen daß alß sy von sührnn kommen
537 1946 1396 2061 zingind sy underwngen im Schrefen¬
538 1998 1425 2124 solz außzeingender nachs Hantzen und
535 2063 1431 2177 by den alten angesahnn tannen anhaben
538 2116 1437 2241 wollen, habind aber wegen großer calle
529 2192 1426 2291 und sonsten nichts bekommen wenen, dero
539 2263 1428 2367 ongen ein dankbellli vursetzt, umb ir
535 2318 1414 2429 und die nohtwendige nahrng zudur¬
517 2375 695 2472 schaffen.
520 2475 1407 2625 sin anderen, daß Jano b Sigonal deß
488 2563 1346 2660 Manns Bruder: so inr Murlanbint g¬
520 2621 1386 2729 Bäschelz mit umb und kind by kig
518 2695 1408 2820 Bubtlaucht sich ußshalten Velcheßin umb
517 2751 1422 2896 berents ztonn Banrkarinn gehabt, der
523 2819 1424 2954 albe seyn auch by znm gsin und habe im
499 2870 1365 3023 Schipfen holh gehartzet und fensch tannen
515 2936 1414 3085 angestochen, welches sy inm aber abgewahrt
504 2995 1409 3157 Als wann etwas schadumb dorten geschehen
510 3057 1382 3211 wahre, mo vom selbigen herkommen sei
525 3114 650 3199 müße.
1641 2566 1689 2670 2
1686 1151 1729 1237 .
1656 572 1798 684 3
2713 290 2849 410 24.
1798 453 2825 643 nithens, sy und ann mann umb in¬
1788 519 2838 726 mahrung zugetinnen. Harzind bald in den
1781 574 2875 785 gräben bym schwartz-waßer, bald am läben
1782 650 2803 877 Berg, bald im Schwarzenbürger gint
1777 746 2827 920 in den vorsahi der Bergen, dadann sy
1785 779 2877 982 sich mehrentheils by dem schwartzwäßer
1784 854 2783 1038 Puter zu elbligen, so auch ein Harzur
1787 1011 2048 1113 haltend
1779 1051 2799 1241 Bürtems. Das kartz, so by inen an
1786 1124 2845 1272 teoffen worden und atwan bey 38 lb sum
1792 1177 2844 1337 olt zengind y hinder Andelbannk zu¬
2738 1235 2835 1306 1
1792 1269 2805 1411 saien gelärn und zu Madstellin by
1800 1311 2869 1482 Scharmans hmmmann außgelaßen, dar
1788 1372 2872 1540 by deß mans-schwöler Mariin auch gin
1883 1532 1912 1568 1s
1770 1469 2783 1650 Im übrigen will ins nit geständig sein
1796 1547 2781 1700 sonder ein schnefenhopf, Bramgarten
1789 1631 2782 1766 Frauwholt noch anderer sorcollung
1782 1691 2838 1846 orten einicher maßen gehartzen zu haben
1796 1773 2867 1888 und so enwas schadnnb mit oder andern
1800 1837 2766 1965 orten beschechen währn, solchens nit von
1798 1908 2815 2028 zun harkomme segind der Karzerin
1794 1981 2812 2104 muhr und zu Bahrislogl auch einnn
1796 2048 2349 2160 lachen sahn genant.
1811 2203 2791 2333 endicht sgonah der mann gnbürtig
1802 2293 2811 2401 von Stumpli- bekennte auch, daß sy zwar
1796 2351 2820 2459 Im schepen holz, alß sy von ruchten kommen
1787 2414 2803 2518 hingind hartzen und by den alten danuen
1803 2488 2143 2571 anheben wollen.
1793 2547 2856 2684 sein bruder Jaggi so by zum gewesen, aber
1796 2631 2836 2753 habe angefangen wüße tannen anzuzaohen,
1788 2697 2803 2816 Welches er zum mit disen vorten abgewührt
1787 2765 2821 2849 Agggi un dirß manen das mit nitzt
1808 2824 2744 2928 und konne wolsein, daß er daselbsten
1798 2884 2812 2998 umb einanderen gehanzet habe dann e
1802 2955 2800 3079 schlauffe indereit by schnpfen umbher
1792 3005 2843 3135 und haben auch den luchen hendicht zu Bä
1807 3075 2758 3197 lißwyl dass harzen gelehren, darowegung
1804 3130 2871 3273 alß der wihrt ge Eehnyhen sy angeandt, der
1802 3196 2865 3314 unn die Seim terdunet habe, habe daauff
1792 3255 2738 3385 Joggen alß der um böß gewüßen gehabt
1799 3315 2798 3442 haben müße, sich alßbald fort uff abeng
