3024 4032
303 549 442 648 149
337 1272 411 1355 1.
343 3021 417 3174 3
365 2162 446 2261 2
537 631 1448 771 enem Zimmermann, Welcher nach silen
545 721 1415 841 Jahren von einem gethann fahl auß¬
548 779 1408 893 gesoren und gestorben sunn, by denn
531 843 975 963 sy ein sohn gegüget.
547 982 1391 1113 lune habe sy sich ander in unzuch¬
543 1066 1423 1180 und fleischlicher Gnrmischung dergeßen
545 1125 922 1232 und durgüssen.
512 1253 1403 1368 erstlichen mit dem abgestorbnung se.
539 1325 1400 1431 Cesortam de Villars Bandien von Can¬
545 1383 1436 1499 annen und zwar zum funffenmahl
509 1461 1418 1577 denmahl da ir Mann zonin noch gulunt
516 1520 1435 1638 Seymahl aber hernach, und nin das
532 1584 1394 1703 urstemahl etwan vor 63 jahren din
533 1654 1456 1782 auch das andern mahl in immn gar¬
535 1746 1407 1841 en din nitigen mahl aber in Bram¬
521 1790 884 1906 hauß beschechen
889 1807 1393 1908 Seyn auch von ine
517 1850 1400 1985 schwanger worden und zu Greille hin
522 1945 1397 2056 der gea numb ohmb nnderkomen, so
518 2020 763 2115 noch nbe.
460 2119 1357 2279 Ihm Anderen Mit sli Setrecar
516 2238 1373 2338 Samuel deaiste auch von Cansamung
487 2300 1392 2411 hei nchenmahl einman day nog
517 2359 1403 2482 in der ihn gewonsen zn trum Bittwon
508 2434 1324 2547 standt aber die übrige sibein mahl
508 2497 1382 2616 viermahl in suinem garten und cabi
523 2571 1388 2686 eie übrige aber ds seinem gutt
513 2634 1283 2757 und seyn der anlaß gsin, Weilen
1336 2649 1391 2732 17
508 2699 1402 2822 einem process begriffen und by un
501 2760 1363 2886 eitwars habe schreiben laßen müßen
481 2827 1386 2958 da er dann ira versprochen In der sag
496 2897 1366 3021 zu sulffen. Ist der that bekantlich und
515 2969 1186 3077 all sich zur abbüßung erklärt.
470 3037 1413 3173 Wittens nit dem abgestorbung herrn juge
496 3115 1408 3244 sinnus auch von lausaming zum deitten
507 3183 1374 3303 mahl, zweymahl in währender wur
489 3245 1366 3392 ihn und nunst hernach, das ersu mahl
496 3331 1438 3457 ein beschechen in seinem garten, die anderen
501 3386 894 3501 aber in das nihi.
1763 616 2773 796 Vertems mit dem capitain augustin
1769 679 2815 861 Bauel von Dins, so veruhnlichet Elnmahl
1675 719 1747 817 4.
1776 736 2810 923 vor ninem jahr zu hr giegger in sanog
1797 801 2842 963 Welcher stgar umb etwas maget und wegen
1782 852 2828 1021 einer inogegswor zur coptrontaon nit allhar
1806 909 2750 1037 nuffems Nit dum Conseiller villame
1806 946 2812 1101 uch von Lausannen ei Wittlig, Einmahl
1522 967 1772 1089 hall gehalten.
1780 1019 2836 1211 In seinem keller, alß sy nun Billwen ge
1530 1056 1763 1163 werden könne.
1776 1091 2617 1258 wusen. Ist der that auch bekantlich.
1706 1213 2837 1440 Ober Velche anthann Bekantnuns für diß
1783 1319 2816 1481 mahlen sy nüt wonitums hatt harfürgeben
1788 1384 2843 1533 sollen, darby aber bezügende, daß solchen
1758 1439 2779 1599 wan sy gesagt die ohnfahlbahre warheit
1779 1514 2784 1676 seyn, welche sy anderer Öaten Bereitis
1789 1598 2774 1729 auch bekent habe darauff meitlünffig
1787 1680 2727 1805 erzellende, wie sy bald nacher goe
1770 1731 2808 1866 Marseille Bnnelberg, eman, Rovarre
1777 1800 2787 1930 In Balins verschickt worden seye aber
1789 1874 2820 1999 allingen, Weilen mann Ira das dursepo
1792 1935 2847 2072 ihne nit gehalten, wider zururkkommen seye
1779 2101 2857 2230 Nachdem nun solche zrn Bergicht Nemung
1777 2189 2830 2305 den ratten hinderbracht worden, habend
1765 2257 2832 2365 dieselben anß Borhandnumg ambstanden fur
1786 2323 2839 2429 gethanen ttag sich noch nit erselligen können
1791 2394 2827 2508 andern Tammber in onmeld gegeben, sy nit
1789 2454 2824 2574 allein kerners ernstwörtig, sondern auch
1787 2523 2825 2628 erstlichen mit lährer Martur, hernach
1799 2596 2803 2683 ber mit 25 lbg sein weiterur be
1799 2670 2822 2785 gangener gathaten und zwar in specie
1802 2732 2752 2857 verdächtiger gengiffung halber zner
1769 2805 2821 2920 zweyer gehabten ehemannerin und dur
1804 2869 2743 2983 übter blichtschanden zu examinieren,
1792 2939 2844 3075 Ist Cratt dises beunlches den 10. martii lats
1796 3007 2741 3129 hin umb 2 uhr nach mitlag in bysem
1805 3071 2836 3203 und gegenwart herren alt schultheißen meyen
1796 3146 2776 3272 s. hhr landtvogt Bnat Fischer herre amman
1796 3221 2722 3331 Willading und anderer Numenhl. der
1805 3282 2779 3410 Burgerin durch hege examinatorin an
1801 3352 2749 3484 y gesetzt worden und zwar eistlichen
