3024 4032
314 529 419 621 135
545 589 1407 751 bruchen Murdn, siche Kuftig vnd ernstlich
539 681 1412 792 ist vor angen gestelt worden vonr die
533 738 1411 855 en imn getrunkte Fragen folgende be¬
521 801 909 913 kantumb guthann.
479 907 1377 1023 erstlich, daß er gar nit mehr, alß eunn
520 974 1407 1077 schlüßel habe machen laßen und ohnge
522 1036 1377 1140 au s buß und seine frauw uff den
516 1089 1382 1197 sczweyen noch Jarharrind, so überthugind
526 1143 1170 1262 sy zum dennoch dann groblich.
506 1297 1385 1433 einandern habe Er bewißsens Ragne
493 1388 1365 1485 in onduurten, wugen omjuliction Zulich
661 1439 765 1490 ansache
529 1431 1421 1559 vnd Bern auß dem scatt darzuer zu
526 1498 1391 1628 muhrmahlen den Schlußel gehabt genommn
521 1570 1413 1666 nd seye salbigers seinn ahnnerumb mit
514 1617 1381 1716 mit meinen yber großen sigell Wüße
512 1678 1371 1792 aber nit unßen zetrin beschloßen gsin
515 1736 1396 1853 jedoch also, daß das sigell bereites halb
502 1798 1383 1905 erbrochen gewesen, Welchess et zurnach
501 1852 1395 1985 völlig erbrochen und das paquent mit
480 1946 828 2052 schlosnn habe,
479 2138 1407 2263 rittens dann habe er Munnklichen londer
496 2225 1395 2325 Heinischen noch römbdin, under sul noch
487 2284 1410 2391 jng, sonder schrifftlich noch mundtlich mit
499 2343 1379 2454 omuniciert noch einiche verstandtumb ge¬
489 2413 594 2513 alt
600 2407 1400 2518 Ußmnt herren Gbrist Brischung habe er
1313 2472 1390 2569 .
498 2471 1311 2586 umn Sstat seinms Ressimenes gemach
481 2539 1371 2644 Schaffner Müßli nun vterzeichens in
479 2601 1373 2712 Officiererin dem Rtatt quartierin vnd h
478 2666 1405 2764 obrist von Muralt sich. Habe er geben um
485 2731 1416 2842 abschritt der gantzen miliz in bwrkichen
1153 2795 1405 2886 Das von er
475 2794 1133 2905 kleinem Pagpr eingebanden,
491 2865 1365 2950 uff sein absterben mit seinem sirnder
471 2928 1405 3033 H. alt vogt von Muralt geredt, und wüße
472 2993 1400 3117 sich nit eigentlich zunammnerin, ob er deß
478 3064 1407 3182 longen nit ahhr sahnbg von Muralt auch
479 3129 1409 3253 geredt habe oder nitge und seyn semub.
457 3198 1425 3311 sachen gsin meinunghe getruwlich zidinng
436 3257 1425 3377 damit er etwas zu seiner sabzistenz von
463 3321 1438 3441 anm erlangen moge umb seiner armuhtig
465 3392 1374 3521 knit zustichten, Im fahl Er aber solchens
438 3443 1430 3567 balß er zu einem Obersten quartier meißer
457 3525 966 3620 von mahl erwelt worden.
2594 516 2693 629 126
1735 651 2682 761 von denselben nit helle erlangen mögen
1747 677 2763 819 oder durch ein kentaht, win e dann bereits
1724 762 2706 901 drny Im Borschlag gehabt, samnn necessitet
1735 808 2744 981 zu hilff kommen können, habe er gedancke
1759 895 2691 1050 gehabt und seyn in dieselben gerahten
1731 937 2721 1090 den Pauhren etwas Berichts zugeben von
1726 1015 2761 1167 den tellen, damit sy znne etwas Pfannung
1993 1074 2757 1211 4. Bann sy sich by zum anmalden
1743 1128 1911 1228 gnaid.
1765 1210 2761 1348 nine hatt er Berners bekent, daß wann
1755 1280 2718 1407 mann seinen nit bedennken werde, e ge
1764 1340 2769 1469 dannken gehabt, ctoldn alle kule gel t
1746 1405 2766 1548 a de olhillches Aeer dot eben oteara
1763 1462 2766 1611 allen ellit die sachen an ißen ort zu
1761 1589 2054 1676 comunicierin.
1756 1612 2784 1772 s sefragen item und win er zinsachen
1764 1711 2778 1827 habe anfangen wollen hatt er sich erlichter
1755 1760 2756 1900 ast er sich deßen noch mit entschloßen gehalt
1998 1834 2403 1896 zum magefallen.
1764 1831 2775 1974 ein auch e obe gewereten geahunig dann
1757 1891 2785 2030 is eing gebe, ob a selbige dem Calholischen
2353 1968 2739 2084 Blaube, ds Im
1761 1983 2259 2072 orten ancinten wolle,
1765 2045 2725 2163 fahl a dß sein fundlich dienen nit wehrn
2294 2101 2472 2154 llichtar
1779 2111 2729 2220 onsideriert worden, eus nach gelagen
1762 2163 2718 2293 heit der zeit sich angemuldet halle, wo
1769 2241 2738 2364 a sein forma halte am Beßen machen
1762 2320 1907 2427 könnn
1756 2416 2763 2522 Ob asolchens nit gegen Franckreich oden deßen
1764 2498 2717 2603 bedinnten habe ihen wollen, daßelbe halle
1775 2560 2754 2668 nn am beßen mit gelt ußhelffen können
1793 2629 2744 2754 den gegen Frannkrunh gar nit, dann ar
1762 2700 2769 2822 habe selbiges allehzeit allzu vngerecht befun¬
1782 2776 1854 2874 sg.
1764 2844 2743 2974 obr by so beschaffenn dingen nit auch habe
1774 2918 2729 3036 wollen die riligion andere. Nein, sondern
1776 2986 2762 3093 hette in einen wngsem religion behalten wollen.
1781 3090 2778 3218 oce seyn 4 ß der sach manchmahl gantz zwei¬
1783 3163 2691 3278 felhaftig gsin und manchmahl dunckt
1789 3220 2774 3334 wolle die sachen wider zerschreißen ladtliche
1775 3297 2742 3420 aber sich resolviert, das buch völlig außgu
2308 3373 2438 3411 andem
1780 3372 2773 3486 machen Gott surde nbann expedient schinke
1751 3425 2572 3547 daß z seinen lb komne durchbangen
