3024 4032
376 371 429 460 13
548 472 1506 626 ob er niemanden habe la pure nemmen
556 566 1526 706 hörnn und er nit gesagt habe la puie heiße
548 632 1517 750 num floh h Rei. habe solches nin ge
541 674 1512 795 hört, auch solches nit gesagt, dann er konnen
547 734 1344 866 Bßert drugen Borten zum teütsch.
517 816 1484 954 Ob er nit auch mit anderen nacher dotinken
544 901 1460 1017 gegangen . Kein seyn inderzeit zu
527 957 1108 1052 ollmansingen verbliben
1226 985 1476 1070 Allens lader
496 1010 1106 1123 Den Lenzburgischen benichi
502 1095 1483 1243 Worumb e wider ims land komme, alß er
522 1198 1426 1295 bereites drußen mahr. Habe in
514 1249 1407 1379 sein sinmaht vollen und sey ja diß
518 1329 1454 1428 wol ein land, daß mann dardach gehen
491 1381 677 1472 dörffe.
506 1462 1469 1583 Ob a nit auch zu Gunff gefangen undn
501 1533 1454 1648 sen f kem seyn nimahlen zu Hanß
496 1585 1181 1692 gsin, alß da er durch passier
466 1671 1435 1794 Wil seine Mitcwchaff den heidind und ver¬
484 1752 1438 1868 sy sinind. Weße mb nit ußert, daß
463 1791 1424 1932 die aicht so mit zun kommen, den größen
478 1874 1374 1990 aß dem Magen Pierre genummt.
467 1933 1073 2036 anderis wüße in gar nit.
467 2007 1431 2148 und verbleibt, im übrigen, auch by, enner
466 2101 966 2211 zumorigen ußag.
419 2169 1450 2286 Welchem nach Inm das Daumeiken eben¬
461 2265 1421 2383 müßig appliciert, folgents zweymahl
470 2332 1377 2442 jahr ußfgezogen und zum mit dem
467 2394 1419 2509 ingehenerten 100 lb glicht noch w
461 2452 1419 2570 tumb betrewet woren. Aber alles dur
442 2524 1389 2643 gebund. Maßen also anders nichts von
435 2592 1152 2710 nun zumrhalten zugewesen.
395 2690 1404 2803 derselbe Ist auch an dem eurken visiturt
441 2762 1371 2873 aber gleicher maßen nichts argwonischis
424 2828 931 2940 angetroffen worden.
392 2904 1350 3046 sil sy einanderen genamet, alß sy zu
424 2990 1403 3108 ollmansingen mit einanderen geßen und
406 3064 1381 3181 Truncken. R habe nit mit eine gesen
397 3136 1393 3261 sondern seye bym daor gsin, welen e nun
388 3217 1065 3325 kundssame zu Irnn gehabt.
351 3259 1317 3401 Alte Zinstags den 5. maii 1685
1610 1060 1751 1146 Jean
1612 1139 1754 1216 dinet
2774 473 2837 546 6
1788 628 2887 817 iwouchen sind Mgge die verordneten
1821 740 2835 847 eocaminatorin mit dem examen in gugen
1827 796 2809 935 wart, her alt landtvogt Steenhart Mugen
1816 853 2859 998 herren alt vogt unthoni Barkbratt hrr sammel
1823 906 2878 1034 Tillins sen und Killer anderen Ml. der Sur¬
1820 979 2830 1118 geren mehr fontgeschritten und ist dean
1822 1033 2852 1176 selt über seine zuuorige Verantwortung
1822 1126 2422 1243 weiters befragn worden.
1792 1207 2833 1331 Ob sein Pfund, also ins das bein gebrochen
2505 1281 2723 1385 R Ja
1818 1294 2499 1401 mit Vahrmn beladen gewesen.
1808 1348 2862 1480 Wo à dann mit denselben hinkommen.  Im
1822 1434 2544 1537 Ehaß hin des wider verkauff.
1781 1488 2850 1627 Wo er dann das gelt habe s sein buder
1820 1594 2218 1690 habe ins gundim.
1782 1615 2808 1773 wie er in wung genommen haben, da er doch
1828 1707 2841 1836 ir und zu muzburg gesagt, das er den
1808 1773 2811 1905 ehbnn zu Schaffheßen oder costanz habe
1794 1844 2826 1953 sachen golten. R. Habe gesagt seinen
1806 1902 2819 2022 Schwager und so a Stinder gesagt, haben
1812 1972 2878 2080 mochin, seye er verschoßen, dann im Fraue
1822 2030 2814 2144 josischen frere oder veaufrere schur uumb
1817 2130 1912 2180 en.
1759 2150 2761 2286 Wil sein schtager dann hüße R Jagues
1790 2239 2842 2351 maidet gebrang auß Töttinaen by Rani,
1775 2301 2864 2405 Handle mid Glaßlnnek, Antre vnd dargleichen
1760 2358 2819 2506 Es habe auß dem aseß nacher sostanz kommen
1794 2451 2868 2561 onne ohn das vnd zubekutten. . Habe
1801 2510 2882 2642 vermeint am gillichenr zu Schaffthaußen an
1780 2576 2035 2675 Inelufferi
1767 2641 2856 2778 Worumba dann nit uff Valdtssult, alß den
1795 2717 2870 2853 macheren wng yugangen. 2. Don kum an
1788 2787 2527 2924 derin und nacherm wug geweße.
1765 2849 2835 3006 Weil er gesagt er seye underschidenlicher mahl
1786 2938 2785 3069 im land gsin welches dann das entstern
1782 3003 2781 3147 gewesen. Awann hor sachs Jahren, vnd
1780 3068 2828 3245 durher nit weitens, als da er gefangen ge
1781 3133 2092 3238 nömmen worden.
1747 3211 2848 3383 Denne Is ir auch über das Zurichische Schreiben
1783 3288 2107 3398 beftagt worden
1774 3361 2820 3526 16 er Jamb Muhel Schwarkfager von Sollburg
1788 3441 2791 3576 auß hinder Jonme, uud sei weib Anna
