3024 4032
359 508 496 612 189.
597 583 1492 719 Mis Rudolff Simme dem dagen¬
316 630 472 719 Soll inn
316 670 565 766 harnachtor.
615 688 1497 821 chundt vorlangen jahren insemen
332 728 587 823 Broßwurbel
548 776 589 845 12
629 749 1135 868 anden. und dann
343 779 552 884 seigen und her
340 838 571 902 laus wider
325 837 1504 983 entschlagen dabe mit seinem sohn allbrucht drinnen zu
611 903 1535 1020 oebe, sy wnstind mit von einanderen
605 980 1543 1098 aber ens habe wol gewüß, daß ins volle
607 1041 1512 1175 und sohn seg, über nit geglaubt, das es
612 1110 1531 1239 uis größe Sund seyn, dann die Calo¬
614 1179 1409 1305 lischen achtind sich deßen nit vill
610 1306 1519 1435 eine daß es sich deinn zu Morhun
594 1371 1488 1496 dem lendigen satan schrifftlichen mit
619 1446 1520 1594 leib und blicht ageben und venpflichte
585 1536 1504 1654 Habe zum darzugen 20. Jahr dermin
596 1581 1488 1739 zuleben verheißen, und darby ver¬
602 1657 1514 1791 mochen, nach solcher Zeit vmb an Een
615 1730 1489 1889 Rusiges dat zufahren, daß znn gar
624 1833 996 1953 vol sein werde.
602 1906 1510 2079 in filleli habe ins grümen zu Mor
602 1992 1537 2129 sen selbiger gemacht, der Teuffel aber
613 2064 1507 2202 habe ime die Matern darzugeben
605 2143 1522 2270 der Wegweisung, varn mans uns zue
802 2214 898 2269 2
1107 2210 1515 2303 darvon zumm
605 2265 1509 2387 werdent im voe anir einsundiligkeit
609 2347 1549 2457 frusnn, habe zun Zuvor, ihn das schnn¬
609 2415 1537 2539 ben von Buen zu Norue ankomen be¬
616 2484 1525 2611 rectts angezeigt, das ieb wurde nacher
610 2552 1549 2675 Bern geführt werden, und daß mann ins
597 2621 1555 2723 daselbsten strinken wurde V.s Andr aber
609 2706 1033 2824 thon darvon hulsen.
610 2806 1524 2963 zur Gas seyn zun zu dangen under
621 2909 1527 3020 schidenlichen mahlen hier der gefangen
608 2977 1529 3086 schafft erschinnn, und ims dahin angewinn
603 3047 1540 3156 daß es alle die jenigen, dannan ins ge¬
620 3099 1575 3231 häßig und felnd seÿn, solle angeben, und
631 3187 1569 3303 wann ei sy ninmahl angeben hernach
640 3250 1593 3381 ständig daruff jenharren wolle schon sei
607 3333 1605 3458 schaffen, das ime die Marter mit thun werde
2672 455 2792 540 100.
1808 551 2800 707 und wolle umbschon grlösen, und soltens
1827 641 2789 771 vor dem richterstuhl selbsten sein und
1799 707 2770 861 din seyn ins, darauff ngedütet, das gott
1830 792 2716 931 noch ein zeichen an ime thun wurde¬
1812 932 2857 1046 und seyn ins auß deßen ansiffung geschechen
1805 1018 2810 1123 daß es so underschidenliche gersohnen ohn
2378 1070 2783 1178 Baba auch
1829 1081 2377 1202 schuldigklich angeclagt
1814 1134 2852 1291 Zuey Judeli vom teüffel emgfangen, bel
1841 1204 2834 1343 ihn also gestelt wahren, Alß wann selbige
1817 1278 2824 1433 zwe gewuse Pursohnen geschriben hatten
1833 1335 2856 1477 und darby angehalten, das ers sy entschla¬
1839 1431 2845 1568 gen solle, welche zudeli ins dann den
1836 1507 2822 1636 hr caaminatorii vorlegen solle, welche
1836 1582 2812 1709 dann so vill daraußsuchen wardent, Alß
1842 1642 2877 1777 wann sein angeben Marhaten wahre Diesel
1836 1735 2851 1855 bigen aber habe ins außschrenken zumrißen
1847 1817 2174 1917 und ferlohren.
1885 1898 2008 1982 ander
1833 1906 2842 2046 enmahl habe znn der tüüffel simn
1852 1978 2884 2104 ark mit allürhand thönm gald olten auß.
1844 2057 2857 2165 geful, Morudrit aber mit gisome halb
1827 2123 2833 2256 Sozm Zahlfrnunig, diees uff den Tisch¬
1835 2189 2830 2326 gelug, samt vilen rohten smichung vnd
1848 2258 2673 2388 Laderpläzlene darn gefunden.
1943 2387 1988 2438 1
1836 2402 2815 2517 em obrigen halte diß muyerli zwar i
1852 2479 2880 2592 einen hienorigen bekantnußen noch andern
1851 2551 2843 2683 ehrliche Persohnen angeben, die es aber
1847 2624 2852 2746 hernach theiles wider entschlagen, theils
1846 2705 2869 2833 sich eydtlich vor thorgricht purgiert haben.
1846 2824 2808 2961 ber welche seinn begangen so gloße
1843 2910 2850 3039 Mißethalen undfahler ab gott pin Herre
1864 2987 2830 3066 ein hoche oberkeit und andermännngklich
1864 3054 2858 3180 ub oerzeichung und umb ein gnadnge
1863 3131 2398 3251 urtheill einen thut.
1840 3215 2788 3372 Alß daß nach solcher seiner gethanen
1869 3319 2396 3444 bekantnus sich erfindt,
