3024 4032
506 475 1498 611 auß Tollringen von mithulmaßiger statue
500 576 1495 674 mit einem braumen sock, grauwen spizzoi
500 628 1512 734 und trumpfen von gleicher farb, ist Mager
497 689 1523 798 jecht mit schwarzen graden harm und grauw
500 751 1503 874 nicht ungen ist ein kramer und im im
483 807 1191 936 gesicht Lupflich und genächtet,
518 960 1416 1104 Deß hierre Comperts sonst der
684 1056 1149 1151 minnen e pull
464 1104 1488 1264 Ist guburtig doß vienne auß dem Delpdira
480 1187 1489 1324 von ohngefahr 20 jahrin. Ist geschorren, sinht
467 1256 1488 1374 halbe har gehabt, schwartz braun von Unge
487 1333 1458 1442 sicht von gutwaib geringerer statur alß
456 1381 1477 1504 der hinuorige, grantrucht augen vmb etwas
486 1456 1029 1562 zuff, seigen angesichte.
651 1576 1149 1716 Marey Lahns.
447 1687 1469 1833 auß dem Lunerner mit gon Willisauw hall
474 1769 1423 1880 zohtluchin haar, grauw augen, Zimlich
479 1836 1452 1959 lruch und rochtlacht von angesicht von ohn
460 1897 1418 2020 gefahr von 29 jahrin gultsch onhanlitet
453 1959 1465 2090 zwischen felle und Magern von rechten Can¬
468 2019 1428 2148 gn, wm ein außanwachseness mentsch rnd
452 2090 1003 2197 wol laütsch und sultsch.
641 2199 1159 2325 Gcillaume Vymars.
434 2300 1401 2428 I von aia auß Hanog ein junger Tag
459 2375 1441 2516 von ohngefahr 20 fahren, funßlucht Im vn¬
445 2438 1444 2585 gesecht, endigen und antzigen umbis gill
451 2504 1472 2630 raren augun und gradnachte Braunschwach
443 2577 1407 2712 lange kaar im millelmußiger Lunge,
434 2659 840 2775 ein Lasset Baber.
653 2817 1180 2959 Jagues Camperts.
424 2943 1464 3089 Ist auß Kollringen von zihliger etwans diken
410 3039 1414 3151 Blatur halt mrtz Tranßlacht Dunnkel
424 3103 1426 3223 brauen Jaar Ainfflachte brauen augen
427 3169 1420 3290 gahllecht von ungesicht, ein großluchee
404 3239 1417 3356 und vor im mund ein semens zahnd,
413 3308 1417 3432 samlecht von jungen und im sinden von
414 3390 916 3518 ohngefahr 201 jahrun.
2021 579 2397 720 Dean Finets.
1777 707 2849 834 Eebürtig von monen by Manhenn auß der
1813 792 2836 900 pfalz ein langermägerer schwartz lechten
1790 850 2811 950 Mann, Kall lange Kransn Dunckel Braunn
1789 913 2835 1011 kaar ein schwarzens Bartli schwartzlechte angen
1796 961 2803 1076 etwas tinff und klein das ruchte anget
1800 1015 2833 1137 wars größer alß das tinke, ein erhochte kasen
1795 1087 2826 1204 ein schrandli ob binden angen, umn graden sande
1810 1148 2834 1258 ob der Naser über die lannn hinab schwärtz.
1802 1199 2811 1334 luchtn Zahnd von ohngefahl E 30 Jahren, Ein
1799 1272 2701 1396 Kansell Kramer, rndt gull Französische
1809 1424 2784 1579 lachdem nun er ah. Was dimitlich daß
1798 1505 2841 1639 mit dem euten und anderen gehaltuung schwrofen
1801 1597 2816 1685 Caaminis, außgerichtet vnd darby nach runkunlich
1793 1657 2814 1771 ersunnert worden. Win solch gsindtlin nit allei
1799 1718 2769 1829 Viler gelaugneten sachen und verdächtigen
1801 1784 2820 1885 umbsanden s dem gehaltnung eamine über
1802 1842 2806 1948 densen Gotden sondernn auch sintsaro muhreri
1798 1907 2803 2015 verdacht usf sy gefallen, daß sy winigstumb
1805 1968 2779 2065 von der Gesellschaff der Runtellschmedernn
1805 2016 2808 2125 eind, habend ir e erkent, daß alle dise
1789 2082 2769 2200 füosohnn. Bßurt dean la hrange, so dor
1801 2138 2759 2249 ohnschuldig gehalten, vor und deßlongen mit
1787 2202 2819 2304 einer gutten remonstrant vnd Comination, das
1774 2258 2842 2376 Wo ams kunffig er sich under dergleichen ge¬
1787 2328 2822 2435 ollschafft in A f. Landen mihr einfinden
1786 2387 2806 2504 laße, mann nun alts und nnws zusammen
1792 2448 2797 2570 geben wurde, der gefännknub rndig gelaßen
1787 2508 2858 2630 worden. Es mandrigen mancktag und offent
1780 2570 2835 2678 lichem flaz ib meine Rrügin urhocht, offnet
1786 2639 2770 2754 uch vorgestelt und von müningklichen gesuche
1782 2701 2839 2830 berden kommnd, folgnnts alle imb gusame eydt
1774 2767 2830 2873 lichen von er d rtatt und landen narweren
1791 2820 2834 2945 ns bekrent worden sylnn, daß uff weiters
1775 2886 2823 2989 bntrullen mann ohne langen camen zum
1772 2943 2823 3062 in gebührende straff anthen werde. So vil
1769 3004 2776 3126 aber der termunen Manuile, sonst Pierre
1784 3080 2749 3167 romentin Vierre Compert vnd Maria
1781 3121 2811 3256 ohn bebrift habend jr d eihnen mehr alß
1763 3192 2816 3313 an übrigen stroffwurdig gefunden, und dabund
1768 3249 2833 3390 hinnicht erkent, das disere grey sroßhum überne
1762 3306 2816 3447 malin horstellung und Bannisation auch noch mit
1750 3373 2848 3506 Ruhstng außgeschmeizt warden sollen, Aa. 2. Mar
2687 3467 2800 3550 1685
