2448 3264
1298 183 1960 355 Wie ein Grichtschryber sich
1424 283 1986 382 khünfftigklich inn verlesung
1389 337 1995 425 Sodomitischen vergichten, ver¬
1421 404 1975 508 halten Soll Wirt uß
1502 446 1968 542 volgendem Rathzedell
1601 533 1875 617 erlernet
1262 644 2177 776 Es habennd myn gn. Herren bißhar Wahr¬
1338 739 2163 840 genommen, daß inn verläsung der miß¬
1274 793 2208 889 thättigen persohnen vergichten, Ihre miß¬
1259 852 2232 961 hanndlungen (sonnderlich wann Sie bekhenten
1259 913 2210 1017 daß sy sich mit Sodomey oder mit thieren
1331 980 2220 1061 vnchristenlich verganngen) in gestalten
1258 1031 2189 1154 wie sy verzächen, ustruckht unnd an
1320 1098 2247 1224 offener Crützgaßen vor jungen unnd alten
1319 1178 2231 1291 verläsen worden. Da aber ir gn.
1316 1242 2213 1344 befunden daß solche grüwliche Hanndlungen
1319 1298 2227 1392 mit annderen vmbstennden, unnd nit vß¬
1324 1359 2231 1470 truckhennlich zu vermelden syend, alß da
1338 1426 2193 1518 sich einer, wie der jetzige gefanngne Uli
1326 1499 2196 1604 Gramm Sodomittisch verganngen, zusetzen,
1338 1559 2198 1666 genugsam sye, daß er sich wider Gott
1341 1619 2198 1732 syn gesaz Menschliche Natur mit un¬
1323 1685 2215 1780 christennlichen werckhenn, oder mißhand¬
1308 1736 2240 1857 lungen schwärlich vergeßen etc ihre das
1310 1814 2232 1926 vonnötten zu vermelden mit waß thieren
1318 1885 2258 1997 oder Roßen er sich verganngen, Ergernus, böße
1319 1944 2225 2053 gedanckhen unnd anfechtung so der Tüffel
1325 2011 2193 2120 under jungen unnd allten stifften mag
1302 2085 2189 2173 unnd daß beßer ist die jugenndt höre
1326 2145 2223 2264 noch wüße nüt von derglychen mißthatten
1297 2211 2171 2317 zuvermyden. Deß haben Ir gnaden
1317 2280 2170 2377 vch Herren Grichtschryber zu üwer nachricht
1304 2338 2183 2455 hiemit verstenndigen laßen wellen vnnd
1226 2400 2156 2525 wendenndste disen Rathschlag zu üweren
1330 2462 2182 2588 successoren glycher nachrichtung an ge¬
1289 2539 2227 2659 pürennden Ortten, vf: unnd inverzeichnen
1326 2606 2249 2707 laßen. Actum d. 6. Februarii 1611
