3024 4032
342 641 1050 776 Alome Spengler
401 733 834 847 von Leützburg.
209 794 1256 928 Ist als eine versoßene Ertzdiebin, so sich mit
224 873 1248 958 vielfahltigen diebstählen vergriffen, zu wohl
214 942 1254 1037 Verdienter Straaff mit ruchten außgeschmetts
233 998 1234 1108 und hernach vom Thor wider zuruckgeführt
224 1053 1176 1162 und für drey Jahr lang in das Schallen
220 1110 1259 1239 werck eingeschmidet worden Actum 7. novembris
200 1210 376 1306 1712.
372 1331 1209 1455 lbrecht Emariuel Stoß
433 1416 1157 1529 Burger und Landten Gieser
638 1478 781 1567 alhier
216 1516 1263 1643 Ist weilen er die gewohnte zeit der ge
228 1606 1260 1706 fangenschaft außgestanden, als ein Vnzahl
225 1648 1258 1779 bahrer vergeldtstager von ihr Gudi statt
218 1712 1273 1820 und landt verwiesen worden aitne den 14
214 1781 983 1900 und exeli den 15tan novembris 1712
407 1993 1116 2115 Bendicht Jugi auß
397 2072 978 2193 er kilcher könitz
216 2143 1255 2276 Weilen derselbe das von Christina Braun
229 2220 1261 2337 ihme zugeeignete und von mrhrren des ober
231 2267 1273 2409 chorgrichts ihme zugesprochene kindt
237 2336 1271 2443 anzunemmen sich geweigeret, ist der Hanni
226 2390 1282 2530 sations eydt intimiert anbey auch bedeütet
227 2457 1229 2576 worden mr herren landt nit zu betretten, er
228 2525 1226 2659 Bequeme sich dann das Kindt anzenemmen
233 2572 1302 2704 actum 27 und exequiert den 28. decmbr 1702
2251 555 2363 672 16.
1839 600 2161 740 Hauwspihler
1435 727 2385 819 Weilen derselbe in Möhrrn seckelmeister
1419 786 2352 879 Thormannshauß diebstähl begangen, ist
1442 836 2388 939 deßtwegen von ihr geen statt und landtge
1426 899 2412 1029 wiesen, mit betreüwen, so er ferners darinn
1435 968 2379 1067 werde betretten werden, ihr gnn ihne
1440 1030 2421 1126 mit stärckerer straaff belegen werden. Actum
1437 1097 1840 1214 28. febrri 6718.
