3024 4032
130 1607 197 1704 be
141 562 196 678 2
147 814 199 892 3
234 544 1236 674 Ob er nit verwichenen sommer anfangs
216 622 1254 724 hauwet, eines morgens frühe 5 Vrfel bi
223 679 1212 771 Stettlen durch getriben, und dein selbige
241 745 484 844 zugehört.
235 800 1261 926 Er habe niemahlen 5 schaaff miteinanderen
244 876 1235 988 ey Stettlen durch getriben, wohl aber zwo
229 931 1217 1034 Schwarze auwen, Welche sein Vatter ver¬
235 983 1244 1092 anhenen sommer ohngefehrd umb heüwet,
225 1046 1272 1143 zeit jamt 3/ Lammeren von einem bauren
235 1099 1269 1203 deßen nahmen er sich jezund nit erinnen
238 1165 1227 1295 könne, gekaufft gehabt, allein Er habe
241 1225 1227 1349 selbige nit an Morgen frühe, sonderen
224 1298 1267 1412 umb mittag da durch getriben gestalten
236 1355 1218 1496 Es Sie zu Sinnenrungen wegen der hitz
230 1412 1221 1563 in einem brunnentrag abgekühlt,
256 1595 1254 1724 ie Er so frech laugnen dörffe, daß er
250 1669 1241 1774 an keinem morgen 5 schaaff zu Stettlen
232 1744 1248 1856 durchgetriben, Er habe Ja damahlen einen
244 1798 1230 1922 handschen verlahren, welchen sein Vatter
241 1874 1291 1975 eine wil, nachdeme Ey mit denen 5 Schaffen
234 1942 1274 2050 vorbey gewesen, komen gehn suchen und
238 2013 1140 2107 den Leüten solchen abgeforderet
241 2080 1275 2215 Er habe niemahls keinen hendschen Verlohren
237 2163 1260 2280 seye ihme auch nicht bekant, ob sein vatter
250 2218 1242 2330 einen hendschen gesucht oder nit, er
247 2291 760 2387 Auße darvon nit
231 2337 1182 2455 Hierauff ward hinein berusen
223 2387 1213 2534 Hanß Schäffer von Stettlen welcher
243 2469 1239 2574 ihme underaugen vorgehalten das
253 2510 1250 2623 maßen verwichenen Sammier anfangs,
250 2580 1170 2696 heüwet alß er schaffer und seine
240 2634 1246 2755 brüder eines morgens frühe gangen
250 2711 1167 2846 gahn mayen, Sie disen Rohtmezger
247 2760 1238 2904 gesechen by anbrechendem Tag 5 Vrfel
242 2847 1233 2973 durchs schwängi by Stettlen auf Gelligen
252 2922 1235 3036 zu Jagen ein weil hernach seye sein
233 2972 1213 3097 vatter kommen und habe einen händschen
249 3073 458 3183 gesucht
246 3135 1246 3254 Hierauß ward von mucheeen Examinatoren
246 3218 1230 3320 disem hofer nachmahlen ganz ernstlich
261 3286 1252 3409 zugesprochen, daß er gott dem herren
1134 3358 1236 3436 die
1462 603 2495 722 die ehe geben und der sochen oberkeit alß
1500 654 2463 778 deßen Statthalterin durch eine runde
1509 712 2495 832 bekantnuß die bloße wahrheit bekennen
1484 767 2485 903 solle, widrigen fahls man mit mehr
1490 820 2453 960 rerei frust an ihne sezen, und die
1479 894 2458 1028 wahrheit von ihme heraußzubringen
1486 986 1924 1093 Frachten werde
1469 1031 2495 1177 Deßen allesin aber ohngeacht behar¬
1497 1115 2493 1242 rete Er steiff und fest, daß Er Niemahn
1478 1169 2394 1296 un. schaaff mit einanderen auch
1481 1240 2477 1365 keines des Morgens frühe by Stettlen
1496 1309 2461 1455 durchgetriben, habe auch sein lebtag
1479 1385 2466 1518 kein Schaaff entwendt noch ein mehrer
1484 1447 2427 1599 begangen, alß hievor angezeigt.
1476 1563 2472 1700 Weilen nun by disem Pofer weder
1488 1643 2466 1760 zusprechen noch vermahnen nichts
1491 1715 2503 1842 verfangen wollen, hat mihhn examinat
1488 1775 2376 1914 ihne wider an sein ort führen laßen
1643 2023 2092 2159 Christen Dänzler
1463 2124 2462 2266 Hieraus ward auch vorgelaßen und
1485 2222 2487 2340 laaminirt Christen dänzler ein junger
1465 2291 2474 2423 gesell außei Eggiwyl burtig und
1489 2372 1974 2488 dennach befragt
1472 2456 2400 2578 ie langes sey, daß Er mit dem
2265 2543 2358 2601 egacd
1493 2543 2410 2657 Roht mezger Bekandtschafft gehabt.
1493 2644 2443 2775 Er habe den noht Mezger hievor nit ge
1374 2671 1455 2786 d
1485 2726 2403 2849 kent, sonderen erst ohnlängsten zu
1486 2806 2435 2930 thun, alda Er nechst vor der Statt
1495 2872 2435 3004 ihne angetroßen, mit ihme Kundsamme
1498 3006 1708 3089 gemacht.
1395 3039 2459 3185 2. War Er droben zu Thun gemacht, Auch¬
1483 3131 2481 3257 die und auß was anlaß der Rohtmezg
1476 3208 2161 3347 daselbsten Zū ihme kommen.
2254 3307 2362 3422 R
