3024 4032
150 986 321 1073 auf das schi
157 1873 344 1948 haufeiner
149 1925 313 1996 schlapfen
329 599 1280 775 betrachtung gezogen, einerseits gieten
330 708 1302 863 Walchigesa durch verubung dergleichen
323 796 1267 918 Mordthaten die allgemeine sicherheit den
522 861 564 915 nd
335 860 1261 996 frombden durchreisenden wie auch handel
351 924 1266 1061 und wandel ihrer angehörigen unterthane
409 1005 469 1063 e
332 1005 1272 1138 geheinet und verstohret werde. Anderseils
342 1079 1284 1197 darn sich schuldigster maßen erinneret dero
330 1149 1293 1283 zu abstraffung dergleichen mißethaten von
345 1230 1272 1360 Golt dem allerlochsten regenten ihnen
332 1305 1256 1437 gewertvonloten hochoberkeitlichen ambts
340 1383 1064 1511 und daranhangen den pflichten
344 1466 1254 1619 habend darauffhin hochgedachte Vnsere
342 1563 1257 1686 Gnädige herren und eren bey ihren
347 1639 1263 1746 Eyden zu racht erkennt und gesprochen
341 1703 1260 1825 daß dieser Gurth nechst empfehlung seiner
359 1773 1252 1894 seelon in die erbarmende seines erlößers
357 1842 1227 1969 dem scharpffrrchter übergeben durch
351 1917 1252 2039 denselben unden auß auff die gelochnte
343 1993 1276 2116 richtstalt gebunden und gefangen geführt
334 2073 1251 2191 daselbsten zum exempel und schrëcken
338 2143 1247 2271 anderen dergleichen mißethäteren
333 2221 1274 2344 nach Lobl stalt dern habenden hochober
338 2307 1274 2432 keitlicher gebalt,  auf ein bräche
337 2378 1280 2490 gebunden, ihner mit dem tad grad an
339 2442 1285 2558 füncklich der gsellen oder hertz stoß ge
330 2519 1292 2627 geben nachlouhgts alle gleder zerbrochen
343 2564 1282 2690 und dann volgendts der leib auf das rad
325 2628 1269 2765 geflochten und also vom leben zum
337 2710 1249 2827 tod hingerichtet werden solle. Act
326 2756 1266 2929 Coram 200 den 18. Januarii 1718
344 2879 671 2986 zum Job. bed.
332 2926 1312 3054 mit dem schlert und hernach aufs tad 38 stimme
1148 3002 1212 3063 98
329 3023 671 3093 Auf das Stad¬
1146 3039 1230 3120 56
322 3076 743 3158 coberdig gedogen
1152 3102 1221 3175 76
309 3121 1010 3242 zu erst der gsollen oder hortzstos
1150 3155 1233 3212 81.
316 3189 975 3289 Auf erne schleipfen bereden.
316 3209 1243 3349 sorst verfihrena wor
1403 3092 1446 3171 1.
2223 622 2422 751 410.
1685 687 2117 831 onus Tesrs.
1499 774 2228 899 zebühetig von Trub hinder Trachßelwald
1745 863 2178 972 examen und vergicht.
1443 929 2409 1052 Nach demme meytze den rahten mit großem bedouren
1482 1009 2413 1108 zu vernommen vorkommen, was maßen hinder signaue
1511 1074 2407 1168 und derselbigen gegen eine nahmhaffte diebswonde
1496 1119 2409 1228 von Mann und weibs persohnen sich gesamen gezogen
1501 1178 2377 1289 und hierund widermit rauben und stählen nicht
1493 1240 2397 1361 allein der jomeinen Landtmann zu Mercklicher
1486 1300 2423 1418 Beschwörd das heinige entloendet, sondere, auch so beit
1492 1356 2427 1481 sich erfrächet, daß sy underschiedelichen allhiesigen
1493 1428 2401 1534 herren und gurgeren zuständige Häüser auff
1495 1481 2428 1594 ihren landt guelteron bey allhiesiger haubtstatt
1504 1546 2422 1652 herumb aegefallen spoliere und geplünderet
1500 1613 2404 1723 habend darüber hzin hochgedachte Mgzi als die
1499 1675 2404 1768 so thones fräffelhafftes begunmen von bößester
1511 1739 2399 1840 lachvolg befunden auß oberkeiter sorgfalt
1497 1792 2381 1907 alsobald alles nöhtige vorkehren laßen, was zu
1505 1860 2431 1967 gehändigung dieses diebsgsends immer getrichen
1494 1922 2397 2033 eochori. Wermaßen sy zu dem endt dero hin
1504 1982 2403 2100 und wider sitzenden arebt leüthen aufgetragen
1499 2044 2382 2148 allen möglichsten fleis und eyscher angebenden
1455 2107 2369 2217 Damit diesere dieben entdeckt behändiget und
1481 2175 2397 2287 zu gebührender abstraffung gehalten werden.
1493 2240 2430 2340 komund und wie nun bald daruff einichen derselben
1499 2310 2412 2409 es bendicht Murgerthaler und Annig Waßer hinder
1493 2372 2394 2472 dignaues Ellsbatt althaus aber sonsten röhteli
1499 2432 2421 2547 genont zu Wangen in geföngliche verhofft gebracht
1500 2498 2421 2613 und auch selbiger ohrten mit verdienter cotts straff
1500 2559 2445 2669 beleget worden, habend selbige in denen mit ihnen
1498 2622 2403 2744 verführtere guet- und seinlichen examinibus den
1494 2685 2403 2805 dißmahlen in oberkeiten borden enthalteer
1497 2762 2405 2869 Jarens weyer als das haubt und uefrehrer ihrer
1470 2829 2398 2935 diebsbande angeben und beschueldiget auch mit
1467 2886 2416 2994 deßen zethun und hilff volgende einbruch und
1434 2954 2406 3060 diebstahl begangen ze haben bekonnt und biß ie
1484 3018 2042 3132 den Todt daruff behorret
1462 3086 2423 3208 daß der Teeger Hüffer Schartorleib Murgenthaler
1460 3166 2418 3275 Blaser Ulli Waßer Arni schiltli und röhteli vor
1490 3226 2397 3351 gangenen winter ern jahr Menhhl Vonner Tillier
2296 3289 2387 3375 zu e
