3024 4032
1449 550 2425 713 Da eist v ang gatggers von Langnaut (eini Wach
1376 636 2331 795 Ma b Magsh die Ralh ene
1380 745 2377 898 keit dahar und sonderlich nach seit
1593 833 1636 891 a
1391 823 2388 946 A. 1712 wegen des faltsh Müntzens die yngold
1390 910 2380 1013 und andere mehr allhier in verzaft geweßen, sie
1393 976 2418 1093 mit bedauren erfahren müeßen, wie daß widermaln
1384 1048 2402 1184 hin und heb zu statt und land viel und undershed,
1389 1131 2394 1254 dlicher gattung faltshes Muntz zr Groß einschaden und
1387 1207 2409 1328 Nachtell dero Undertahnen und Angehörigeng außge-
1383 1282 2393 1406 ben und verbraucht worden, habend dieselben überd
1394 1355 2398 1482 Mielle erfahrene Umbständ und gefaß tei Verdacht
1390 1424 2403 1562 auff iniche dero im einentahl befindende undero,
1377 1495 2406 1636 stahnen die erforderliche anstalten ergehen laßßen, daß
1378 1574 2397 1701 solche mich allem munglichsen fleiß entdeckt vndt
1390 1649 2391 1788 behändiget werden mahlen: Da damn noch gehiner
1389 1738 2358 1868 Nachforshung so viel in erfahrung gebracht worden
1394 1805 2411 1952 daß Chriften a angrutages von Langnants
1400 1891 2384 2005 und es anderen dieses faltscher muntzwesens sich
1383 1956 2416 2100 Weilthafft gemacht haben soll, des dann auch vom herrn
1369 2032 2368 2176 landtvogter jr signanto gefänglich eingezogen.
1395 2097 2404 2229 und cacaminieret, andt ergangenen Oberkeitlichen
1379 2170 2403 2294 befelch aber von darten wieiters in allliestige gefangen
1374 2241 2365 2387 gschaft geführt und daselbsten auff überkeitliche
1399 2314 2418 2469 verordnung durch mlassin rechts herren Rhege mit
1374 2400 2413 2554 Gutihi e g Dieneren hern groß weiber vm hachte
1393 2469 2415 2617 und grichtschreiber Wyllenbacht den 13.g magi und
1392 2541 2407 2695 17. . Juniu dieses 1715. Jahrd über obgedachtes
1381 2632 2328 2769 faltshr muntzer und anderen betriegereyen
1398 2692 2389 2853 eecamcinieret und endtlichen volgende bekammtnuß
1404 2805 1910 2927 uus ihme gebracht worden
1365 2902 2415 3048 Nantiotg und für dad Eiste, bekennt Ern
1401 2982 2433 3148 daß vnd ohngefehrdt dreyen Jahren Anfangswointers
1395 3078 2428 3227 als die Ingolden ein jahr darnach eingezogene worden,
1403 3156 2400 3301 Er angefangen Mluntzen jedach damalten und ein
1406 3224 2249 3356 Wenig, wilen der Stämpfel grad zerbrochen
2238 3253 2361 3360 den
