3024 4032
362 692 1264 816 nicht observiert habe, Alß Er sich aber
360 776 1290 883 hernach gegen ihnen gewendt, habe er sich
369 838 1311 954 den Ikrn von Wattenwyl von Kilchlindach
366 892 1260 978 mit dem bloßendegen gesechen neben
366 946 1269 1040 denen beyden herren stehen, und mon
366 1000 1275 1096 vementz machen, Als wann er darmit
375 1055 1284 1150 auff der übrigen beyder wegen geschlagen
360 1112 1230 1205 hätte oder schlagen wolte; wüße aber
365 1170 1263 1280 nicht zu welcher zeit ermelter Ier von
349 1222 1225 1337 kilchlindach zu denen Herren furen
372 1285 1274 1399 gangen seye. Endete darmit seine
364 1344 1047 1456 Außsäag. Actum vorstaht
338 1519 1292 1636 Ds Caria Suter von für die under¬
356 1605 1238 1695 magdt bym disel zwang sagdte, daß
360 1660 1260 1763 kurtz zuvor das ungluck sich begeben
363 1718 1267 1810 der Ier von dies bach ihme sein urte
372 1774 1284 1876 bezahlt, darauff herre erendenreich ihee
368 1835 1274 1934 auch geldt gezehlt. Wie es nun außge¬
375 1893 1236 2005 lugdt, habe es noch gesechen, daß die
358 1942 1242 2052 Herren die degen weg geworffen und
352 2010 1274 2115 H Müller angefangen schwancken und
359 2065 1244 2166 grad darauff niderfallen, von denen
362 2140 1239 2235 reden habe nichts verstanden, weilen
366 2192 1225 2288 die Herren Weltsch geredt; weiters
1024 2250 1262 2349 Actum
362 2257 1022 2349 wüße es gar nichts zusagen
368 2311 564 2392 vorstaht.
314 2425 1238 2540 Babriel Thommet wührt zum
368 2514 1280 2609 distel zwang zeügete, daß die herren
375 2566 1286 2664 Jantz friedlich mit einanderen zunacht
369 2624 1260 2726 geßen, auch alle zeit friedlich gsin, so
375 2689 1286 2789 lang er bey ihnen gewesen; Also daß
360 2733 1269 2845 er nicht ein einich streittiges wohrt von
360 2803 1262 2905 ihnen gehördt, gegen ein uhren habe
375 2855 1304 2965 er sich in seine ruhnt begeben ohngefehrt
359 2919 1265 3024 ein viertelstund hernach, kome seine
353 2975 1284 3086 Magdtschreyen, Er solle eilends auf¬
358 3025 1295 3139 stehen, die herren habend handel gehabt
361 3102 1274 3199 und seyend zween todt einer droben
353 3160 1311 3270 und einer drunden, darauß er in großem
1006 3240 1254 3358 Schracken
2245 620 2322 675 134
1446 683 2358 790 Schräcken aufgestanden, bald ausen
1446 752 2356 848 Bald aben von einem zum anderen ge
1449 792 2403 895 losten wein gewelt Lumpen gewarmbt
1456 856 2399 947 Better zurecht gemacht, und alle mögliche
1446 895 2369 1019 hülff geleistet. darauf gegenorgen.
1445 948 2396 1058 frühe der jer von Wattenwyl von kilchen
1451 1009 2408 1114 uindach ihne thommet zu Mirchrren rachtsherren
1445 1064 2396 1187 Müller geholt, ihme Bericht abzustatten.
1456 1132 2381 1223 Welches alles dann Ihne thommet in solche
1451 1178 2402 1275 bestürtzung gesetzt, daß er nicht ehrgehin
1469 1243 2354 1355 net zu Mirherren groß zugehen diesen
1460 1288 2361 1394 trauwrigen fahl anzuzeigen, als biß
1456 1374 1846 1465 es tag gewesen
1536 1437 2335 1594 Elß Collegii Insulani
1521 1552 2366 1669 Judicium über den Endtlei¬
1629 1620 2144 1724 Beten Hrn Müller
1434 1729 2374 1880 hochgeachte etc. gnädige herren
1446 1894 2412 2016 Er Gn. ergangenem Befehl an Mitthl
1465 1965 2356 2067 Großweibel und Grichtschreiberen, in
1470 2010 2402 2111 un verweilter Gehorsame nachzukomen.
1462 2072 2415 2186 habend sich Mr hihl des Collegii Insulani
1472 2121 2396 2246 aus heüten Zinstag Mittags auß die
1472 2189 2416 2301 Wohl sdle gesellschafft zum distel zwang
1473 2255 2361 2372 fleißigst zusamen gethan den alda
1474 2304 2410 2430 entseelt gefundenen Todten örper Hr
1474 2374 2379 2479 Müllers sel von Kopf biß zun füeßen
1462 2422 2354 2536 Gebührend visitiert und examiniert
1479 2476 2393 2602 und anselbigem vier wunden gefunden
1477 2539 2424 2654 deren die sinte kleine bey dem Linggen
1486 2585 2371 2704 Aug, die andere einen starcken hieb
1475 2651 2422 2772 über die Lingge hand, die dritte einen
1470 2694 2427 2823 kleinen fleisch stich eine hand breit oben
1470 2760 2433 2869 an dem Schenckel gleicherzeiten, welche
1474 2815 2427 2938 Aber alle drey kein groß bedencken haben
1476 2876 2421 2999 Außert daß wegen Zerschneidung der
1481 2941 2365 3031 tendinum an der hand eine lähmung
1489 2993 2408 3108 wurde ervolget seyn. Die vierte aber
1472 3047 2428 3166 Ware von großer importans indein
1473 3103 2388 3209 selbige rechter seiten durch das obere
1469 3151 2414 3291 Kiffel Bein, neben der Sella equina, die
2198 3228 2373 3303 nervos
