3024 4032
206 557 1179 671 Wie und welcher gestalten aber der
204 632 1212 750 leidige Satan einen Menschen welcher
236 688 1200 817 angezogene kräfftige gnaden Mitter
241 757 1204 870 nichtvilliglichen verachtet und auß
218 824 1193 959 den augen jezet, mit betrüglicher
236 891 1197 1034 Verbergung und Vertleinerung der
213 958 1179 1093 sunden In Leib und Seelengefahrn
219 1041 1195 1166 da auch in den todselbsten stüeze.
231 1103 1228 1228 wird nurd vorgestellet, aller anderen
232 1166 1234 1338 exemplen und beweißtims geunden
219 1241 1207 1396 zugeschweigen, durch das traurige
228 1326 1168 1473 Byspihl oder exempel diser allhier
225 1421 1198 1543 in oberkeitlichen banden vor unteren
224 1484 1228 1628 angenstehenden Armen Weibs Per¬
224 1567 1178 1698 sohn Maria Madlena Lyb und gott
223 1664 1174 1782 geburtig von Karwangen seines
219 1725 1116 1852 alters ohngefehrd by 25 jahren
222 1784 1215 1956 welches anstatt es sich wider die Listigen
228 1863 1245 2027 anreizungen und Innerlichen sin¬
230 1945 1219 2107 gebungen des bösenfeinds mit
222 2037 1148 2169 den waßen des geistes alß dem
229 2094 1258 2251 vort gottes und eiderigem gebätt
218 2185 1194 2322 Versechen sollen, es dargegensein
208 2253 1255 2406 jügend in unerkantnuß Gottes und
214 2340 1146 2468 seines worts in verderblichem
221 2400 1264 2570 Müßigang zugebracht, dannenherr
240 2474 1236 2638 auch der höllische mord geist selbiges
249 2560 1219 2707 gar liecht in seine strik und von
219 2630 1239 2793 sund in sund und endlichen ins
225 2704 1231 2870 Verderben Ja In den tadselbsten
233 2767 1251 2950 gebracht, dann alß die Vormals¬
242 2869 1233 3037 angewendte Oberkeitliche milte be¬
221 2973 1230 3113 straffung des schallenwerks wegen
211 3044 1205 3189 verkaufften diebstahls nicht so viel an
176 3113 1170 3284 disem elenden menschen verfangen
219 3166 1189 3349 mögen, daß es von seinem sund¬
216 3258 1212 3412 hafften wesen ware abgestanden
1011 3315 1212 3454 sondern
1385 566 2390 696 sonderen er hat bald nach erledigung
1403 638 2402 731 deßelben mit einem gesellen außdem
1402 698 2354 806 Auchholterberg nahmers Jacob Maaser
1414 768 2372 883 sich in unzucht vertrabet und von dem
1409 838 2098 961 selben schwangeren laßen
1375 910 2376 1028 So eräußerte auch die unerkantnuß
1401 977 2379 1071 seiner seelen heil und unher wahren
1383 1037 2356 1188 fählig machenden religion an ihme
1398 1112 2256 1237 darinen, das es sein ohnweit
1389 1165 2403 1307 Bechingen im fürstenthumb höchen
1395 1231 2403 1368 zolleren an die welt gebrachtes kind
1415 1292 2332 1429 an disem jezgemelten Papistischen
1385 1386 2377 1505 ort staufen laßen, da es dann
1394 1431 2383 1565 Nachwerts auß eingeben des leidigen
1399 1504 2362 1649 Satans dises sein eigenes 8 wochiges
1400 1579 2340 1713 kindle montags den 15. jungst
1406 1634 2364 1803 verfloßenen Meyen draußen bÿ
1395 1725 2406 1863 Grunnen auf dem wag gegen Kappelen
1407 1793 2362 1952 auf eine unerhörte Barbarische weis
1404 1869 2389 2012 umbs leben gebracht gestalten es
1398 1954 2400 2081 selbiges by dem Pußlinen in die höche
1390 2024 2397 2151 das haubt und leiblin aber so lang.
1402 2094 2380 2228 in Einem daselbst vorbeyfließen den
1406 2165 2341 2322 bach gehalten, biß es tod gein, Ja
1411 2246 2364 2380 alß das Kind noch lebte, selbiges
1418 2310 2396 2449 einmahl wider auß dem vaßer ge¬
1410 2389 2413 2546 zogen hernach aber widerumb daren
1417 2447 2385 2602 gethan Vollenils ertränkt, vnd da¬
1419 2539 2313 2670 rauff den bach ab fahren Laßen
1395 2595 2383 2744 Nach Verrichtung diser leidigen that
1404 2673 2371 2835 hat es sich auf Staffirburg und von
1406 2774 2332 2902 dannen auf Meuttigen begeben
1400 2836 2379 2976 daselbsten es noch einen nebstahl
1384 2925 2421 3050 eruben wollen, aber darob ergrißen
1411 3028 2024 3143 und behändiget worden.
1416 3095 2398 3240 Und nachdme nun unsere allerseits
1424 3171 2344 3332 gnädige Herren und oberen räht
1414 3225 2436 3369 und Burgere alß allhiesige landsoberkeit
