3024 4032
242 644 1233 749 Mehhl H. Rahtsherren Wÿtenbach, h
232 701 1254 820 heimlicher Roht, und herren heimlicheren
240 767 1227 864 Sinner mit zuthun Er Jnl. Dieners
238 820 1185 926 H: Großleibel Wūrsteinbergers
244 885 1225 996 D 9 13. 16: und 18: Januarii die
236 946 1233 1048 des 1713. Jahrs, und also zu verschie¬
240 1010 1181 1107 denen mahlen und zwar erstlichen
236 1078 1224 1181 nur ernstwortig, hernach aber auch
237 1129 1228 1225 peinlich mit einfacher und schwarer
242 1194 1242 1270 Marter vber obgedachtes falsche Muntze
242 1243 1227 1329 und andere betriegereyen mehr, Exa¬
242 1309 1221 1383 miniert, und endtlichen volgende Be¬
227 1366 1209 1476 kantnußen auß ihnen gebracht worden
188 1455 1222 1600 Namblichen und für das erste, so
241 1547 1248 1638 Bekente Jacob Ingold der Vatter, Cel¬
239 1623 1257 1721 cher bey funff oder Sechß und funffzig
224 1682 544 1775 Jahren alt.
224 1745 1231 1854 daß er und sein sohn der dißmahl mit
213 1811 1245 1911 gefangene Christen Ingold, ohngefehr
225 1872 1251 1975 für zween thaler Rappen, und bey nachem
234 1926 1253 2027 umb einen Thrl. Kreutzer Gemacht, dar¬
235 1988 1233 2107 zu sie der Große Mangel und Armuth
242 2053 1203 2152 in deren sie sich befinden, getrieben,
213 2111 1262 2237 von diesen Creutzeren und Rappenhabe
236 2168 1255 2302 er außgeben und verbrucht, und die
243 2250 1228 2348 Übrigen bey seiner behändigung dem
240 2323 1267 2422 hen landvogt zugestelt, Ermelter sein
246 2371 1191 2473 Sohn habe die Stempfel zu diesen
237 2426 1212 2528 Rappen und Creützeren gemacht,
239 2494 1248 2620 und Ihme heben; Nūn Außert die
240 2556 1265 2691 sen Angezeigten Creutzeren und Rap¬
247 2618 1261 2757 perei habe er sonsten seyn lebtag kein
244 2710 1245 2831 gelt gemacht, noch von anderen gesehen
248 2803 459 2894 machen
236 2840 1233 2976 Weiters Bekente dieser Jacob Ingold
248 2899 1272 3028 daß Als er vor etwelchen Jahren hinder
258 2985 1254 3091 dem Nilans Liechte im Mungnanto
242 3032 1258 3156 schach gewohnet, habe derselbe Ihne ge¬
256 3089 1231 3223 hwung mit ihme zgahn, da sie dann auff
261 3134 1271 3274 dem Bramerboden ein tuch voll houw auß
252 3204 1264 3329 einem Scheurli: Item in der Langenbach
243 3259 1281 3384 scheur underschiedeliche mahl tücher vol
245 3321 1255 3450 höuw genommen etc. darfür aber der
253 3412 783 3524 Liechte Abgebußt.
1494 535 2326 671 F hristen Ingold der Sohl¬
1528 620 2070 721 dey 30 Jahren Alt
1681 683 1934 768 bekennte
1352 734 2328 896 Saß vor ohngefehrd anderthalb
1294 830 2319 945 1 jahren, der so genante Schuekhöni
2380 855 2456 963 1
1354 884 2337 1003 in ihme komen und ihme ingoldange
1294 944 1362 1029 1
2375 938 2434 1004 4
1385 947 2359 1056 ben stempfel zumachen auch mit der
1351 1007 2352 1116 Kreiden vorgerißen, wie sie seyn sollen
1371 1074 2366 1182 Er aber habe sie damahls mit machen
1371 1125 2328 1240 konnen, wie Ihms der Schuethoui vorge¬
1366 1192 2311 1277 eißen, hernach habe der Christen
1372 1261 2344 1368 Langenegger von Langnauto Ihme ein
1382 1318 2339 1444 Stempfel gezeigt, vnd gesagt, wie er sie
1388 1405 1711 1495 machen solle.
2367 1423 2430 1483 in
1329 1472 2340 1598 Diesem Langenegger habe er vor einem
1363 1555 2365 1666 jahr auff sein inständiges anhalten eine
1372 1612 2425 1719 Rustig wie ein Bleyzug gemacht, darinnen ich
1388 1676 2319 1783 ein Plappart Model, ein Zürichschillig,
1397 1737 2331 1828 und ein zloeen schilliger Model gewe¬
1394 1798 2318 1895 der Aber mir das Plaxpert Model ge¬
1391 1858 2304 1949 brauchen können, fur diese Rnstig
1385 1903 2349 2019 habe Ihme der Langenegger V5. E. zu
2384 1926 2437 2006 M.
1402 1981 2301 2076 bezahlen versprochen, Aber nichts
1390 2051 2367 2144 anders geben, Als dise (: rev: strūmpt
1394 2094 2361 2207 toer anhabe, und dann seinem Weib
1394 2189 2375 2274 ein thrl. daß sie Alle Zeit solle am Mann
1390 2240 2188 2333 sein, daß er diese Gräg mache.
1384 2301 2307 2444 Bald hernach habe es Ihne Ingold ge¬
2386 2405 2434 2458 er
1397 2399 2355 2497 rautben, daß er solche rustig gemacht
1390 2458 2353 2564 und derohalben selbige von dem Lan¬
1368 2517 2371 2630 Jenegger woider begehrt, der sie aber
1389 2590 2385 2705 nit wider geben wollen, sonder gesagt
1385 2644 2359 2766 er habe gedente Rustig seinem Schwager
1377 2731 1644 2818 Verkaufft.
1349 2765 2397 2924 Diniche zeit hernach habe der schuethan
1377 2848 2413 2989 zwey hölzerne tütschlin gebracht, mit
1396 2930 2439 3052 begehren daß er ingold ihme zwey stuchin
1388 3000 2389 3121 Sine stöcklin auff diese form machen
1390 3038 2382 3183 sollen, so er auch gethan, nach loehets
1381 3109 2355 3243 habe der Schnethöni auff das einte¬
1392 3178 2373 3307 einen Zürichtchilt, und auff das an
1389 3234 2335 3363 dere einen Adler gestochen, und sie
2214 3305 2394 3396 ihme
