3024 4032
301 578 1239 681 alß vorbekante zween diebstähl
311 652 1247 776 bÿm Neūwenhaūß ūnd Zū Mun
301 703 1284 849 singen begangen, Er befinde sich
309 788 1248 911 in handen der hochen oberkeit
292 871 1278 967 selbige möge nun mit ihme machen
294 941 1245 1055 das ihra beliebe, Er wüße ein¬
293 1013 1105 1133 mahl nichts weiters zubefe¬
292 1060 1257 1188 könne zwar wohl erachten, daß
298 1147 1231 1269 auch das, was er bekant, schon
303 1218 1259 1358 zu viel und daß er von dese
295 1313 1263 1423 wegen der hocher oberkeit ungnad
290 1386 1150 1525 und Straff wohl verdienet
282 1470 1197 1589 bätte aber umb gnad wolle
286 1554 1226 1693 künfftiger Zeit sich suchen mit
273 1637 1180 1761 seinem handtwerk ehrlich.
267 1725 820 1855 durchzubringen.
273 1813 1254 1938 Nach so thaner Bekantnūß da¬
286 1888 1269 2014 auf offtmahlen verenderte fragen
283 1980 1270 2088 Er einiche Variation seiner vergicht
295 2050 1237 2174 sich spieggee spuren laßen
279 2135 1228 2248 vnd weillen Im Übrigen keine
280 2194 1128 2323 formalische indicia anderer
279 2271 1226 2407 diebstählen nit verhanden, hat
275 2370 1224 2483 Ohhl Examinator ohne weiteren
289 2438 1264 2581 Befelch mit Ansezung der Marter
278 2514 1245 2655 furzefahren weißlichen bedenken
272 2638 592 2749 getragen.
2353 589 2446 711 10
1635 587 2169 720 Christen Därzler.
1458 665 2380 795 Den 13. janui 1712 hat mich rahtsherr
1504 745 2409 858 Escharner zuvolg oberheitlichen befelchs
1483 801 2467 917 de dito mit zuzeüchung ihr dnen dieneren
1490 857 2451 994 Mawhl Großweibel Wursteinbergers
1508 932 2463 1038 und des grichtschreibers in gegendart
1495 986 2437 1109 ern gauwherren wagners hrn Geörg
1491 1045 2490 1171 Muralt hrr franz Ludwig Fischers und
1488 1104 2482 1246 den caespectanten Rohts den verwichenen
1481 1166 2457 1300 21. Decembr aus der gefangenschafft ge¬
1478 1243 2475 1367 brochenen ohnlängsten aber von neüwen
1487 1309 2389 1437 burg wider allhar gebrachten Christen
1474 1360 2466 1516 Dänzler ausem Eggiwyl anfängklich¬
1501 1446 2494 1576 nit ernstwörtiger vermahnung nachwerts
1497 1503 2448 1641 auch mit bedröh- und würtlicher anwen
1496 1570 2482 1719 dung der einsachen vnd Lauren marter
1488 1640 2449 1772 examinirt und erstlichen befragt, wie
1488 1711 2457 1835 die Sach mit dem sroßer und der ent¬
1481 1783 2412 1897 gendten Kuhe seye hergangen, wie
1484 1867 2449 1979 sie zusamen kommen und ob sie zuvorgar
1484 1929 2418 2061 kein kundsamw miteinanderen gehabt.
1414 2015 2469 2138 R Er wüße nit wie der mezger anderst heiße alß
1489 2070 2402 2209 Hanß Georg Ehe er denselben zu Thun
1486 2136 2446 2269 angetroffen, habe er zuvor sein ebtag
1479 2222 2244 2337 keine Kundsame mit ihme gehabt.
1462 2281 2481 2417 replicit es könne nit seyn und scheine ganz
1480 2359 2476 2469 unmöglich, daß einer der einen menschen zu¬
1485 2410 2443 2530 vor niegesechen, und keine bekandtschafft
1473 2462 2476 2579 mit ihme gehabt, denselben dörfe anreden
1493 2541 2478 2639 und grad alsobald zumuchten, daß er ihme
1461 2610 1940 2735 solle helffenstählen.
1420 2666 2459 2794 R. Er seye ganz und gar nit anderst, alß was er
1488 2751 2424 2861 bereits hierüber gesagt, Namlichen alß Er
1482 2805 2493 2911 dem mezger auf sein befragen, wo er hinwoll
1485 2860 2486 2983 geantwortet, zur sonder alda arbeit zu suchen
1464 2919 2481 3047 habe der Mezger gesagt, es seye keine arbeit
1486 2977 2495 3126 mehr daselbsten, und darauf alsobald den Vor¬
1469 3063 2431 3181 schlag gethan denen leüten so vom Erlenbacher
1477 3120 2477 3236 marit kommen, ein stuk leich zuentwenden, da
1478 3179 2472 3298 seye der lust ankommen solches zu thun und habend
1476 3246 2470 3363 disemnach die kuhe genommen und mornderst im
1459 3345 1794 3463 holz genezget.
2336 3351 2405 3493 2
