3024 4032
183 2629 210 2688 c
353 554 1231 667 Maria Madlena Leibund Gutt
255 630 1257 742 von Marwangen ohngefehrd 25 jahralt
172 719 1209 836 Nachdeme dises elende Mensch vor dem
211 817 1202 910 Herren castlahnen zu Winnis hinder
220 878 1228 1001 welchem es von diebstahlswegen ein
226 949 1190 1051 gezogen, aus anlaß eines by ihme
235 1020 1220 1117 gefundenen Zedels und desstwegen
235 1094 1263 1213 auf Ihns gefallenen Verdachts exami¬
234 1184 1231 1299 mirt, und bekantlich worden, daß es
237 1255 1227 1378 sein eigenes Kind ohnweit Kappelen
253 1344 1222 1437 in einem bach ertrankt, und umbs
231 1400 1179 1533 leben gebracht und darüber hin
221 1486 1187 1606 Von ermeltem herren Kastlahnen
240 1564 1195 1693 mit seiner bekantnuß sub 5 junii
231 1653 1250 1772 gewahrsamlich allhar gesandt worden.
211 1714 1220 1871 Ist darauf selbiges auß oberkeit
224 1804 1195 1944 licher veranstaltung durch mühhl
231 1853 1215 2043 Zeugherren von Donnstetten mit zu¬
201 1958 1179 2120 thum ihr gudi dieneren meihen
223 2031 1236 2196 Großweibels imhooff und des gricht:
228 2129 1158 2265 schreibers in byseyn hrr Johann
236 2199 1257 2349 Rudolff Erdingers den 8. dito und zwar
236 2278 1224 2419 allein ernstwörtlichen examinirt
248 2372 1257 2517 und dardurch nachfolgende Vergicht
241 2476 982 2599 von ihme erhalten worden.
233 2561 1251 2714 und zwar erstlichen betreffend seine
253 2648 1241 2791 Elteren, so habend selbige allhier
253 2710 1246 2862 auf dem drnggfeld hinder herren
245 2787 1245 2954 Kornhüter zehender alß haußleüth
249 2885 1219 3031 gewohnet, alda es auch gebohren.
267 2972 1188 3092 und zu wohlen getaufft worden.
249 3017 1189 3180 sein Vatter, so Ull Lyb und Gutt
255 3114 1240 3270 geheißen, seye vor ohngefehrd 12
238 3203 1228 3375 jahren gestorben, die Muter aber
249 3262 1250 3415 habe es gar Jung und schon in seiner
248 3367 794 3504 kindheit verlahren.
1027 3411 1165 3507 Nach
1403 595 2394 711 Nach seiner elteren absterben habe.
1425 676 2381 756 as sich by seinem bruder so ein zimmer-
1427 739 2394 823 mann zu Moas Seedorff nahmens
1408 787 2357 891 Alle lyb und gutt eine zeitlang
1416 847 2340 958 aufgehalten. Nachwerts aber by
1429 933 2415 1034 dem Lehenmann zu Jegistorff auch
1403 1010 2032 1111 etwas Zeits gedienet.
1389 1096 2387 1175 Vor ohngefehrd zweyen Jahren seye
1415 1155 2415 1257 es von Eines thalers wegen das
1405 1191 2413 1326 erstemahl und zwar außfolgender
1412 1266 2425 1398 Uhrsach in oberkeitliche band gerahten,
1420 1337 2418 1481 Es habe ein gewußes Mensch auß dem
1421 1422 2372 1571 Schangnauw ihme gestohlene Kleider
1428 1495 2400 1606 zuverkaußen geben, welche es nach¬
1412 1553 2421 1699 Thun getragen und daselbsten vmb
1414 1641 2404 1759 1. Thaler Verkaufft, von desstwegen
1428 1714 2417 1833 es eingezogen und ins Schallenwerk
1436 1787 2435 1894 komen, daselbsten habe es mit einem
1414 1857 2400 1991 Kerli nahmens Jacob Maafer aus
1418 1937 2385 2057 dem Guchholterberg der Herrschafft
1412 2008 2395 2155 dießbach, so sich Zū vber der Zeit aūch
1415 2091 2401 2210 Im Schallenwerk befundenn, kundsame
1425 2142 2411 2277 gemacht, der ihme die Ehe versprochen
1436 2240 2388 2359 und geschwängeret, aber ihne Nie¬
1439 2311 2122 2437 mahlen zkilchen geführt.
1409 2388 2388 2526 Diser Jacob Matter habe verwichenen
1431 2466 2433 2561 Frühling under serr Haubtmann Stüeler
1413 2529 2423 2648 Kriegedienst genomen, ūnd befinde sich
1422 2603 2400 2725 dißmahlen In Holland. dahin es
1425 2654 2407 2781 auch mit ihme gezogen und biß nach
1413 2719 2407 2865 Breda gereiset, aber weillen es das
1440 2789 2393 2916 Weibervolk daselbsten nit verstehen
1431 2869 2399 3003 können, sich nit lang dort aufgehalten.
1426 2929 2376 3049 sonderen widerumb in hiesiges land¬
1419 3019 2427 3132 und allher begeben, da es dan unter¬
1413 3081 2419 3227 wegs auf der Rutreiß in einem wald
1423 3157 2394 3273 nicht weit von Sechingen im Fürsten¬
1409 3238 2382 3375 thums hochenzollern kinds niderkommen.
2288 3286 2373 3358 un
