3024 4032
133 1947 192 2024 R
128 2365 220 2468 D.
125 2528 178 2628 A
124 627 1239 755 E. Ob er nit hinab sollen gehn Basel
239 703 1058 799 und warumb er nit gangen
230 761 1240 896 Weilen er wohl gelußt, daß die ge¬
138 805 212 912 R.
232 846 1249 959 gebne Burtzen nüt nütze, wann er
239 909 1252 1015 gutte lourtzen gehabt, häte ersel¬
238 979 1267 1093 bige schon längsten geben und zwar
244 1045 1260 1172 solche viel Wollseiler, Als Mann ihme
240 1118 822 1236 darfür angebotten.
243 1234 1260 1320 Was er zu dem bericht sage, so mughe
174 1222 235 1314 C.
239 1298 1258 1397 wegen deß belonßten Vögelis über¬
238 1352 1246 1468 schriben werden, dann einmahl habe
240 1412 1251 1527 er in seiner vorigen verantloortung
238 1478 1272 1601 darüber die Wahrheit gar nicht ange¬
215 1579 1206 1678 zeigt mit ernstlichem ermahnen
216 1633 1224 1751 auff dißmahlen die Wahrheit her¬
231 1706 1264 1829 vorzugeben, bidrigen fahls mann
229 1794 1230 1900 zu Scharpfferen Mittlen schreitten
229 1873 428 1961 werde.
233 1888 1273 2036 er wuße hierüber gantz und gar nit
235 1996 1262 2083 anzuzeigen, könne auch mit anders
227 2063 1255 2171 gedencken, Als das ein anderer seyn
225 2141 1264 2243 Nahmen müße miß braucht haben
222 2209 1283 2327 dann dergleichen Vogel habe er sein¬
223 2277 1197 2379 mahl sein lebenlang nie gehabt.
240 2341 1254 2452 Ob er dann nit dem Rodolff Roht eine
219 2426 1272 2548 solche sach fur eine Allrannen Verkaufft
230 2509 1242 2632 Waß den Roht anlanget, so seye wahr
241 2584 1276 2716 daß er ihme eine breitewägerich wurtze,
224 2652 1270 2756 fur eine Allrannen Verkaufft, darfur
229 2705 1275 2829 er Ihme 30 b. geben, welcher er mit dem
220 2773 1245 2906 Jungen gsellen so den roht zu ihme
236 2820 1246 2959 gebracht getheilt, also daß ihme 15 l.
235 2915 973 3032 für seinen Antheil worden
242 2972 1224 3103 Ihngeacht darüber hin mehhlen die
245 3041 1294 3177 xaminatores disem Räber alles kräffti¬
235 3116 1277 3243 igen ernsts zugesprochen, so hat dennach
229 3167 1250 3316 derselbe ein mehreres als angezeigt,
225 3251 1234 3372 begangen zehaben nicht bekantlich
237 3335 664 3444 seyn wollen.
2267 605 2401 759 2
1659 675 2329 941 Zlrich Muller
1423 938 2428 1047 von röhtenbach seines alters ohn¬
1398 1015 2448 1142 gefehrd zwüschen 43 und 30 jahren.
1431 1150 2403 1255 Nach demme selbiger den 9. Januarii
1437 1214 2445 1326 letsthin durch mehhl die hermlicheren
1442 1280 2433 1371 mit zuthun mslohl. Groß weibel Mur¬
1430 1359 2458 1456 steinbergers Ernst wörtiglichen Exami¬
1448 1431 2422 1506 mirt worden, hat selbiger in seiner
1439 1472 2437 1579 ersten Vergicht folgende bekantnuß
1431 1541 1624 1645 gethan
1336 1622 2427 1748 EOb er nit vor etwelchen Jahren ein
1431 1703 2404 1813 Zuger halb Batzen stempffel gemacht,
1439 1775 2419 1876 und selbigem dem Caspar Bühler geben
1338 1862 1400 1974 R
1445 1858 2354 1980 Er wolle die Wahrheit anzeigen und
1438 1942 2422 2064 Jagen wie sich die sach zugetragen; Es
1438 2009 2435 2136 habe der Caspar Bühler vor ohngefahr
1433 2078 2436 2198 14. Jahren ihme ein Rohr zuschifften und
1439 2138 2422 2250 zu schneggen gebracht, derselbe habe
1426 2217 2447 2343 Ihn vmb einen halb Batzen Stempsel
1436 2290 2444 2393 ersucht, da habe er Ihme ein Zuger halb
1440 2348 2429 2458 batzen Stempfel gemacht und geben
1425 2433 2439 2545 Als aber der Buhler disen halb Batze
1421 2487 2440 2623 stempfel nicht brauchen können, habe
1433 2558 2433 2713 erselbigen sambt einem Kupferbluch
1441 2633 2429 2771 und etwelchen stucken ihme Müller
1441 2718 2461 2850 widergeben, welchen er daruff in deß
1436 2790 2438 2925 Inngolds gegen wahrt widerumb ver¬
1429 2858 2450 2989 schmidet, Nachwerts habe er dem Buhler
1448 2943 2429 3069 einen Lutzerner Batzen stemptel
1440 3028 2407 3138 gemacht, und darzu noch 30 l. in
1442 3096 2388 3190 gelt entlehnt, worfür der Bühler
1456 3166 2461 3286 ihme Muller eine Obligation von 90 t
1449 3236 2400 3355 auffgerichtet, welcher vber schuß An
2273 3327 2449 3454 Gelt etc.
