3024 4032
218 646 315 709 1155
383 614 1178 750 Barbara Schilts auß dem
422 718 1163 854 ischaugeuld tramen und vergicht
263 875 1136 981 Nlachdemen dieses von verschiedenere
346 936 1163 1036 maleficanten als dem Meergenthaler
333 1010 1163 1130 so zu signaulo hingerichtet worden, wie
343 1045 1221 1186 auch dem ein Verloichenen meyendrunden
340 1123 1245 1240 zu landtshuet mit dem Strongere exequir
349 1184 1186 1284 n diebon und haltsch menzer Hanns
337 1242 1222 1351 Linder sonst Güffer genont als compliee
335 1301 1199 1453 Iegegeben Barbli schilt, seines alters
318 1389 1186 1517 von 25 biß 26 jahrren dori verleichenen
343 1453 1133 1589 Meyen Jueigsthin nächst allhiesiger
348 1525 1189 1654 haubtstätt ergriffen und in gefängliche
332 1590 1241 1733 verhafftn gezogen, volglich auß oberkeit
343 1672 1210 1810 bffelch in allhiesiger gefangenschafft durch
341 1763 1163 1896 mihgheren rahtsherron Wyldenbach
361 1836 1187 1967 mit gethun ihr gnden dieneren
351 1906 1163 2029 herren großweibel im booffs und
360 1990 1170 2118 das grichtschreibers den 34. may 4.
373 2063 1185 2177 7 10 und noch letstlicher den 27. junii
364 2139 1172 2278 1720 also zu verschiedenen mahlon
353 2219 1207 2341 und zwar gnfonas allein ernstlortig,
365 2306 1218 2439 hernach aber auch feinlich mit einfacher
372 2387 1177 2525 oder lahrer Marter über befragte
347 2462 1196 2605 vielfaltige diebstähl, wie auch partici¬
364 2545 1247 2684 pation faltschen muezers eraminiert
346 2619 1220 2763 Als ist unfangs zwar werig, endlich aber
362 2708 1173 2840 Nachvolgende bekantnuß von ihme
371 2806 977 2920 gebracht und erhalten worden
307 2899 1205 3038 Namlichen vnd für das Erste seye es
366 2965 1215 3112 Dabi schilt dreymahl im Schallenberck
370 3064 1223 3207 allhier gsyn und mit abfeilung des
363 3148 1275 3285 Rings das erste und letste mahl obeßgerißen
959 3282 1180 3385 Das etc.
1435 2630 1492 2707 3
1475 629 2346 761 Das Erste Mahl sey, es zu Trachschwald ge¬
1494 721 2346 840 jänglichen eingezogen und wegen volgenden
1469 776 2310 893 Diebstählen so es begangen allhar ers
1502 845 2231 959 Schallenwerck gesandt worden
1398 928 2352 1089 D zu Wildigkoffen habe es er jupern
1506 1035 2320 1151 . Sch�rz l Hombder a Kulzli und
1499 1120 2131 1224 Ein par ererieh Endtwendt
1428 1217 2368 1327 2 Eines frgulden Hinder trub s lb vore
1490 1295 2367 1401 so sy ihme nach kröschenbrunner zutragen,
1490 1355 2348 1455 ueivereraulat behalten und smmb 34 bz
1496 1438 1751 1535 verkaufft.
1439 1525 2354 1664 3. Der Elßbeth Galß auß den toderen
1502 1607 2359 1735 Graben Ern paar Schne l Hombder ein
1493 1688 2354 1812 Jaar Strenff sosorn, 2 Nasorchermipen
1508 1757 2348 1884 20 hz oegelt und etwelche sandrlözli
1503 1849 1734 1937 setendt.
1440 1908 2358 2077 IDem Peter mlosiraren von Rneggerspach
1506 2019 2304 2144 zu welchem es für ein jahr lang abs
1496 2096 2319 2197 dienstmagdt geomgnt in den erston 37
1508 2164 2343 2261 vochon aber nachts hinloag geloffen und
1507 2223 2319 2343 diesem seinem dristr entwerdt u gut
1514 2289 2349 2405 Lchenes Wullhombd un rystige und ein
1504 2349 2354 2454 grobe Jürpen dnd sambd a Wrulden rock
1504 2405 2332 2554 Bonstkuch u Meßer d Halßtrich.
1499 2476 2052 2610 und bey 46 b anzalt
1521 2606 2356 2749 Bey Elßbeth Kilchhoffer von Trachset
1492 2694 2343 2812 Wald sich fältschlich frer die tochter auff
1479 2762 2370 2891 Der sieberen weyd außgeben und von
1494 2842 2404 2955 ihra ein  h paar Strumpff ab entlehnt
1494 2915 2354 3039 und behalten, welche Stontopff es der
1479 2987 2352 3112 kilchhofferen nachwehrts in der Kefi
1520 3064 1986 3178 wieder Restituiert
2097 3224 2292 3358 6. jus
2378 650 2444 752 139
