3024 4032
164 2415 256 2502 2.
166 2781 286 2914 15.
157 3114 281 3261 4
285 588 1249 740 aniel Schmidt von Arau
317 692 1207 810 Seines alters von 21 biß in 22 bjahren.
242 786 1276 948 Nach nemme dieser schmiedt o seines handtworen
311 889 1272 997 ein Metzger von hievorgemeltem Peter Hoofervin
305 963 1252 1071 ler begangenen veihz diebstählen bezüchtiget, und
305 1029 1270 1137 angeben worden, ist selbiger zu Uivis ergriffen und
318 1108 1263 1232 auff beschechenen oberkeitlichen befelch von herrn när
323 1186 1285 1306 ain zu viris gewahrsamblich alhar gesendt, und da
319 1253 1261 1373 rauff den 18 und 19. aprilio jungsthin durch
306 1333 1276 1453 sl Hrren zengherren von Bonstetten als oberkeitlig
310 1409 1291 1514 verordneten herren examinatoren mit zu thunbsh
305 1468 1259 1583 Anrh Dieneren Mswh großweibel im zooffr
328 1549 1274 1668 und grichtschreiberen Wyttenbachs so wohl quet¬
322 1630 1281 1743 als peinlich seiner begangenen diebstählen halben
327 1696 1286 1809 xaminiert und von ihme volgende bekandt¬
338 1781 772 1897 nuß erhalten worden.
186 1872 1294 2044 1. Daß Er vor Etlichen Jahren zu Remund fryburge
333 1970 1284 2070 gebiets wegen eines pfardts, so seinem vorgeben nach
333 2027 1283 2137 von einem anderen entwendt, Schme, aber nach
327 2096 1273 2224 Vivis zuführen übergeben worden, eingezogen,
427 2196 526 2254 ige
337 2165 1266 2333 persuniert Anhals eyen gestelt gezeichnet und
339 2303 759 2386 bannidiert worden.
296 2343 1289 2515 Habe er zu Rance im wührtshauß drey duplang
333 2441 1285 2579 ab dem tisch entwendt, selbige insein brodt gestelt
344 2509 1288 2641 und vortgetragen und als mann ihne im nac
335 2600 1288 2721 setzen erdapget selbige widerzugeben gezwungen
343 2712 511 2798 worden.
356 2755 1276 2885 vor ohngefehrt einem sjahr habe er am heiter
350 2810 1272 2950 tag allhier in der statt in Ulstr Caushers hauß
352 2895 1287 3028 ain zwibelen Gäßlin ein neüwes gicht thuhen
857 2979 1034 3085 Denie
361 2987 657 3096 manns Kleidt,
328 3068 1280 3228 Msten Anthoni Schär dem Wüllwäber ein stuck
353 3138 1282 3309 Wüllenes tuch auß seinem laden am Kaßman
1070 3233 1251 3365 Vnd 10
1303 2215 1347 2292 1
1313 651 1399 785 15
1345 1092 1406 1182 6
1338 1435 1407 1524 15
2272 619 2393 720 63.
1438 651 2409 775 Auß einem kramladen nächstt bym finsteren gaßlin
1450 736 2231 843 ein paquet wüllene strumpf entwendet.
1453 806 2421 913 Deßtwegen er in der oberkeitlichen gefangenschafft
1560 863 1621 905 Wi
1392 868 2421 962 Dalhier mit kinderzähnen gezüchtiget und widerledig
1446 920 2426 1031 gelaßen, die diebstahl aber wider reotituiert und giht
1437 982 1774 1094 gemacht worden.
1450 1070 2398 1195 dals nach seiner gefängklichen enthaltung hab, er
1441 1154 2390 1266 dem Rutten sauwren eine kuhe entführt, deßtwegen er
1447 1212 2431 1325 zu wangen widrumb eingezogen und die kuhe bhmo
1442 1281 1975 1395 wider abgenommen worden.
1456 1358 2374 1509 zu Klein aspolteren habe er mit zuthun zweyer.
1462 1462 2411 1567 Mäydtlenen einem banwren nächtlicher weil zwey
1450 1514 2417 1613 Schaaff auß dem stall genommen, selbige vor der
1441 1584 2404 1692 Statt miden Auß in einer Matten gemehget, und
1444 1649 2406 1769 das fleischin der statt verkauffen laßen, da er auß
1444 1719 2358 1836 dem einten 13 b und auß dem anderen 20:b
1443 1784 1577 1898 Erloßt.
1439 1884 2387 2020 Habe er zu Könitz des nachts auß einem Stall
1357 1895 1425 1985 10
1352 1956 1396 2019 8
1457 1974 2426 2085 zwey schaaff genommen, die er in einem hauß ohn
1453 2041 1945 2153 Weitholligen gemetzget.
2352 2148 2428 2211 drey
1356 2140 2427 2286 so Ihngefehrt vor dem neüwen jahr widrumb
1451 2220 2397 2302 Schaaff in einem dorff uenfür könitz nächtlicher
1448 2284 2437 2395 Weil auß einem stall entwendt, die er in der len¬
1442 2345 2419 2450 gen Gaßen gemetzget, darvon er auß dem einte
1441 2406 2355 2527 24 bzg und auß dem anderen 1 thr erlößt.
2044 2492 2346 2613 zwey Schaaff
1347 2491 1834 2618 10. habe Er zu Urthenen
2046 2577 2355 2681 ein Schaaff
1444 2570 1761 2694 zu Gegistorff.
1444 2655 1716 2767 zu Rufenacht
2051 2649 2361 2765 drey Schaaff
1305 2670 1436 2757 12
1454 2746 1789 2837 zu Oberlindach
2055 2728 2358 2842 drey Schaaff
1315 2740 1408 2828 13
1462 2796 1713 2909 u Seedork
2050 2813 2366 2923 zwey Schaaff
1437 2900 2427 3013 Denen banioren der ohrten des nachts auß dem
1460 2971 2099 3071 Stallen genommen und gemetzget
1315 3048 2379 3173 so habe er vor ohngefehrt einem jahr im Sulgenbach
1448 3122 2434 3240 auß des herren grichtschreibers stall einen großenflam
1457 3195 2411 3314 schen urfel gestohlen und sym herren vogel gemeh
1742 3267 1816 3326 llein
1453 3272 2371 3375 get, darvon er einen thull bekommen, das übrige
1471 3333 2067 3422 ber ihme nit zugestelt worden.
