3024 4032
1340 2943 1478 3024 4bey
1351 3012 1479 3087 18 jahre
2353 622 2414 707 167
1509 740 2437 881 Hannßi Gfeltes vorBump
2068 838 2124 904 2
1520 834 2426 962 eitz und Bt gachers von
1437 906 1842 1039 Haußdorff.
1669 1022 2265 1154 Criminal process
1475 1117 2428 1233 Wie selbiger den 31. Decembris 1720.
1469 1198 2426 1305 an der Treütz Gaßen verlesen worden.
1771 1322 2265 1439 und wohl guhern vl sam wers
1411 1376 2396 1506 Bedercklich ist die vermahnung
1489 1459 2459 1573 des Jerl Apostels petri, da Er vnß erin¬
1493 1527 2429 1642 ieret wie wir beständig auß unßerer
1466 1584 2451 1682 huet seyn, und den sundtlichen Gelusten
1468 1646 2459 1753 des verderbten fleisches widerstehen sollen
1474 1713 2408 1824 Wann Er sagdt Spist: Det. Cap: 5: v: 8.
1466 1762 2465 1875 Seydt nuchter und wachet dann Eü¬
1482 1841 2465 1937 wer widersacher der Teuffel gehet umb¬
1472 1897 2448 2006 här Wil ein BrühlenderLeuw, und
1484 1966 2446 2064 suchet welchen er Verschlirgen möge
1480 2029 2412 2135 dem widerstehet vest im Glauberi etc.
1480 2101 2468 2212 darauß zuschließen, wie listig und unver¬
1471 2168 2445 2274 Troßen dieser abgesagdte Menschenfindt
1474 2230 2447 2339 suche und trachte durch so viel und Mancher
1492 2285 2432 2393 ley weg, das so edle Ebenbild Gottes den
1477 2351 2455 2454 menschen zu verführen und in seine strick
1470 2403 2470 2513 zubringen. Insonderheit aber ist derselbe
1486 2455 2460 2574 bey diesen letsten zeithen sehr geschäfftig die
1481 2523 2460 2633 frache und unbesonnene Jugend durch Aller¬
1486 2585 2442 2682 ley Anläs in die aller abscheüwlichsten
1485 2637 2471 2741 Sundenlaster zustürtzen. Wie wir dam
1483 2691 2468 2793 deßen ein klaglich und betruebtes exemper
1487 2754 2453 2863 haben an gegenwehrtigen in oberkeitlichen
1480 2811 2449 2908 Banden Allhier vor augen stehenden zweyen
1483 2872 2430 2984 Elenden Buben namens Hannßi Gfeller
1936 2937 2034 2988 dif
1486 2935 2460 3050 von Bumplitz und Be Bucher von Kauf
1513 2995 2445 3099 orsf von 18 in 18 jahren alt. Welche auß
1486 3048 2460 3137 trieb des leidigen Seelenfindts von Abscheüw¬
1489 3106 2442 3202 licher Lust entbrandt der erschröcklichen
2305 3170 2409 3257 Jas
