3024 4032
188 2421 243 2545 2
169 2662 230 2726 R
183 1864 225 1961 2
183 2010 236 2097 3
186 3165 228 3261 3
197 2943 241 3053 2
333 566 1059 687 Hans Beorg Hoßer
347 645 1074 748 und Christen Sänzler
240 704 1270 837 den  decembr 1i11 hat mesen ratshn
251 779 1200 899 Ascharner Zūfolg Oberbeit. befelch gū
280 835 1248 934 vom 5. dito mit zuzeüchung ihr gn
267 894 1260 1005 dieneren monhren großweibel war
274 964 1240 1084 Tembergers und des Grichtschreibers
266 1025 1253 1127 die in der gefangenschafft enthalten
264 1075 1251 1207 zween gsellen Hanß Georg Hofer
273 1142 1243 1284 von Haßlin by Gurgdorff des so ge¬
275 1222 1268 1331 nanten rohtmezgers sohn und Christen
276 1295 1263 1401 Dänzler anßem Eggneil wegen einer
255 1356 1242 1462 dem Leüwenwirth zu Münsingen von
274 1417 1234 1535 der weyd entwendten Ruche und
277 1499 1247 1592 anderen berichteten diebstahlen mit
267 1546 1276 1655 vorhergangenem kräfftigen zusprechen
262 1625 1215 1747 ernstwörtiglich examinirt, und
241 1689 1218 1811 Erstlichen des Rohtmezgers Sohn be
258 1781 429 1865 fragt.
278 1806 1218 1931 wie Er heiße, was alters und von
259 1903 702 2006 kannen er seye
272 1959 1204 2091 er heiße Hanß Georg Hofer, seye
274 2025 1219 2152 ohngefehrd 21 jahr alt und zu Haßli
255 2090 1268 2234 by Burgdors daheim aber hinderdelp
267 2165 1206 2295 im lez genant, alda sein vatter der
260 2246 1223 2370 Rohtmezger Vor disem gewohnet, ge¬
263 2318 691 2443 bohren worden
263 2377 1209 2504 Ob seine Elteren noch bey leben, wie
256 2455 1254 2572 Sie heißen, und an welchem ort selbige
849 2548 895 2599 5
262 2536 849 2648 Haußhäblich geseßen
268 2606 1227 2732 der vatter heiste Michel Hofer und
259 2683 1245 2792 die muter Anna Mäder seyen noch
265 2747 1185 2859 beyde by Leben und habend eine
261 2810 1174 2936 Zeit daher zu deyßwyl gewohnet
289 2918 1235 3037 ob er sich nach allezeit by seinen elteren
271 2988 1235 3101 aufgehalten, oder wie Er sich ernehret
275 3058 1205 3166 und was seine begangenschafft esge¬
273 3128 1208 3250 seine elteren habend ihne auferzogen
276 3185 1246 3313 biß er 17 jahr alt gsin, da habe er zu hen
268 3253 1214 3382 haubtman von Goumocrs in Holländischen
270 3318 1203 3436 diensten alß ein knecht für 3 jahr lang
263 3394 1187 3496 gedinget, der ihme aber nit gehalten
1110 3417 1262 3502 sondern
1463 1143 1530 1255 2
1523 532 2418 661 sonderen ihne zum soldaten gemacht
1542 605 2444 716 und Nachdeme er by Vierthalb Jahren
1539 660 2442 768 get und seinen abscheid nitbe
1535 725 2413 831 kommen mögen, seye er ohnerbscheid
1526 789 2394 890 davon gangen und vor ohngesehrd
1542 847 2389 938 einem jahr widrummd kand zu
1535 919 2411 1010 seinem vatter kommen, seithero habe
1530 979 2370 1092 Er demselben geholsen mezgen
1538 1057 1873 1161 und werchen
1547 1133 2415 1253 ob sein vatter ihne das Mezger hand
1532 1211 2425 1317 wert gelehreet und auch nütgeführt
1517 1269 2388 1393 wan Er allwegen seye kommen gahn
1521 1356 1948 1468 seich Laußen.
1526 1427 2445 1562 Da Er habe ihne das handwerk gelehrt,
1426 1476 1494 1584 2
1546 1524 2381 1627 und offt mit ihme geführt gahn
1465 1593 1940 1723 Reich Kausen¬
1546 1693 2423 1819 Ob Er ihne auch glehrt stehlen und der
1430 1712 1508 1824 2
1497 1779 2205 1884 Leüten Veichentwenden
1511 1844 2433 1972 Nein sein Vatter habe ihne solches nit
1437 1869 1490 1952 2
1521 1936 2410 2035 gelehrt, sonder der böse genst habe
1531 1988 2459 2090 hins in sine geben, allein ins kunf¬
1515 2042 2469 2172 tig wolle Er sich gebührlich und wesenlich
1528 2158 1842 2244 enstellen.
1537 2193 2453 2310 Wann und zu welcher zeit erange
1410 2178 1523 2325 2.
1535 2296 1953 2393 fangen stahlen.
1527 2319 2424 2492 alß er wider heimkommen habe
1399 2386 1480 2468 d
1509 2416 2437 2554 er sich anfangs ehrlich verhalten
1520 2482 2420 2598 und dem vatter gholffen mezgen
1499 2541 2415 2659 da nun der Vatter offtmahlen fleich
1513 2592 2448 2751 zum Neuwhaus getragen, und das
1503 2679 2410 2816 gelt mit dem mezger daselbsten
1522 2754 2458 2902 vertrincken, habe es ihn verdrasten
1509 2829 2432 2968 derowegen alß selbiger Mezger
1519 2908 2461 3026 einen Stier geschlachtet, Seye Er nachts
1507 2979 2457 3138 hinab gangen, und eine spahlen samt
1500 3051 2425 3201 derhant und etwas Nieren feiste
1497 3130 2470 3270 (: so zusamen 53 lb gewogen) auß dem
1498 3189 2446 3373 Stier gehauwen solches heimgetragen
1514 3280 2439 3430 und in einer bunder ins derch ver
1508 3342 2401 3501 stelt, Es seÿend aber morgends die
2289 3407 2427 3472 keüt
2436 869 2479 948 6
