3024 4032
245 601 1263 780 habe sich vor vngefahr drithalb jahren
251 714 1224 806 zugetragen, Nach deme aber der
260 785 1216 876 Langenegger verromen, daß Mann
248 843 1237 947 ihme ein Hauß nicht durchsucht seÿe
263 912 1256 1019 er iderkommen, und bey ihme Inngold
264 974 1256 1097 angehalten, Er solle ihme Andere Präg
262 1050 1249 1164 machen, darauff er dem Langenegger
252 1110 1249 1234 die drey frag in dem Bleyzug gestochen
242 1178 1261 1310 namlich ein Zürich schilling ein zwey
239 1252 1245 1373 Schilling und ein Plappert Präg, und
242 1323 1252 1433 dargegen den drey Crutzler stempfel
236 1401 886 1508 Ihme wider verschmidet
118 1486 1202 1610 A. Was der LangenEgger Ihme geben
254 1568 998 1691 daß Er diese Prag gestochen.
238 1640 1225 1784 Er habe Ihme zwar 15. B. dar für ver¬
239 1727 1233 1859 sprochen, Aber nichts anders geben
146 1791 191 1869 4
253 1801 1246 1918 als dise irev: Strumpff so er anhabe
254 1890 1244 1989 und dann seinem weib einen Thaler
232 1965 1197 2055 daß die alle zeit solle ain Mann seyn
244 2028 885 2117 das er dise Prag mache
254 2096 1251 2214 Ob er nit noch anders gelt mehr Alß
141 2086 208 2208 2
250 2182 931 2296 mir Kreutzer gemacht.
251 2262 745 2378 Nein gar nichti.
130 2254 218 2363 .
309 2356 1251 2459 das seÿe nit die Warheit, Mann habe
97 2386 259 2478 Ropliirt
251 2425 1249 2546 Ja auch schilling hinder ihm gefunden.
255 2525 1227 2651 Es seyen mir die Probierstuck, so der
259 2590 1249 2707 Langenegger in seiner Werckstatt ge¬
243 2667 879 2772 macht und da gelaßen
244 2743 1261 2870 Ob Er niemahl kein gelt hinweg geschickt:
136 2746 233 2843 .
250 2848 1258 2963 Nein Aberer louße daß der Scheidegger
142 2874 205 2965 R.
256 2917 1266 3030 auff die 40 k. muntz loeggeben, und habe
250 2980 1237 3079 selbiger zweÿ Alpp Keße gekaufft und
259 3056 1254 3162 verwerchet; Auch habe Er von den
261 3123 1167 3246 Scheidegger vernomen, der Peter
254 3187 1266 3304 Buttler habe gesagt, die Buchsen schmid
249 3264 1250 3369 seyen immen Gauchen, daß die frag
244 3310 1244 3458 stechen, Er habe mehr gelt gesehen, als
1089 3380 1261 3485 sie .
2266 582 2388 699 38.
1439 621 2419 762 die allesamen und habe der Buttler
1423 720 2426 849 dem Scheidegger gestanden, daß sie viel
1422 784 1735 904 vertragen.
1337 873 2423 1025 E. Wie lang es seye, daß der Scheidegger sich
1437 958 1876 1067 hinweg gemacht.
1439 1045 2430 1163 Er seye erst damahlen hinleg gangen
1321 1056 1412 1158 R.
1429 1116 2394 1231 Als Mann Ihne Jungold gefänglich ein
1442 1189 2427 1306 gezogen, der Langenegger Aber habe sich
1425 1259 2374 1372 Schon vor einem Jahr hinweg gemacht.
1337 1347 2208 1500 Wo der schue thöni hinkommen.
1439 1471 2338 1580 Er Couße nit woer sich hinbegeben.
1339 1475 1387 1568 d
1456 1545 2409 1702 Ob er nichts von einem Herren von
1334 1603 1422 1686 R.
1451 1650 1786 1760 Basel Toüße.
1444 1703 2422 1848 Er lauße nichts von Ihme, Außert daß
1438 1801 2415 1909 er ihne gesehen zwey mahl im Schangnauw
1431 1868 1776 1978 Dūrchreitten
1469 1958 2415 2065 Ob er nit lauße woo sich ein gewußer
1332 1953 1446 2060 A.
1457 2032 1881 2128 Vogeli auffhalte.
1457 2093 2437 2207 Er habe gehort das er schon vor 4 Jahren
1327 2105 1395 2213 B
1455 2159 2323 2274 solle ins niderland gangen seyn
1407 2239 2445 2369 Sndtlichen hat diser Jungold mit großen
1451 2334 2433 2445 Bereuwung seines fehlers sehr damütig
1438 2395 2448 2511 Eine hochtweise gnädige Oberkeit vmb
1408 2465 2445 2579 verzeichung und in betrachtung seiner
1441 2536 2440 2650 großen Armut und unerzognen drey
1439 2600 2413 2710 Kinderen darvon noch eins das Tag¬
1451 2675 2450 2784 liecht nicht gesehen, vmb ein gnädige
1396 2743 1899 2851 Vrtheil gebetten.
