3024 4032
151 2819 204 2913 B
154 555 1273 666 R. es seye ein auch grad da gsin, darunn habe se
232 618 1168 701 die Sättel, Fistolen, und Bottines gethan,
228 677 1135 782 und mit riemen zusammen gebunden
243 746 1227 845 ob er nit dise sachen in des küpfers matten
170 768 199 873 2
243 808 1251 914 getragen, oder wo er darmit hingange.
239 880 1209 998 kein er habe sie nit in des Kupfersmatten
164 891 209 996 2
232 961 1214 1064 getragen, sonderen seye darmit grad auf
228 1041 699 1130 Kappelen zugangen.
148 1082 1171 1196 wo er von Kappelen weiters hingangen.
231 1165 1200 1267 Weilen ermued gsin, habe er zu kappelen
151 1181 215 1275 A
237 1228 1264 1327 einem Mann 4 b. geben, der ihme die Burde
226 1298 1213 1410 biß über die gummenen drugg getragen.
247 1377 1273 1490 Ob er nit im wirtshauß zu Gummenen gezehrt,
138 1375 210 1503 E
237 1456 1206 1552 nd wie viel Er fur die Urte daselbsten
221 1522 409 1610 bezahlt.
229 1563 1291 1688 Ja er habe eine Suppen, einen bizen brodt vnd
152 1590 196 1696 2
236 1651 1249 1750 ein halb maß keingehabt, wüße aber nit,
229 1704 1215 1819 wie viel die arte gewesen und was er darfür
224 1788 493 1873 bezahlt habe.
246 1839 1266 1949 Weilener zuvorgesagt, daß er auß dem Kittel
101 1838 220 1958 Caplis
226 1918 1244 2020 9 bz gelößst, darvon zu Mingingen 3 b umb
219 1967 1229 2052 erodt und 4 b dem mann geben, so ihme die
209 2021 1250 2124 Burde getragen, so werde er Ja wohl wußen
214 2097 1220 2190 das er für die arte bezahlt, wann er nir
228 2169 616 2262 noch 2 b. gehabt
226 2199 1240 2292 Nein, er unße es einmahl gag nit, dan es ihm
164 2245 193 2340 d
224 2264 1264 2380 schon solte das leben kosten, so könne ers nit sagen
210 2329 1218 2452 ohngeacht nun michhl examinator hierüber zum
220 2396 1253 2489 öffteren an ihne gesezt, auch mit bedrautung der
222 2427 1260 2554 Marter solches zuwüßen begehrt, ist er dennach
225 2499 1228 2588 steiff auch nachwerts an der magter selbsten
219 2553 1286 2659 darauff beharret, daß er ganz und gar nit wüßte
223 2612 1267 2733 wie viel er für die arte zu gumenen bezahlt habe.
207 2694 1239 2798 Solchemnach wurde er ferners befragt, wo er mit der
210 2751 1196 2842 diebswurde von gumenen weiters hingangen
217 2792 1270 2913 Er habe selbige auf murten zugetragen, und alß er
210 2849 1246 2969 daselbst hinkommen seye von ohngefehrdem Kerl mit
214 2897 1284 3007 dem postwagen alda auch angelanget, welchem ereie
217 2940 1291 3050 niche haußer zu Mürten gezeigt, der habe ihme dar
225 3026 1045 3114 für bym adler das nachteßen bezahlt
216 3052 1272 3182 Ob er nit unterwegs von gümmenen nach murten sich für einen
216 3153 809 3245 Schloßer gesellen außgeben
210 3179 1117 3307 Da er habe gesagt, er seye ein schloßer Schmid
153 3274 1020 3356 2. Wo er von murtenweiters hinkommen.
219 3289 1287 3401 Er seye in einem schiff darinnen die wirtin außem raht
142 3348 188 3432 2
225 3366 1267 3474 auß zu Beünwenburg einches gewachs nach neüwen
215 3424 996 3525 burg geführt, über den see gefahren
1391 2269 1435 2359 2.
1378 2359 1423 2435 2
1381 1994 1434 2077 2
1453 564 2295 641 Nie viel er für schwlohn bezahlen müßen.
2363 583 2437 645 12
1346 590 1452 668 E.
1366 605 2468 730 R. Er habe nichts bezahlt, dann die schißfleüt haben ihm
1444 669 2469 766 geheißen anstatt des lohns zurüderen, über den
1432 721 2473 827 ersten see nun habe er gerüderet, aber über den
1439 771 2426 852 anderen see habe er wegen den starkenwellen
1447 821 2460 905 nit mehrenderen wollen, auch habe die ungestüm
1426 870 2482 972 des Sees verhinderet, daß Sie nit nach Neüwenburg
1440 923 2459 1039 kommen können, sonderen bym neüwenhauß leüten
1446 1010 1612 1074 müßen.
1458 987 2462 1134 verdorten im neüwenburger gebiet für ihne
1451 1106 1622 1182 bezahlt.
1452 1087 2442 1213 der Kerli so mit dem Postwag zu Murten ankommen
1468 1165 2452 1285 eye mit ihme über den see gefahren und habe
1452 1222 2456 1317 für ihn bezahlt, dann Er habe demselben kerl ge¬
1439 1276 2439 1393 sagt, daß er gewüße sachen zu Neüwenbueg zu
1436 1332 2434 1452 vertauffen habe, und wann erselbige werde
1434 1396 2450 1516 verkaufft haben, so wolle sy ihme das gelt wider
1436 1502 1591 1569 geben.
1431 1511 2472 1641 Er habe hiebevor alß er gefragt worden, wer ihme by
1422 1607 2428 1700 heraußbrechung auß der gefangenschafft
1439 1651 2493 1773 behülfflich gewesen, gesagt, daß ihme niemand dazu
1437 1708 2485 1828 geholffen. Nun werde bericht gegeben, daß er unter
1431 1777 2478 1873 wegs den Profosen bekennt, daß ihme jemands ein
1434 1824 2463 1944 Scheitt gegeben, darmit er dzs gutter anfragen könne,
1440 1896 2480 2007 Soll also anzeig und bekennen der ihme das scheitt zubracht
1437 1961 2460 2080 Er habe der rahtmezger ihme ein großes scheitt oder
1446 2029 2479 2128 spelten von dem holz, damit man dem Täüsfermann
1441 2084 2472 2187 geheizt, durch das eßloch hinein gestoßen und der täüfter
1432 2161 2490 2237 habe ihm noch 2steinen darzu geben, allein Er habe damit
1456 2223 2454 2310 nit schaffen können und hab ihm solches mit genüzt
1442 2266 2488 2372 ob dann der nahtmezger und täüffer zu ihme kommen könne.
1438 2343 2421 2448 Sie haben nur können zum Eßenlach kommen, aber
1447 2409 1828 2489 nit hinein zu ihme
1416 2435 2408 2555 Distmnach ist er dänzler mit der lähren und einfachen
1450 2526 1860 2619 Marter gefekt worden.
1429 2574 2490 2702 Nachdemme diesers examen ihr genn vorgetran
1439 2659 2490 2758 gen worden, habend selbige erkennt, daß er dantz
1437 2712 2491 2809 ler durch den scharpfrichter außgeschmeitzt volge
1441 2760 2451 2853 lich mit kettenen an händen und füßen ins
1434 2819 2466 2916 Schallenwerck eingeschmidet allda zur arbeit
1450 2879 2463 2984 angetrieben und vor dem außlauß zechere
1428 2936 2420 3049 Jahren umb keine gnad noch looslaßung
1449 2984 2497 3092 angehalten werden solle Actum 2d. janl.
1437 3058 2070 3174 17 12: Caeg. Todem Dic
