3024 4032
131 2351 204 2443 E.
135 2565 201 2667 R.
150 2841 232 2951 2.
147 3013 212 3104 R.
119 3162 221 3263 Rp
128 3302 183 3381 R.
239 629 1255 777 Im herben Kunter mit seinem Weib
242 726 1195 820 und 5 kleinen Kinden in großem
245 795 1237 880 hunger und Mangel sich befunden, da
245 856 1252 954 komme eines Abendts ein hubscher Jun
246 918 1251 1021 ger gesell zu ihme ins hauß und sagte
245 974 1246 1088 Er solte einem gewißen Rudolff Roht
245 1030 1254 1156 von Großen Affolteren eine Allraūne
213 1100 1242 1236 Verkaufften, welchem Er Räber geant¬
231 1178 1202 1290 wortet, Er lauße und habe keine All¬
233 1269 1239 1341 raunen, worauff der Junge Gesell ge
232 1325 1197 1416 sagt, Er solle dem Roht mir etwann
242 1385 1273 1484 eine Wurtzen geben, so wolland ii her¬
238 1467 1232 1560 nach das gelt so er von dem Roht dar¬
226 1537 1266 1615 fur bekomen werde, mit ein anderen
229 1612 1254 1709 theilen, daruff habe er dem Raht eine
233 1691 1237 1785 breitte Wägerich Courtzen anstatt
242 1754 1257 1857 einer Allrannen geben und dar¬
242 1806 1258 1925 für 30 l. von ihme empfangen, und
245 1909 1246 1972 selbige mit dem Jungen gesellen ge¬
233 1960 1272 2079 Stheilt, Nachwerts habe in der Reht an¬
238 2045 1266 2152 geklagt, daß er mie ein fullin ver¬
240 2111 1261 2221 kaufft, so aber nit wahr, sonder wie al¬
232 2175 1240 2284 lererst angezeigt, habe er Ihme fur die
242 2252 1137 2348 30 l. eine Allrannen geben sollen
241 2355 1243 2460 Ob Mann ihme Räber nit auch einiche
249 2411 1242 2522 leüth wegen Allraunen zugewiesen,
238 2474 1117 2594 und zwar außere und frömbde,
250 2537 1243 2677 Es seÿend nit viel Leuth deßtwegen zu
244 2632 1289 2729 ihme kommen, und wauße er von keinem
243 2689 1266 2803 frombden nüt, dergleichen etwas von
242 2764 603 2867 ihme begehrt
255 2825 1237 2951 ob nit jemands under dem Namen
237 2887 1230 3015 Medicin Allraunen von Ihm begehrt.
238 2972 1278 3098 Mein er louße Niemand der solches unde
238 3076 829 3177 disem Nahmen begehrt
249 3121 1271 3260 Mann habe Ja seiner frauwen gelt, dar¬
252 3222 559 3306 auff geben.
243 3267 1273 3390 As seye wahr, daß einer zu ihme kommen
244 3326 1281 3463 der Ihne vmb ein Springlaurtzen ersuch,
1112 3403 1282 3498 und
1349 820 1381 892 f
1318 882 1414 985 25
1316 1036 1387 1155 R.
2285 597 2423 700 32
1376 655 2427 775 vnd deßloegen seinem Weib gelt geben
1411 751 2418 812 wollen, Allein er habe seinem loeib ge¬
1404 786 2439 896 deutet, daß es kein gelt abnemmen solle
1430 844 2390 987 Waß dann für einer zu ihme kommen
1425 940 1876 1046 und bie er heiße.
1422 980 2460 1139 Es seye ein Bahler Nahmens Haußmann
1405 1084 2440 1188 Er wolle aber anzeigen, wie sich die
1411 1158 1784 1263 Sach verlossen
1382 1179 2434 1336 Anfangs seye in gelaußer Andreß zim¬
1405 1306 2448 1384 mermann sambt einem Bätlermann
1392 1343 2440 1476 zu ihmme kommen und ihne gefragt, ob
1399 1417 2453 1524 Er nit einem gelußen Herren konte
1385 1485 2370 1602 zu einer Springwurtzen verhelffen,
1389 1549 2452 1670 worauff Er gesagt, Ja er habe eine da¬
1407 1616 2457 1719 rauff der Andres nach Basel geschrieben
1395 1689 2397 1813 da seye zu erst deß Herr Hausmanns
1408 1780 2421 1843 Sohn von Rasel in die Suderen kommen
1398 1833 2415 1924 und habe Ihne Räber daselbsthin ins
1383 1891 2454 1978 Wihrtshaūß beschickt, vnd vmb die Mūr¬
1402 1964 2454 2052 itzen gefragt, da habe Er Ihme schluchen
1405 2034 2427 2119 bourtzen geben, damahlen unnd habe
1404 2099 2419 2194 der Junge Bahler seinem weib eine
1389 2158 2362 2251 Buplonen geben wollen, Er Bäber
1397 2241 2452 2317 Aber habe seinem Weib gewehrt, solche
1399 2284 2446 2380 von dem Raßler nit zunemen, Nach
1403 2342 2401 2459 deme sie nun die gegebne Wurtzen
1387 2420 2422 2530 zu vasel probiert und selbige nit auff
1393 2486 2458 2585 gethan, habend sie Ihme solches geschrieben
1402 2566 2409 2654 Bald hernach seye der Vatter komen
1402 2631 2343 2719 und bey ihme räber übernacht gen
1406 2687 2404 2788 und habe mächtig angehalten, Ihme
1413 2747 2455 2844 eine Springlourtzen zuverschaffen, habe
1401 2816 2416 2896 ihme aber keine geben können: Nun
1395 2869 2435 2983 dise leüth habe Er sein Lebtag zuvor nie
1396 2947 1919 3045 gesehen, noch gekent
1315 3038 1395 3112 E.
1425 3036 2451 3129 Ob mann ihme nit angehalten, daß er
1396 3093 2428 3206 selbsten nach Basel kommen solle die Wur¬
1401 3163 1863 3273 zen zu probieren
1326 3261 2446 3378 E. Ja es seye wahr, Mann habe ihme vielmahl
2306 3354 2435 3444 ange¬
