3024 4032
209 2436 259 2502 2
199 508 295 599 117
225 2724 274 2798 3
200 3168 265 3245 5
335 621 1269 801 der andere von dieen beyden
378 735 1252 859 Ubelthateren Gilgian Eschanbe von
380 804 908 915 eschingel dan.
318 927 1313 1092 Hab sich gleichfahls verschiedener Nahnhafften
356 1036 1288 1146 diebstählen theilhafft gemacht ist auch von
359 1099 1315 1220 dem im verloichenen jahr zu Brandis mit dem
386 1165 1284 1283 trong hingerichteten matthyß Stoeffer
377 1230 1305 1353 als ein diebs gespohn angeben und darouff
377 1305 1309 1424 im Apfeller jungsthen drunder zu Buchegen
369 1366 1324 1489 gefäncklich erngezogen, vor dem underrichte
374 1435 1315 1557 zu Atigen malepitz erkonnt und volgendes
378 1495 1297 1615 durch den Freyweibel von Hendelborick zu
377 1561 1302 1681 oberkeitlichen bonden und gefongenschafft
367 1635 1308 1765 gelahrsamlich allhar gebracht und der begang
363 1702 1309 1835 gener Einbruchen und diebstählen halben
379 1770 1319 1893 erist wohrtig und mit betreüwung der Marter
362 1845 1296 1972 examiniert worden, welcher dorüberhie
362 1917 1306 2039 erren grez ungezloungene und freymüchtigen
366 1980 1028 2097 bekonntnuß dahin gethan.
371 2082 1299 2223 erstlichen, daß er vor ohngefehrdet 2e jahren
350 2185 1268 2280 zu wlach in der frauw obristin May Haus
362 2245 1302 2345 allda er übernachtet auß einem bëffet eine
366 2305 1116 2414 summa gelts bey 6t s geommen
338 2406 1290 2539 Ist er mit hulff des hingerichteten natthy
338 2488 1302 2586 Starffers dem bendicht Bachmann zu Hilterfingen
329 2548 1284 2649 tags in sein haus gestigen und auß einem trog
353 2608 882 2718 6 b an gelt genommen.
338 2689 1256 2817 hat er von einem diebstahl so auff dem
354 2773 1176 2887 iebefeldt geschehen 3 s bekommen.
331 2871 1304 3021 hat er und geelter stauffer einem bouren
343 2961 1269 3087 zu Alzendorff d51 8 entwerdt dar von
366 3038 1020 3152 ie für sein theil 7 ß bekommen.
337 3117 1314 3278 vor ohngefehrdt weyen jahren zweschen sigwid
1144 3164 1309 3284 1l
320 3226 1128 3340 und hochstetten hat es einem bauren
321 3282 1033 3401 au� einem trog genommen.
1163 3344 1219 3428 6
1370 1848 1439 1961 9
1353 2064 1446 2152 10
1361 2225 1434 2321 1
1366 2451 1429 2522 12.
1360 2612 1448 2746 13.
1386 1495 1413 1563 8
1388 723 1445 838 6
1392 1042 1434 1138 7.
2372 631 2454 727 118
1486 714 2429 885 zu Weysimmen ist es tags in ein kous gestigen
1519 805 2402 943 zustählen jedoch darob ergriffen, gefönglich
1520 877 2425 1011 ins schloß geführt, aber guß der gefangenschafft
1515 940 1744 1045 gebrochen.
1493 1023 2432 1179 it Helßf des stauffers dem herrren predicantun
1520 1120 2413 1223 zu Eggilwyll an einem sontag, während der
1502 1184 2443 1293 predigt ins darb gestigen ein beiffet auffgeen
1516 1250 2457 1347 gsprengt ein lrog geoffnet und auß demselben
1529 1307 2420 1434 bie seckel mit silberdorten von ohngefehrdt
1524 1372 2090 1483 40 jhrl mehrts genommen.
1496 1452 2428 1591 Hat er sich zu Ballenbuhl als auff dem oobs
1515 1547 2388 1651 daselbsten nachts eingebrochen worden.
1517 1613 2392 1719 darbey befunden schiltwacht gestanden
1516 1674 2413 1783 den diebstahl geholffen zinwegtragen und
1523 1738 2437 1857 für einen thre jahrung darvon gonoßen
1512 1834 2444 1961 hat er seiner eigenen dosen im suchholter
1509 1919 2434 2036 bergn abs selbige auff der Malzen gewerchet
1532 1974 1763 2055 4 h und
1509 2053 2445 2163 sit weit von Eggiwyll in einem daus auß
1516 2132 2439 2226 einem buffet widrumb anthelt 5 s gestohlen
1494 2201 2425 2325 von einem diebstahl welchen des stauffer
1505 2295 2403 2407 zu Urthenen gethan, hat er eschorch als sein
1494 2348 2193 2465 diebsgespahn 2 thrl bekommen.
1476 2426 2405 2568 zu lynigen ist er in eine stube gangen
1472 2520 2367 2629 und auß einem Hosensack 2 thrln genommen
1500 2630 2397 2749 Ist er abermahlen schiltwachst gestanden
1507 2704 2406 2813 als der Ulli Sauser sein diebs gespohn zu
1511 2768 2425 2868 oberhoffen in ein herbstHorrs gebrochen
1512 2824 2368 2935 silber gschier, jinnig gschier und viel
1505 2878 2421 2990 andere haußrahtliche sachen gestohlen darvon
1505 2953 2440 3071 er maleficant ein halbmräßige kandten
1502 3024 2409 3136 ein Krenßelin und noch 20bz wehrts
1497 3090 2184 3192 frer seinen orttheil bekommen.
2222 3159 2388 3292 und
