3024 4032
303 624 1242 740 Ullrich Müller dann, hat vor
267 711 1261 833 ohngefahrt 14 oder 13. Jahren Einen
257 767 1252 888 Zuger halb vatzen stempfel Gemacht
270 836 1260 948 und selbigen dem Caspar Buchler einen
254 903 1237 1025 damahls 17 jährigen jungen kerli
263 965 1253 1080 gegeben, Als Aber der Auhler disen
254 1022 1239 1129 halb batzen stempffel nit brauchen
258 1087 477 1156 können.
622 1082 1259 1206 und selbigen dem müller
254 1137 679 1240 wider zugestelt.
688 1153 1226 1245 hat er Müller
257 1206 1239 1302 diesem Büchler einen anderen und
242 1269 1250 1398 zwar einen Liuerner Batzen steme.
236 1337 1238 1450 fel vorfertiget, solchen nach Chun
239 1411 1260 1528 getragen, und Ihme daselbst einge¬
233 1474 1238 1588 händiget, darzu auch demselben
239 1545 1235 1665 130 u in gelt entlehnt; Dargegen
233 1612 1262 1740 Aber von dem Buchler eine Obligat¬
226 1676 1262 1809 ion von 90 . empfangen, welcher
238 1759 1213 1866 vberschuß an Geldt sein Müllers
235 1829 1236 1950 Lohn fur die gemachten stempfel
251 1894 599 2024 seyn sollen,
247 1963 1243 2092 denne hat er Müller den Buchler
242 2055 1281 2176 bey vbergebung deß Letsten stemptes
236 2127 1263 2246 auch angewiesen, daß er großehalb
247 2194 1268 2290 bazen aufflechslen und zu gan¬
249 2269 1020 2376 zen Batzen schlagen solle
191 2333 1249 2468 Drittens hat Er Müller aūch dem
228 2414 1230 2532 jo genanten Stieffelmacher Hans
234 2480 1267 2595 Leemann einen Meener Batzen
243 2542 1260 2691 stempfel Gemacht jedach den eiten
233 2625 1277 2773 theil deßselben nit vollkommen auß¬
244 2699 1035 2838 gestochen und verfertiget
245 2791 1257 2919 Viertens ist dieser Müller auch
261 2866 1261 2977 bekant worden, daß Er und vor¬
226 2916 1263 3066 gedachter Stieffelmacher Hauß Lee¬
238 2984 1279 3113 mann vor is oder 12 jahren auch
235 3053 1281 3179 vnderstanden faltsches Geldt zu machen
239 3126 1243 3233 und zu dem end in einem wald im
237 3170 1273 3335 Schuppach Graben Ertz kupfer Mösch
230 3266 1260 3380 und zum under einander in einem
236 3286 1287 3449 tiegel geschmeltz und 6 halb Guld
1037 3373 1292 3489 gegoßen
2020 596 2188 690 Wurst
2247 582 2361 679 34
1396 640 2373 759 gegoßen, die Aber so feicht daß
1409 725 2417 825 gesehen, daß sie selbige wider geschmeltz¬
1382 833 2439 959 und nachdeme nun vnsere Allereits¬
1401 915 2424 1040 gnädige Herren und Oberen räht
1997 990 2328 1094 Ingald und
1417 986 1829 1090 und Burger ihr
1418 1062 2399 1156 Müllers 10 thane bekantnußen und
1415 1114 2412 1234 Vergichten mit allen Ihren Vmb
1418 1187 2424 1298 standen angehört, und darauß ver¬
1415 1274 2396 1359 nomen, daß diesere Arme Ge¬
1411 1333 2412 1450 pfangene Malificanten sich in so
1418 1403 2424 1494 weit vergeßen, daß sie nicht Allein
1408 1458 2439 1577 deßfaltschen müntzens sich theilhaft
1430 1543 2427 1647 tig gemacht, sonderen auch mit
1409 1615 2437 1730 stechen und verfertigung derstemp
1411 1692 2428 1802 fel und frägen noch anderen faltch
1430 1779 2364 1879 Munzeren darzu behulfflich ge¬
1433 1849 2382 1948 lesen und an die hand gangen
1414 1911 2434 2042 Vnd solchem nach in reiffe betracht¬
1427 2000 2401 2119 ung gezogen, Eynerseits wie mid
1435 2076 2432 2201 welcher gestalten durch der Gleichen
1429 2153 2434 2262 faltsches müntzen allerhandel kauff
1439 2235 2398 2313 und lauff in dero von gott dem
2136 2304 2217 2364 hne
1429 2309 2434 2423 allerhöchsten Regenten ihn anver¬
1421 2384 2438 2491 frauwoten Landen, gehemmet und vor¬
1432 2470 2341 2569 stöhrt werde, Ander seiths dann
1438 2533 2419 2656 daß zu wider hurstellung hierdurch
1422 2609 2419 2722 gekränckten algemeinen Handels
1421 2688 2419 2812 kauff und lauffs solche mißethat
1433 2764 2434 2870 nach erhönschender Nohtdurfft Abzu¬
1424 2844 2412 2945 straffen, sie vom tragenden hach
1429 2912 2436 3035 oberkeitlichen Ambtswegen darzu
1412 2981 2399 3101 höchst vorpflichtet seyen; habend
1427 3063 2358 3179 darauff hin hochgedachte unsere
1439 3136 2359 3238 allerseiths gnädige Herren und
1432 3201 2428 3320 oberen räht und Burger bey ihren
2219 3304 2428 3423 byden etc.
