3024 4032
216 607 1252 779 Jacob Schikh, Auch ein steinhauwperzaugete der fluß hab dem
195 720 1263 840 Habols verWißen, daß er ihmme ein maß wein bezahlt und anbey
174 774 1261 909 den habold angeklagt, daß er ihmen fluß einen schalmen geheißen
166 866 1267 1000 Darauff der Habold geantwortet, Nein ersage, Wann einanderen
168 935 1266 1057 redto, daß er ihm ein maß wein bezahlt, so wolte ersagen, erse
183 1010 1252 1128 10 Gewiß ein Schelm, solchem nach spreche der pluß, wann er Wolle
166 1079 1261 1200 so könte er denn Habold in Großes unglück bringen, der Habol
178 1171 1255 1287 aber sagte, er solle nur schweigen, In demme nun er gezeug sich ein
178 1233 1271 1361 wennig umbgawenden, seye der Habold den Keller simmter getroflet,
163 1317 1264 1445 und bey einer guten Vierthel stund da gelegen, ehe daß jemand samd
170 1395 1262 1497 An shne gelegt war ihn aber hinab gestoßen, habt er gezeug nit
176 1470 317 1568 schehen
456 1478 846 1624 by g Jahan alters
160 1547 1276 1691 Barbel Welse sagte, daß alls sie in die underweisung bey dem
169 1631 1246 1740 Keller vorbey gehen wollen seye der Habold und noch einer bey
163 1701 1273 1819 ihm, den ie nit gekant zu Obris auff der keller stegen gestanden
164 1775 1268 1894 und mit einanderen Diopictielt, dasage der ander zu dem Habold
155 1857 1282 1975 er habe ihm ein maßesein bezahlt, der Habels abersagte nein ezen
172 1930 1281 2034 nicht wahr, er solle kein unglick anfangs, die leüth lachensie murau
148 1994 1282 2119 Darüber sabe der ander siden mann pluß genant, den kleinen san
158 2073 1229 2195 Sold bey der achseln genommen und sihme einen stoß geben daß
163 2150 1272 2270 sindersich die Källerstägen sinmter gefallen, nir noch darzu gesagt,
159 2223 1186 2353 gang du Kätzer sch walt daß du das genikeingheitest.
1097 2344 1127 2384 1
165 2329 1276 2464 M Sammel Eggemann sagte, daß wie er auß dem Bräterhaußli
174 2408 1290 2526 n die lauben gangen, habe ergehört, daß jemanden auf der andren
157 2473 1273 2581 seithen im Keller mit einanderen gezancket und daß der pluß
171 2530 1275 2675 so de stägenhinauff kommen, geschmalt und gesagt, das deshundt
175 2624 1284 2757 schadt die mit es ist dem verdinter lohn einmehrers habrer geeng
182 2709 613 2829 it verstanden noch gesehen
150 2766 1285 2942 A Sits Borber der  schaffnerin Siner Dienstmanz Aaupt
177 2862 1272 3005 in seye grad zum hauß sinauß gangen und ollen Waßer Reis
161 2930 1282 3080 Als der Habold und flüße die undere kallerstägen auf kommen, welche
175 2995 1277 3131 mit einanderen gezangget, da dann der fluß etliche mahl gefratn
158 3054 1275 3216 Waß agst du waß sagst dur der H abold aber habe gesacht dem fls
165 3140 1270 3301 zu klattieren, In dem kehre sich der pluß umb und sage ich will die
169 3184 1293 3378 eines den sohn geben, solches redend gebe er dem Habolb emensti
158 3265 1293 3452 daß er die stagen siunder gefallen, darauf die in Kaller i
162 3333 1298 3497 schraulen  Jsus pristtodt, der pluß solches sörend hab gesagt, s
150 3432 1177 3567 Wolt das er daß gennt enngheit ware und darmit vortgangen.
2231 595 2367 708 72.
1364 623 2379 797 Aamuel Nohtinger ein Jungling von 20 jahren m
1351 729 2432 874 Januel Rohtinger des metzgers sohnzenget, daß er den fluß
1350 799 2411 947 gehortsagen, er habe dem habald ein maß gekaufft, worauff
1347 872 2427 1013 der Habold geantwortet, er habe solches erheit, wie ein anderer schan
1345 950 2394 1088 und habe darbey noch etwaß weiß zu dem jluß Geredt, der pluße
1342 1019 2410 1157 aber geanthoortet, das mache nit, In dem sie nun nochetwaß ge
1349 1086 2431 1224 zancket, habe der fluß dem saboldemen stoß auf die brust geben
1342 1158 2420 1285 Daß er darvon die Kellerstagen siunder gefallen und seye der fluß
1355 1218 2394 1351 darauff allsobald auß dem Kaller geloffen, welches dann ihnne
1360 1299 2382 1439 gezeng veranlaßet zu sagen, wart duschlimmer gsellen es wirt die
1354 1370 2395 1512 nit wohl ahn, der pluß aber habe geantwortet, er wolte daß
1350 1439 2415 1566 ihm daß genit brochen wärri, seines bedunckens seye der flußund
1350 1508 1896 1625 der Habold etwas trunken gsein
1361 1586 2408 1752 Johanna Bernars M Schreyer des Schwyders Kauwsagt, die
1360 1694 2420 1819 zlden männes der pluß und habold seyen mit einanderen die Käller
1348 1759 2414 1871 stägen sinauf gangen, dasage der fluß zum Habold, sie wollen noch
1361 1823 2414 1931 in einen anderen Kaller gehen, demme der Habold zur antwort geben
1355 1892 2398 2024 denn morn, solchem nach sage der pluß er habe ihm jeth ein mose
1351 1965 2417 2092 fahlt er solle ihmme ein andere zahlen, Wor auf der Habold geantwor
1368 2027 2417 2161 et e dede win einschelm, uber dise wort habe der fauß nit siehl ge
1360 2125 2389 2234 sagt biß die zwen Steinhauwar gesagt, in wollen kein schelmenin
1348 2191 2398 2310 der stattwacht dulden, Dasagt der Habold wann es ein anderer
1367 2258 2433 2386 redt, so wäre er einschelm, darauff allsobald der pluß dan han
1646 2335 1728 2394 26
1376 2340 2432 2461 bold mit beyden sanden gegen die Achseln gestoßen, daß er dar
1376 2415 2419 2535 von die källerstagen smunder gefallen, nur eine zeitlang, wieer
1372 2489 2400 2601 gefallen ligen bliben bißendtlichen sie gezengin demselben die
1364 2554 2436 2682 fürdind sich gesogen und seyn hut sschwunder den kopf gelegt
1369 2645 2427 2775 De steinhanwer haben, ohngeacht mann sie geheißen shmit an
1360 2719 2427 2843 tühren wollen sagend, Weilener mschallenwergk solle gseyn sein
1363 2793 2413 2908 daß ihnen solches an ihrem hand wercknachtheillig seyn wurde, sie
1368 2868 2414 2993 Gezangin habe auch selbstan einen schärer gesucht und wreilen der
1371 2941 2408 3041 Bankauw nicht gehen Wollen des h Kougsdiener Gorthin
1375 3023 1965 3136 zu gehen bewegen könnn.
1342 3093 2409 3249 Anna Maria Keller in lensten bey Mr Loßder dem
1374 3197 2422 3363 Schneyder sagte, der Habeli seye zuerst und der Pauß ihme nacdh
2176 3284 2314 3438 n
