3024 4032
212 3261 255 3324 A
214 663 1236 822 theillhafft gemacht, sonderen auch mit stechen
243 766 1233 875 und verfertigung der stempfel und prägen
232 830 1238 955 noch anderen faltsch-muntzeren darzu behulfftn
242 903 1243 990 sich gewesen und an die handgangen, und
228 944 1226 1053 solchem nach in reise betrachtung gezogen
230 1012 1234 1109 Einerseits wie und welcher gestalten durch
222 1071 1251 1193 der gleichen faltsches muntzen aller handel
225 1116 1190 1242 Kaus und kauf in dero von Gott dem
231 1198 1173 1319 allerhöchsten regenten ihnen anver¬
216 1253 1259 1364 trauwten landen gehemmet und verstöhret
226 1329 1234 1425 werde, Anderdeits dann daß zu wider
229 1378 1227 1498 harstellung, hierdurch gekränckten allge¬
236 1444 1216 1558 meinen handels kauff und lauffs, solche
216 1509 1228 1626 Misethat nach erhäuschender nohtdurft
244 1568 1232 1688 abzestraffen, sie von tragenden hochober
225 1642 1258 1758 keitlichen ambtswegen höchst verpflichtet
489 1700 1256 1832 habend daraufhin hochge
227 1726 391 1826 seyen
235 1769 1245 1880 sachte unßere allerzeits gnädige herren
246 1839 1221 1956 und oberen räht und Gürger bey ihren
229 1896 1197 2023 Eyden zurecht erkennt und gesprochen
228 1969 1186 2093 daß dieser Christen ingald nächst
226 2030 1212 2155 empfehlung seiner seelen in die Hand
298 2105 420 2165 Brrt
239 2093 1203 2227 s erlosers dem scharpfrichter
1130 2152 1243 2243 Auß
238 2165 966 2270 übergeben, durch denselben
247 2212 1195 2347 auff die gewohnte Richtstatt gebunden
250 2296 817 2407 und gefangen geführt,
246 2385 1194 2524 Habend daraufhin hochgedacht unsere
255 2453 1228 2582 allerseits gnädige Herren mit Oberen
246 2522 1244 2663 näht und Burger bey ihren eyden erkent
263 2585 1237 2721 unnd gesprochen, daß in betrachtung eint
278 2655 1197 2769 und anderen umbständere er Christen
496 2742 533 2793 1
267 2723 1198 2846 jagol für sein lobtag an einem von
265 2774 1249 2904 megh den stähter vermerbsteider ohrt
257 2833 1279 2967 eingespehret, daselbsten zu fleissiger arbeit
268 2899 1267 3034 der seineren erlehentere brrchserrscheeit hande
266 2973 1239 3095 werck gehalten, dessen auch kein grad Grge
278 3042 1264 3145 warten haben solle ohne sonders constonend
277 3077 1254 3214 bewilligung unseren hendigen hr ermerent
259 3177 1041 3280 oberen räht und burgeren Adt
271 3163 1294 3314 mit der richten durch der statt hinab ausgeschmesen.
282 3294 520 3370 nchwährts etc.
2204 611 2329 753 37.
