<?xml version="1.0" encoding="UTF-8" standalone="yes"?>
<PcGts xmlns="http://schema.primaresearch.org/PAGE/gts/pagecontent/2013-07-15" xmlns:xsi="http://www.w3.org/2001/XMLSchema-instance" xsi:schemaLocation="http://schema.primaresearch.org/PAGE/gts/pagecontent/2013-07-15 http://schema.primaresearch.org/PAGE/gts/pagecontent/2013-07-15/pagecontent.xsd">
    <Metadata>
        <Creator>prov=University of Rostock/Institute of Mathematics/CITlab|PLANET AI GmbH/Gundram Leifert/gundram.leifert@planet-ai.de:name=German_Kurrent_XVI-XVIII_M1(htr_id=19584)::::v=2.6.7
prov=University of Rostock/Institute of Mathematics/CITlab|PLANET AI GmbH/Tobias Gruening/tobias.gruening@planet-ai.de:name=de.uros.citlab.module.baseline2polygon.B2PSeamMultiOriented:v=2.6.7
prov=University of Rostock/Institute of Mathematics/CITlab|PLANET AI GmbH/Tobias Gruening/tobias.gruening@planet-ai.de:name=/net_tf/LA73_249_0mod360.pb:de.uros.citlab.segmentation.CITlab_LA_ML:v=2.6.7
Transkribus</Creator>
        <Created>2021-03-11T14:07:48.368+01:00</Created>
        <LastChange>2022-09-12T15:09:01.335+02:00</LastChange>
        <TranskribusMetadata docId="1334842" pageId="52362056" pageNr="72" tsid="114643850" status="IN_PROGRESS" userId="9570" imgUrl="https://files.transkribus.eu/Get?id=LHQKJCIGIULYBFRKUXQUNCGY&amp;fileType=view" xmlUrl="https://files.transkribus.eu/Get?id=LLDYDDFWGKXFLDUGFCYNNRAW" imageId="19038910"/>
    </Metadata>
    <Page imageFilename="IMG_9153.jpg" imageWidth="3024" imageHeight="4032">
        <ReadingOrder>
            <OrderedGroup id="ro_1687513672644" caption="Regions reading order">
                <RegionRefIndexed index="0" regionRef="r1"/>
                <RegionRefIndexed index="1" regionRef="r2"/>
                <RegionRefIndexed index="2" regionRef="r3"/>
                <RegionRefIndexed index="3" regionRef="r4"/>
            </OrderedGroup>
        </ReadingOrder>
        <TextRegion orientation="0.0" id="r1" custom="readingOrder {index:0;}">
            <Coords points="251,696 251,3453 1302,3453 1302,696"/>
            <TextLine id="r1l1" custom="readingOrder {index:0;} person {offset:0; length:12;} place {offset:21; length:5;}">
                <Coords points="250,798 362,744 541,779 815,732 1007,788 1268,804 1270,720 1177,739 1081,684 924,702 692,624 565,701 418,623 371,660 255,624"/>
                <Baseline points="258,734 308,735 358,737 408,737 458,735 509,735 559,735 609,734 659,734 709,732 760,733 810,734 860,734 910,737 960,738 1011,742 1061,747 1111,753 1161,760 1211,769 1262,779"/>
                <TextEquiv>
                    <Unicode>Peter Hoofer auß dem Hasei bey mgo</Unicode>
                </TextEquiv>
            </TextLine>
            <TextLine id="r1l2" custom="readingOrder {index:1;} person {offset:0; length:14;} place {offset:19; length:4;}">
                <Coords points="272,890 571,849 613,878 702,846 1204,871 1204,805 901,804 811,741 682,793 600,755 387,805 271,796"/>
                <Baseline points="279,860 324,858 370,857 416,855 462,853 508,852 554,849 600,848 646,846 692,845 738,844 783,843 829,843 875,843 921,843 967,845 1013,846 1059,847 1105,850 1151,853 1197,857"/>
                <TextEquiv>
                    <Unicode>Daniel Schmidt von Kram, und</Unicode>
                </TextEquiv>
            </TextLine>
            <TextLine id="r1l3" custom="readingOrder {index:2;} person {offset:0; length:13;} place {offset:20; length:13;}">
                <Coords points="246,1022 407,996 507,1052 598,976 843,961 1273,1016 1271,942 1038,886 992,927 936,895 812,934 469,873 243,896"/>
                <Baseline points="251,983 301,983 352,983 403,981 454,980 504,977 555,975 606,972 657,968 707,965 758,962 809,960 860,957 910,957 961,957 1012,958 1063,960 1113,964 1164,970 1215,976 1266,986"/>
                <TextEquiv>
                    <Unicode>Hanns Banmann außem Buchsolterben</Unicode>
                </TextEquiv>
            </TextLine>
            <TextLine id="r1l4" custom="readingOrder {index:3;}">
                <Coords points="484,1109 637,1097 743,1117 847,1084 878,1102 974,1087 1037,1125 1118,1072 1114,996 1087,992 1020,1035 842,990 753,1039 658,1024 482,1057"/>
                <Baseline points="491,1103 522,1101 553,1099 584,1096 615,1094 646,1092 677,1091 708,1088 739,1087 770,1086 801,1085 832,1083 863,1082 894,1080 925,1079 956,1078 987,1077 1018,1076 1049,1074 1080,1073 1112,1071"/>
                <TextEquiv>
                    <Unicode>riminal process.</Unicode>
                </TextEquiv>
            </TextLine>
            <TextLine id="r1l5" custom="readingOrder {index:4;} place {offset:5; length:4;}">
                <Coords points="269,1248 653,1224 889,1265 997,1240 1048,1276 1130,1236 1272,1257 1272,1193 1082,1157 925,1196 874,1157 780,1186 746,1163 641,1200 462,1144 375,1194 269,1185"/>
                <Baseline points="275,1241 324,1238 374,1236 423,1234 473,1233 522,1232 572,1232 621,1232 671,1232 720,1232 770,1232 820,1232 869,1233 919,1234 968,1235 1018,1236 1067,1236 1117,1238 1166,1238 1216,1239 1266,1239"/>
                <TextEquiv>
                    <Unicode>Nach Seme ein Zeit daher auff dem landt¬</Unicode>
                </TextEquiv>
            </TextLine>
            <TextLine id="r1l6" custom="readingOrder {index:5;}">
                <Coords points="279,1303 562,1334 629,1293 707,1299 884,1351 1027,1300 1270,1308 1239,1259 1151,1243 1051,1278 993,1244 908,1278 835,1250 681,1281 603,1232 395,1273 279,1257"/>
                <Baseline points="285,1299 333,1298 382,1296 431,1296 480,1296 529,1295 578,1295 627,1295 676,1296 725,1296 774,1296 822,1296 871,1298 920,1298 969,1299 1018,1299 1067,1299 1116,1299 1165,1299 1214,1299 1263,1298"/>
                <TextEquiv>
                    <Unicode>sonderlich auff denen bey hieiger haubtstatt her¬</Unicode>
                </TextEquiv>
            </TextLine>
            <TextLine id="r1l7" custom="readingOrder {index:6;}">
                <Coords points="288,1367 379,1395 609,1369 838,1412 980,1361 1117,1405 1288,1377 1288,1324 888,1301 797,1331 629,1293 562,1335 364,1311 288,1341"/>
                <Baseline points="294,1358 343,1358 392,1359 442,1359 491,1361 540,1361 590,1361 639,1362 688,1362 738,1362 787,1362 836,1362 886,1364 935,1364 984,1364 1034,1364 1083,1364 1132,1364 1182,1364 1231,1364 1281,1364"/>
                <TextEquiv>
                    <Unicode>umb gelegenen dorffschafften der Veich diebstahl der¬</Unicode>
                </TextEquiv>
            </TextLine>
            <TextLine id="r1l8" custom="readingOrder {index:7;}">
                <Coords points="278,1460 458,1431 1288,1460 1279,1385 1172,1418 1086,1381 997,1412 938,1366 806,1415 601,1375 279,1403"/>
                <Baseline points="285,1431 334,1431 384,1431 434,1431 484,1431 534,1431 583,1431 633,1431 683,1431 733,1431 783,1430 832,1430 882,1430 932,1430 982,1430 1032,1431 1081,1431 1131,1431 1181,1433 1231,1434 1281,1434"/>
                <TextEquiv>
                    <Unicode>gestalten überhand genomen, daß bald einichesseich</Unicode>
                </TextEquiv>
            </TextLine>
            <TextLine id="r1l9" custom="readingOrder {index:8;}">
                <Coords points="286,1520 805,1498 1256,1531 1256,1464 1078,1477 1001,1435 944,1472 803,1445 666,1487 599,1436 434,1484 286,1473"/>
                <Baseline points="293,1506 340,1506 388,1506 436,1505 484,1505 532,1503 580,1503 627,1502 675,1502 723,1500 771,1500 819,1500 867,1499 915,1499 962,1499 1010,1499 1058,1499 1106,1499 1154,1500 1202,1500 1250,1502"/>
                <TextEquiv>
                    <Unicode>Weder in wäyden noch in ställen des nachts mehr</Unicode>
                </TextEquiv>
            </TextLine>
            <TextLine id="r1l10" custom="readingOrder {index:9;}">
                <Coords points="284,1624 535,1580 598,1615 756,1618 842,1566 1278,1592 1277,1549 1070,1507 1011,1546 938,1520 893,1542 840,1503 751,1560 652,1524 579,1553 482,1527 283,1550"/>
                <Baseline points="290,1580 339,1581 388,1581 437,1581 486,1580 535,1578 584,1577 633,1576 682,1574 731,1572 780,1571 829,1569 878,1568 927,1568 976,1566 1025,1566 1074,1566 1123,1566 1172,1567 1221,1568 1271,1571"/>
                <TextEquiv>
                    <Unicode>sicher gebliben; Also daß der Arme Landtmann</Unicode>
                </TextEquiv>
            </TextLine>
            <TextLine id="r1l11" custom="readingOrder {index:10;}">
                <Coords points="296,1663 558,1663 658,1698 715,1652 904,1672 1001,1645 1159,1677 1269,1654 1268,1593 1184,1620 1109,1575 925,1620 720,1601 569,1628 380,1591 295,1619"/>
                <Baseline points="302,1649 350,1649 398,1650 446,1650 494,1649 542,1649 590,1647 638,1647 686,1646 734,1644 782,1643 830,1641 878,1641 926,1640 974,1638 1022,1638 1070,1637 1118,1637 1166,1637 1214,1638 1262,1638"/>
                <TextEquiv>
                    <Unicode>mit nicht geringer seiner ungelegenheit tag und</Unicode>
                </TextEquiv>
            </TextLine>
            <TextLine id="r1l12" custom="readingOrder {index:11;}">
                <Coords points="304,1757 511,1728 717,1776 983,1713 1134,1717 1191,1754 1279,1738 1277,1657 1056,1690 1001,1645 823,1693 610,1672 493,1709 403,1674 302,1700"/>
                <Baseline points="309,1728 357,1728 405,1728 453,1727 501,1725 549,1725 597,1723 646,1722 694,1719 742,1718 790,1716 838,1715 886,1713 934,1712 983,1710 1031,1710 1079,1709 1127,1709 1175,1710 1223,1710 1272,1712"/>
                <TextEquiv>
                    <Unicode>nacht in unabläßiger sorg und huet seines vrichsstehn</Unicode>
                </TextEquiv>
            </TextLine>
            <TextLine id="r1l13" custom="readingOrder {index:12;}">
                <Coords points="297,1811 343,1840 523,1798 634,1835 733,1799 833,1822 1087,1797 1183,1828 1274,1804 1272,1741 1108,1732 653,1776 494,1730 296,1774"/>
                <Baseline points="303,1797 351,1799 399,1799 447,1799 495,1799 543,1797 591,1797 640,1796 688,1796 736,1794 784,1793 832,1791 880,1790 928,1790 977,1788 1025,1787 1073,1787 1121,1785 1169,1785 1217,1785 1266,1785"/>
                <TextEquiv>
                    <Unicode>müßen, deßtwegen eine hoche oberkeit zu Endte</Unicode>
                </TextEquiv>
            </TextLine>
            <TextLine id="r1l14" custom="readingOrder {index:13;}">
                <Coords points="293,1896 559,1879 631,1906 726,1871 840,1901 938,1862 1266,1888 1279,1824 1089,1838 1020,1797 366,1847 292,1808"/>
                <Baseline points="299,1868 347,1868 396,1869 444,1869 493,1869 542,1868 590,1868 639,1867 688,1866 736,1865 785,1863 834,1863 882,1862 931,1860 980,1860 1028,1859 1077,1859 1126,1859 1174,1859 1223,1859 1272,1859"/>
                <TextEquiv>
                    <Unicode>kung solch schädlicher veichdieben von tragenden hoch</Unicode>
                </TextEquiv>
            </TextLine>
            <TextLine id="r1l15" custom="readingOrder {index:14;}">
                <Coords points="293,1956 443,1947 489,1982 600,1944 661,1979 971,1942 1007,1976 1069,1937 1284,1926 1283,1886 1119,1910 1042,1876 870,1921 697,1879 531,1922 292,1898"/>
                <Baseline points="299,1946 350,1944 402,1944 453,1943 505,1943 556,1941 608,1941 659,1940 711,1938 762,1938 814,1937 865,1935 917,1934 968,1933 1020,1931 1071,1930 1123,1929 1174,1928 1226,1925 1278,1923"/>
                <TextEquiv>
                    <Unicode>oberkeitlichen amptswegen, alle erforderlichen</Unicode>
                </TextEquiv>
            </TextLine>
            <TextLine id="r1l16" custom="readingOrder {index:15;}">
                <Coords points="286,2029 360,2055 455,2017 608,2038 736,2009 890,2043 1042,2003 1290,2005 1289,1956 1156,1931 1022,1976 981,1950 801,1984 548,1950 496,1982 285,1969"/>
                <Baseline points="293,2021 342,2018 392,2016 441,2015 491,2013 540,2012 590,2010 639,2009 689,2009 738,2007 788,2006 837,2004 887,2004 936,2003 986,2001 1035,2000 1085,1998 1134,1997 1184,1995 1233,1992 1283,1989"/>
                <TextEquiv>
                    <Unicode>Anstalt vorzukehren, veranlaßet worden. zumaße</Unicode>
                </TextEquiv>
            </TextLine>
            <TextLine id="r1l17" custom="readingOrder {index:16;}">
                <Coords points="287,2113 509,2113 571,2145 697,2109 822,2128 883,2089 1210,2108 1273,2089 1271,2028 1178,2004 1070,2049 864,2027 815,2062 555,2020 443,2068 284,2040"/>
                <Baseline points="293,2102 341,2100 390,2099 438,2097 487,2096 536,2093 584,2091 633,2091 681,2089 730,2087 779,2085 827,2084 876,2082 924,2079 973,2078 1022,2076 1070,2073 1119,2072 1167,2068 1216,2066 1265,2063"/>
                <TextEquiv>
                    <Unicode>darüberhin durch beschechene fleißige nachforschung so</Unicode>
                </TextEquiv>
            </TextLine>
            <TextLine id="r1l18" custom="readingOrder {index:17;}">
                <Coords points="296,2176 596,2215 743,2168 799,2194 1030,2157 1073,2187 1128,2152 1278,2159 1277,2115 1039,2125 991,2094 961,2125 891,2088 652,2154 506,2116 400,2155 294,2124"/>
                <Baseline points="302,2171 350,2171 398,2172 447,2172 495,2172 544,2171 592,2171 641,2169 689,2169 738,2168 786,2166 834,2163 883,2162 931,2159 980,2157 1028,2154 1077,2151 1125,2148 1174,2145 1222,2142 1271,2138"/>
                <TextEquiv>
                    <Unicode>viel in erfahrung gebracht, daß etwelche umbher</Unicode>
                </TextEquiv>
            </TextLine>
            <TextLine id="r1l19" custom="readingOrder {index:18;}">
                <Coords points="286,2273 446,2254 559,2293 688,2241 888,2287 1027,2235 1272,2230 1281,2185 1169,2154 1081,2190 1037,2158 892,2168 824,2212 283,2211"/>
                <Baseline points="291,2247 340,2247 389,2247 438,2247 487,2247 537,2246 586,2244 635,2244 684,2243 733,2241 783,2239 832,2237 881,2235 930,2232 979,2229 1029,2227 1078,2223 1127,2220 1176,2217 1225,2213 1275,2208"/>
                <TextEquiv>
                    <Unicode>schweiffende Gesellen Allernechst bey der Statt unn</Unicode>
                </TextEquiv>
            </TextLine>
            <TextLine id="r1l20" custom="readingOrder {index:19;}">
                <Coords points="306,2335 568,2326 615,2352 927,2314 990,2346 1279,2290 1201,2239 1162,2275 955,2262 881,2295 757,2256 534,2300 433,2257 305,2302"/>
                <Baseline points="312,2327 360,2325 408,2324 456,2323 504,2322 552,2321 600,2319 648,2318 696,2316 744,2315 792,2312 840,2310 888,2309 936,2306 984,2303 1032,2300 1080,2298 1128,2294 1176,2291 1224,2287 1272,2283"/>
                <TextEquiv>
                    <Unicode>und dann eine zimbliche anzahl solch geraubten</Unicode>
                </TextEquiv>
            </TextLine>
            <TextLine id="r1l21" custom="readingOrder {index:20;}">
                <Coords points="307,2438 394,2408 436,2442 741,2395 828,2435 1011,2383 1236,2392 1267,2382 1265,2309 1035,2362 934,2326 305,2362"/>
                <Baseline points="312,2396 359,2396 406,2395 454,2394 501,2394 549,2394 596,2393 643,2393 691,2391 738,2391 786,2390 833,2388 880,2386 928,2385 975,2382 1023,2379 1070,2377 1117,2374 1165,2370 1212,2366 1260,2361"/>
                <TextEquiv>
                    <Unicode>reichs geschlachtet und das fleisch hin und widerzu</Unicode>
                </TextEquiv>
            </TextLine>
            <TextLine id="r1l22" custom="readingOrder {index:21;}">
                <Coords points="298,2477 369,2472 451,2514 494,2480 530,2481 591,2516 649,2469 677,2483 737,2470 736,2401 646,2431 608,2409 588,2429 510,2443 457,2421 435,2442 394,2408 359,2439 297,2431"/>
                <Baseline points="305,2465 330,2466 355,2466 380,2468 405,2468 430,2468 455,2468 480,2468 505,2467 530,2466 555,2465 580,2465 605,2464 630,2463 655,2463 680,2462 705,2462 731,2460"/>
                <TextEquiv>
                    <Unicode>verkauffen gesendet.</Unicode>
                </TextEquiv>
            </TextLine>
            <TextLine id="r1l23" custom="readingOrder {index:22;}">
                <Coords points="289,2614 705,2588 784,2621 891,2585 965,2612 1254,2559 1292,2544 1290,2503 1054,2527 988,2500 908,2541 760,2497 569,2525 512,2497 402,2558 283,2500"/>
                <Baseline points="294,2595 343,2595 393,2594 442,2592 492,2592 542,2591 591,2589 641,2588 690,2587 740,2585 790,2583 839,2582 889,2579 938,2576 988,2573 1038,2569 1087,2565 1137,2560 1186,2555 1236,2549 1286,2543"/>
                <TextEquiv>
                    <Unicode>Darauffhin dann dieser veich dieben einer nac</Unicode>
                </TextEquiv>
            </TextLine>
            <TextLine id="r1l24" custom="readingOrder {index:23;} person {offset:5; length:12;} person {offset:24; length:5;} place {offset:34; length:9;}">
                <Coords points="317,2664 443,2701 485,2665 565,2686 849,2655 915,2693 974,2642 1054,2675 1092,2644 1278,2642 1274,2558 968,2612 889,2587 750,2639 716,2609 542,2622 490,2595 316,2630"/>
                <Baseline points="324,2661 371,2661 418,2661 466,2661 513,2661 560,2660 608,2660 655,2659 702,2658 750,2657 797,2655 844,2653 892,2651 939,2648 986,2646 1034,2642 1081,2638 1128,2633 1176,2629 1223,2624 1271,2618"/>
                <TextEquiv>
                    <Unicode>mans Peter Hoofer Anßem Haßli Bey Burgdorff</Unicode>
                </TextEquiv>
            </TextLine>
            <TextLine id="r1l25" custom="readingOrder {index:24;}">
                <Coords points="311,2755 1081,2742 1281,2698 1279,2640 1131,2691 973,2642 912,2686 833,2656 718,2689 593,2663 413,2711 308,2678"/>
                <Baseline points="317,2733 364,2734 412,2735 460,2734 508,2733 556,2733 604,2732 652,2730 700,2729 748,2727 796,2724 843,2722 891,2720 939,2717 987,2714 1035,2711 1083,2706 1131,2702 1179,2698 1227,2694 1275,2690"/>
                <TextEquiv>
                    <Unicode>Des so genanten rohtmetzgers bube seines alters</Unicode>
                </TextEquiv>
            </TextLine>
            <TextLine id="r1l26" custom="readingOrder {index:25;}">
                <Coords points="318,2825 501,2841 573,2805 720,2842 1113,2787 1176,2810 1277,2772 1274,2694 1148,2760 710,2755 669,2780 526,2737 459,2775 316,2771"/>
                <Baseline points="324,2805 371,2805 418,2805 465,2805 513,2805 560,2807 607,2807 654,2807 702,2807 749,2807 796,2805 843,2804 891,2802 938,2799 985,2796 1032,2793 1080,2788 1127,2783 1174,2777 1221,2769 1269,2760"/>
                <TextEquiv>
                    <Unicode>von 28 biß in 30 0jahrss lach vielem nachsetzen</Unicode>
                </TextEquiv>
            </TextLine>
            <TextLine id="r1l27" custom="readingOrder {index:26;}">
                <Coords points="320,2916 1248,2869 1284,2854 1282,2802 1177,2826 1074,2802 1014,2847 577,2816 502,2852 316,2822"/>
                <Baseline points="324,2876 371,2876 419,2876 466,2877 514,2877 562,2879 609,2879 657,2879 705,2879 752,2879 800,2877 848,2876 895,2874 943,2871 991,2868 1038,2864 1086,2858 1134,2851 1181,2845 1229,2836 1277,2825"/>
                <TextEquiv>
                    <Unicode>zu erst in gefängkliche verhafft gebracht und volgen</Unicode>
                </TextEquiv>
            </TextLine>
            <TextLine id="r1l28" custom="readingOrder {index:27;}">
                <Coords points="308,2979 695,2996 839,2954 984,3000 1036,2963 1089,2986 1280,2930 1279,2867 1205,2861 1123,2913 866,2880 785,2936 712,2896 528,2932 448,2897 388,2935 304,2899"/>
                <Baseline points="314,2963 362,2963 410,2964 458,2964 506,2964 554,2964 602,2964 650,2964 698,2963 746,2962 794,2960 842,2958 890,2955 938,2952 986,2948 1034,2943 1082,2936 1130,2929 1178,2921 1226,2912 1275,2901"/>
                <TextEquiv>
                    <Unicode>Den Asten 12 ten 2ean und 2 ten ebri und zu do</Unicode>
                </TextEquiv>
            </TextLine>
            <TextLine id="r1l29" custom="readingOrder {index:28;}">
                <Coords points="325,3067 469,3101 569,3049 637,3075 745,3047 795,3084 833,3046 1202,3055 1260,3022 1257,2946 971,3005 868,3007 771,2963 605,3028 387,3016 321,2974"/>
                <Baseline points="330,3042 376,3042 422,3042 468,3042 514,3042 560,3042 606,3044 653,3044 699,3045 745,3045 791,3044 837,3044 883,3042 929,3040 976,3037 1022,3033 1068,3029 1114,3021 1160,3015 1206,3006 1253,2996"/>
                <TextEquiv>
                    <Unicode>deren mahlen mehr in disem a715. jahr durch</Unicode>
                </TextEquiv>
            </TextLine>
            <TextLine id="r1l30" custom="readingOrder {index:29;} person {offset:10; length:31;}">
                <Coords points="307,3168 375,3132 422,3164 502,3124 725,3126 816,3176 1292,3090 1279,3011 1209,3059 987,3060 923,3091 700,3065 624,3098 555,3052 469,3103 394,3068 303,3083"/>
                <Baseline points="312,3132 360,3129 409,3126 457,3125 506,3125 555,3123 603,3123 652,3123 700,3123 749,3123 798,3123 846,3122 895,3120 943,3119 992,3115 1041,3111 1089,3105 1138,3099 1186,3091 1235,3081 1284,3069"/>
                <TextEquiv>
                    <Unicode>Hhr Gust. Dienere Müwkh Großweibel Im Hof</Unicode>
                </TextEquiv>
            </TextLine>
            <TextLine id="r1l31" custom="readingOrder {index:30;} place {offset:22; length:10;}">
                <Coords points="330,3227 528,3253 575,3218 716,3209 937,3248 1040,3195 1273,3175 1288,3097 1020,3125 944,3176 678,3173 500,3125 328,3190"/>
                <Baseline points="336,3216 383,3213 430,3210 478,3209 525,3207 573,3207 620,3206 667,3206 715,3206 762,3206 810,3204 857,3203 904,3201 952,3198 999,3195 1047,3189 1094,3183 1141,3176 1189,3168 1236,3156 1284,3143"/>
                <TextEquiv>
                    <Unicode>und grichtschreiberen Wyttenbach über die beklagt</Unicode>
                </TextEquiv>
            </TextLine>
            <TextLine id="r1l32" custom="readingOrder {index:31;}">
                <Coords points="309,3329 482,3297 716,3324 777,3292 910,3331 1058,3268 1228,3272 1309,3223 1305,3156 1223,3208 1056,3197 857,3263 631,3217 511,3265 304,3243"/>
                <Baseline points="314,3302 363,3297 412,3294 462,3293 511,3290 561,3290 610,3288 659,3287 709,3287 758,3285 808,3284 857,3283 906,3281 956,3276 1005,3272 1055,3267 1104,3260 1153,3252 1203,3241 1252,3228 1302,3215"/>
                <TextEquiv>
                    <Unicode>Diebstahl anfängtlich mir ernstwörtig, Nachts</Unicode>
                </TextEquiv>
            </TextLine>
            <TextLine id="r1l33" custom="readingOrder {index:32;} person {offset:11; length:18;} place {offset:34; length:10;}">
                <Coords points="310,3415 421,3383 520,3430 1027,3359 1149,3377 1291,3306 1288,3270 1104,3301 1055,3267 905,3344 758,3306 306,3351"/>
                <Baseline points="315,3390 363,3387 411,3384 460,3383 508,3381 557,3380 605,3378 654,3377 702,3375 751,3374 799,3372 847,3369 896,3366 944,3362 993,3357 1041,3351 1090,3344 1138,3336 1187,3326 1235,3315 1284,3300"/>
                <TextEquiv>
                    <Unicode>aber durch michhle Zeügherran von Bonstetter</Unicode>
                </TextEquiv>
            </TextLine>
            <TextLine id="r1l34" custom="readingOrder {index:33;}">
                <Coords points="1133,3464 1146,3461 1162,3444 1174,3449 1180,3442 1192,3445 1204,3438 1208,3441 1214,3431 1223,3436 1241,3412 1247,3411 1238,3366 1229,3368 1223,3376 1197,3374 1181,3390 1171,3384 1161,3387 1146,3395 1132,3413 1123,3413"/>
                <Baseline points="1134,3435 1160,3432 1187,3426 1214,3419 1241,3416"/>
                <TextEquiv>
                    <Unicode>Als</Unicode>
                </TextEquiv>
            </TextLine>
            <TextEquiv>
                <Unicode>Peter Hoofer auß dem Hasei bey mgo
Daniel Schmidt von Kram, und
Hanns Banmann außem Buchsolterben
riminal process.
Nach Seme ein Zeit daher auff dem landt¬
sonderlich auff denen bey hieiger haubtstatt her¬
umb gelegenen dorffschafften der Veich diebstahl der¬
gestalten überhand genomen, daß bald einichesseich
Weder in wäyden noch in ställen des nachts mehr
sicher gebliben; Also daß der Arme Landtmann
mit nicht geringer seiner ungelegenheit tag und
nacht in unabläßiger sorg und huet seines vrichsstehn
müßen, deßtwegen eine hoche oberkeit zu Endte
kung solch schädlicher veichdieben von tragenden hoch
oberkeitlichen amptswegen, alle erforderlichen
Anstalt vorzukehren, veranlaßet worden. zumaße
darüberhin durch beschechene fleißige nachforschung so
viel in erfahrung gebracht, daß etwelche umbher
schweiffende Gesellen Allernechst bey der Statt unn
und dann eine zimbliche anzahl solch geraubten
reichs geschlachtet und das fleisch hin und widerzu
verkauffen gesendet.
Darauffhin dann dieser veich dieben einer nac
mans Peter Hoofer Anßem Haßli Bey Burgdorff
Des so genanten rohtmetzgers bube seines alters
von 28 biß in 30 0jahrss lach vielem nachsetzen
zu erst in gefängkliche verhafft gebracht und volgen
Den Asten 12 ten 2ean und 2 ten ebri und zu do
deren mahlen mehr in disem a715. jahr durch
Hhr Gust. Dienere Müwkh Großweibel Im Hof
und grichtschreiberen Wyttenbach über die beklagt
Diebstahl anfängtlich mir ernstwörtig, Nachts
aber durch michhle Zeügherran von Bonstetter
Als</Unicode>
            </TextEquiv>
        </TextRegion>
        <TextRegion orientation="0.0" id="r2" custom="readingOrder {index:1;}">
            <Coords points="1332,2666 1332,2822 1371,2822 1371,2666"/>
            <TextLine id="r2l1" custom="readingOrder {index:0;}">
                <Coords points="1326,2781 1345,2780 1361,2790 1366,2790 1371,2786 1380,2786 1370,2719 1359,2722 1346,2712 1336,2716 1332,2722 1317,2723"/>
                <Baseline points="1332,2772 1371,2766"/>
                <TextEquiv>
                    <Unicode>3</Unicode>
                </TextEquiv>
            </TextLine>
            <TextEquiv>
                <Unicode>3</Unicode>
            </TextEquiv>
        </TextRegion>
        <TextRegion orientation="0.0" id="r3" custom="readingOrder {index:2;}">
            <Coords points="1352,1847 1352,2000 1397,2000 1397,1847"/>
            <TextLine id="r3l1" custom="readingOrder {index:0;}">
                <Coords points="1342,1983 1362,1979 1376,1972 1384,1975 1392,1969 1402,1971 1409,1880 1401,1879 1387,1885 1371,1897 1349,1891"/>
                <Baseline points="1352,1947 1397,1950"/>
                <TextEquiv>
                    <Unicode>2.</Unicode>
                </TextEquiv>
            </TextLine>
            <TextEquiv>
                <Unicode>2.</Unicode>
            </TextEquiv>
        </TextRegion>
        <TextRegion orientation="0.0" id="r4" custom="readingOrder {index:3;}">
            <Coords points="1341,665 1341,3397 2423,3397 2423,665"/>
            <TextLine id="r4l1" custom="readingOrder {index:0;}">
                <Coords points="2196,734 2226,713 2240,693 2310,706 2346,692 2337,628 2321,629 2300,620 2257,640 2219,625 2205,628 2197,639 2182,639"/>
                <Baseline points="2199,714 2227,708 2255,701 2283,697 2311,695 2340,696"/>
                <TextEquiv>
                    <Unicode>78</Unicode>
                </TextEquiv>
            </TextLine>
            <TextLine id="r4l2" custom="readingOrder {index:1;}">
                <Coords points="1411,793 1541,753 1632,797 1914,814 2012,771 2200,812 2414,776 2415,732 2334,700 2278,738 2193,729 2124,659 2018,714 1953,665 1891,694 1686,665 1559,705 1413,671"/>
                <Baseline points="1418,762 1467,759 1517,758 1566,758 1616,758 1665,758 1715,759 1764,761 1814,764 1863,765 1913,768 1962,770 2012,771 2061,773 2111,774 2160,774 2210,774 2259,774 2309,772 2358,770 2408,765"/>
                <TextEquiv>
                    <Unicode>Alls auß 6ör Jurl HochenMittel Verordn</Unicode>
                </TextEquiv>
            </TextLine>
            <TextLine id="r4l3" custom="readingOrder {index:2;}">
                <Coords points="1459,825 1785,826 1876,872 2044,837 2145,883 2323,845 2366,870 2369,797 2338,787 2123,814 2039,777 1989,814 1893,814 1462,760"/>
                <Baseline points="1467,810 1511,812 1556,813 1601,816 1645,817 1690,820 1735,822 1779,825 1824,828 1869,831 1914,833 1958,836 2003,837 2048,840 2092,840 2137,842 2182,842 2226,842 2271,840 2316,840 2361,837"/>
                <TextEquiv>
                    <Unicode>den herren cocaminatoren den 9ten martii</Unicode>
                </TextEquiv>
            </TextLine>
            <TextLine id="r4l4" custom="readingOrder {index:3;}">
                <Coords points="1463,915 1603,879 1658,920 1750,881 1819,932 1904,903 2151,948 2376,901 2377,870 2315,859 2078,887 2008,839 1853,873 1720,824 1466,826"/>
                <Baseline points="1470,879 1515,879 1560,880 1605,881 1650,883 1695,885 1740,888 1785,891 1830,893 1875,896 1920,897 1965,900 2010,902 2055,903 2100,905 2145,905 2190,904 2235,903 2280,900 2325,897 2370,893"/>
                <TextEquiv>
                    <Unicode>Den 2 ten und 8ten aprilio letsthin auch pimlichen</Unicode>
                </TextEquiv>
            </TextLine>
            <TextLine id="r4l5" custom="readingOrder {index:4;}">
                <Coords points="1472,946 1804,953 1864,994 1989,960 2249,1005 2285,974 2375,979 2377,930 2285,911 2148,949 2085,914 2034,940 1902,902 1822,933 1778,898 1683,925 1602,880 1473,924"/>
                <Baseline points="1479,938 1523,938 1568,939 1612,940 1657,942 1701,945 1746,947 1790,950 1835,954 1879,956 1924,959 1969,962 2013,965 2058,966 2102,968 2147,968 2191,968 2236,966 2280,965 2325,961 2370,956"/>
                <TextEquiv>
                    <Unicode>und mit anwendung der Marter und also zu</Unicode>
                </TextEquiv>
            </TextLine>
            <TextLine id="r4l6" custom="readingOrder {index:5;}">
                <Coords points="1465,1061 2260,1076 2367,1025 2412,1037 2413,982 2361,971 2248,1006 1898,1001 1780,956 1468,946"/>
                <Baseline points="1473,1001 1519,1002 1566,1002 1612,1004 1659,1005 1706,1008 1752,1010 1799,1013 1846,1016 1892,1017 1939,1020 1986,1022 2032,1023 2079,1025 2126,1026 2172,1026 2219,1025 2266,1023 2312,1021 2359,1017 2406,1013"/>
                <TextEquiv>
                    <Unicode>vielen underschiedelichen mahlen examiniert worden</Unicode>
                </TextEquiv>
            </TextLine>
            <TextLine id="r4l7" custom="readingOrder {index:6;}">
                <Coords points="1336,1119 1582,1120 1664,1166 1724,1131 2016,1132 2122,1174 2199,1129 2383,1139 2399,1076 2097,1063 2055,1098 1965,1061 1898,1088 1337,1056"/>
                <Baseline points="1343,1116 1395,1115 1447,1115 1500,1115 1552,1116 1605,1117 1657,1118 1709,1121 1762,1122 1814,1125 1867,1127 1919,1128 1971,1130 2024,1132 2076,1133 2129,1134 2181,1134 2233,1133 2286,1132 2338,1130 2391,1127"/>
                <TextEquiv>
                    <Unicode>Welcher dann theils ohne, theils durch die Marter</Unicode>
                </TextEquiv>
            </TextLine>
            <TextLine id="r4l8" custom="readingOrder {index:7;}">
                <Coords points="1469,1169 1531,1215 1637,1175 1691,1220 2026,1224 2106,1196 2373,1199 2375,1143 2200,1129 2122,1174 2015,1132 1969,1167 1845,1129 1658,1121 1572,1153 1470,1120"/>
                <Baseline points="1476,1169 1520,1170 1565,1172 1609,1173 1654,1175 1698,1177 1743,1179 1787,1181 1832,1182 1876,1185 1921,1186 1966,1188 2010,1188 2055,1190 2099,1191 2144,1191 2188,1191 2233,1190 2277,1189 2322,1187 2367,1185"/>
                <TextEquiv>
                    <Unicode>volgende diebstähl begangen ze haben, bekent und</Unicode>
                </TextEquiv>
            </TextLine>
            <TextLine id="r4l9" custom="readingOrder {index:8;}">
                <Coords points="1459,1268 1484,1262 1512,1288 1523,1280 1534,1287 1552,1278 1568,1284 1585,1272 1594,1279 1604,1271 1628,1290 1644,1288 1644,1223 1633,1225 1591,1203 1561,1221 1514,1210 1506,1216 1487,1201 1475,1208 1461,1202"/>
                <Baseline points="1467,1235 1495,1238 1524,1238 1552,1238 1581,1238 1609,1239 1638,1241"/>
                <TextEquiv>
                    <Unicode>verzachen.</Unicode>
                </TextEquiv>
            </TextLine>
            <TextLine id="r4l10" custom="readingOrder {index:9;} person {offset:8; length:6;} place {offset:42; length:4; continued:true;}">
                <Coords points="1461,1407 1604,1435 1722,1386 1914,1423 1994,1385 2047,1421 2402,1381 2402,1336 2250,1296 2185,1319 2018,1299 1912,1355 1461,1294"/>
                <Baseline points="1467,1377 1513,1377 1559,1379 1606,1379 1652,1380 1699,1380 1745,1382 1792,1382 1838,1383 1885,1383 1931,1383 1977,1385 2024,1385 2070,1383 2117,1383 2163,1383 2210,1382 2256,1380 2303,1379 2349,1377 2396,1374"/>
                <TextEquiv>
                    <Unicode>seye er Hoofer vor ohngefehrt 6 jahren zu Ober</Unicode>
                </TextEquiv>
            </TextLine>
            <TextLine id="r4l11" custom="readingOrder {index:10;}">
                <Coords points="1336,1425 1343,1423 1353,1426 1357,1419 1367,1416 1371,1410 1398,1412 1387,1351 1378,1353 1363,1350 1353,1359 1340,1359 1337,1356 1324,1359"/>
                <Baseline points="1341,1410 1389,1401"/>
                <TextEquiv>
                    <Unicode>N.</Unicode>
                </TextEquiv>
            </TextLine>
            <TextLine id="r4l12" custom="readingOrder {index:11;} place {offset:0; length:6; continued:true;}">
                <Coords points="1466,1476 2017,1458 2106,1498 2181,1458 2235,1486 2375,1454 2375,1404 2340,1389 2140,1439 2025,1436 1984,1400 1823,1433 1722,1386 1608,1435 1466,1404"/>
                <Baseline points="1473,1449 1517,1449 1562,1449 1607,1449 1652,1451 1697,1452 1741,1452 1786,1454 1831,1454 1876,1455 1921,1455 1965,1457 2010,1457 2055,1457 2100,1457 2145,1455 2189,1454 2234,1453 2279,1450 2324,1448 2369,1445"/>
                <TextEquiv>
                    <Unicode>wangen nächtlicher weil in einen speicher</Unicode>
                </TextEquiv>
            </TextLine>
            <TextLine id="r4l13" custom="readingOrder {index:12;}">
                <Coords points="1469,1546 1637,1521 1743,1560 1776,1532 1913,1556 2007,1526 2091,1552 2216,1513 2320,1541 2403,1526 2426,1466 2235,1487 2173,1462 2101,1498 2039,1468 1799,1485 1719,1455 1469,1475"/>
                <Baseline points="1475,1514 1522,1515 1569,1517 1616,1518 1664,1520 1711,1521 1758,1522 1805,1523 1853,1523 1900,1524 1947,1524 1994,1524 2042,1524 2089,1523 2136,1521 2183,1520 2231,1517 2278,1515 2325,1511 2372,1507 2420,1502"/>
                <TextEquiv>
                    <Unicode>gebrochen, darauß bey 12 maß dinckel gestohn</Unicode>
                </TextEquiv>
            </TextLine>
            <TextLine id="r4l14" custom="readingOrder {index:13;}">
                <Coords points="1462,1600 2028,1597 2087,1625 2129,1596 2423,1589 2423,1550 2342,1524 2186,1558 1954,1532 1888,1574 1638,1521 1588,1570 1462,1547"/>
                <Baseline points="1469,1581 1516,1583 1563,1583 1611,1586 1658,1587 1706,1587 1753,1589 1800,1590 1848,1591 1895,1592 1943,1592 1990,1593 2037,1593 2085,1592 2132,1592 2180,1590 2227,1589 2274,1586 2322,1583 2369,1580 2417,1577"/>
                <TextEquiv>
                    <Unicode>len und solchen einem dryburgischen underthanen</Unicode>
                </TextEquiv>
            </TextLine>
            <TextLine id="r4l15" custom="readingOrder {index:14;} person {offset:8; length:16;}">
                <Coords points="1464,1653 1874,1660 1905,1686 2165,1661 2266,1701 2421,1675 2396,1608 1906,1600 1742,1630 1464,1589"/>
                <Baseline points="1470,1647 1517,1647 1564,1649 1611,1650 1658,1652 1706,1653 1753,1654 1800,1655 1847,1656 1894,1658 1942,1658 1989,1659 2036,1659 2083,1658 2130,1658 2178,1656 2225,1655 2272,1653 2319,1649 2366,1646 2414,1641"/>
                <TextEquiv>
                    <Unicode>nammens Hanns Brühlhardt verkauffen, welcher</Unicode>
                </TextEquiv>
            </TextLine>
            <TextLine id="r4l16" custom="readingOrder {index:15;} person {offset:0; length:10;} person {offset:23; length:6;}">
                <Coords points="1469,1745 1663,1737 1705,1764 1780,1729 1997,1765 2075,1731 2245,1761 2414,1722 2415,1693 2238,1703 2096,1658 1936,1691 1872,1660 1793,1707 1686,1670 1469,1669"/>
                <Baseline points="1475,1721 1521,1721 1568,1721 1614,1721 1661,1722 1708,1722 1754,1724 1801,1725 1848,1727 1894,1728 1941,1730 1988,1730 2034,1731 2081,1731 2128,1731 2174,1730 2221,1729 2268,1726 2314,1723 2361,1721 2408,1715"/>
                <TextEquiv>
                    <Unicode>Brühlhardt es auch dem Hoofer bey vorgangener</Unicode>
                </TextEquiv>
            </TextLine>
            <TextLine id="r4l17" custom="readingOrder {index:16;}">
                <Coords points="1456,1834 1785,1800 1966,1829 2041,1799 2085,1825 2135,1804 2214,1821 2214,1770 2169,1736 2122,1767 1961,1779 1790,1737 1704,1764 1456,1742"/>
                <Baseline points="1463,1799 1500,1798 1537,1797 1574,1796 1611,1796 1649,1794 1686,1794 1723,1794 1760,1794 1797,1796 1835,1796 1872,1796 1909,1796 1946,1797 1983,1797 2021,1797 2058,1797 2095,1797 2132,1797 2169,1797 2207,1796"/>
                <TextEquiv>
                    <Unicode>Confrontation under Angen erhalten.</Unicode>
                </TextEquiv>
            </TextLine>
            <TextLine id="r4l18" custom="readingOrder {index:17;} place {offset:16; length:11;}">
                <Coords points="1446,1985 1527,1950 1607,1980 1676,1936 1758,1963 1945,1931 2019,1976 2083,1931 2204,1933 2242,1966 2307,1929 2398,1934 2397,1885 2190,1861 2014,1896 1940,1850 1872,1885 1445,1870"/>
                <Baseline points="1452,1935 1501,1934 1550,1932 1600,1931 1649,1929 1699,1929 1748,1928 1797,1928 1847,1928 1896,1928 1946,1928 1995,1928 2045,1928 2094,1928 2143,1928 2193,1928 2242,1928 2292,1928 2341,1928 2391,1928"/>
                <TextEquiv>
                    <Unicode>Habe Er auch zu Niderwangen Nächtlicherweil</Unicode>
                </TextEquiv>
            </TextLine>
            <TextLine id="r4l19" custom="readingOrder {index:18;}">
                <Coords points="1478,2001 1588,2002 1640,2043 1689,2009 1748,2031 1908,2004 2285,2032 2427,1991 2427,1950 2196,1965 2102,1934 2018,1977 1968,1936 1896,1970 1656,1940 1602,1981 1478,1958"/>
                <Baseline points="1485,2001 1531,1999 1578,1998 1625,1997 1672,1997 1719,1996 1765,1995 1812,1995 1859,1995 1906,1996 1953,1997 1999,1997 2046,1997 2093,1996 2140,1995 2187,1995 2233,1994 2280,1992 2327,1991 2374,1989 2421,1986"/>
                <TextEquiv>
                    <Unicode>in einen speicher gebrochen und bey an maß din</Unicode>
                </TextEquiv>
            </TextLine>
            <TextLine id="r4l20" custom="readingOrder {index:19;}">
                <Coords points="1464,2075 1721,2092 1841,2067 1935,2097 2180,2063 2298,2102 2404,2079 2383,1992 2279,2038 1908,2008 1642,2043 1588,2002 1464,1998"/>
                <Baseline points="1470,2063 1516,2061 1562,2060 1609,2060 1655,2060 1701,2060 1748,2060 1794,2060 1840,2061 1887,2061 1933,2063 1979,2063 2026,2063 2072,2063 2118,2063 2165,2063 2211,2062 2257,2061 2304,2058 2350,2055 2397,2052"/>
                <TextEquiv>
                    <Unicode>Wel darauß entwendt, welen Welchen Er den</Unicode>
                </TextEquiv>
            </TextLine>
            <TextLine id="r4l21" custom="readingOrder {index:20;} place {offset:8; length:8;}">
                <Coords points="1466,2142 1537,2170 1612,2138 1849,2166 1895,2129 2131,2174 2181,2134 2246,2159 2400,2129 2399,2094 2165,2107 2016,2067 1778,2102 1466,2075"/>
                <Baseline points="1473,2130 1519,2130 1565,2129 1611,2129 1657,2129 1703,2129 1749,2129 1795,2129 1841,2129 1887,2129 1933,2130 1979,2130 2025,2130 2071,2130 2117,2129 2163,2129 2209,2127 2255,2126 2301,2124 2347,2121 2393,2118"/>
                <TextEquiv>
                    <Unicode>Chyß zu Holligen umb 2 lb und a maß wein</Unicode>
                </TextEquiv>
            </TextLine>
            <TextLine id="r4l22" custom="readingOrder {index:21;}">
                <Coords points="1470,2207 1509,2202 1527,2221 1539,2211 1557,2223 1585,2215 1643,2248 1667,2248 1668,2163 1638,2158 1611,2137 1566,2166 1557,2160 1541,2171 1522,2158 1471,2148"/>
                <Baseline points="1476,2192 1502,2193 1528,2195 1555,2195 1581,2195 1608,2195 1634,2195 1661,2196"/>
                <TextEquiv>
                    <Unicode>Verkaūfft.</Unicode>
                </TextEquiv>
            </TextLine>
            <TextLine id="r4l23" custom="readingOrder {index:22;} person {offset:10; length:6;}">
                <Coords points="1403,2320 1645,2297 1720,2343 1773,2301 2030,2331 2106,2300 2327,2309 2385,2301 2385,2236 2164,2201 1973,2254 1861,2218 1648,2255 1493,2201 1402,2232"/>
                <Baseline points="1409,2309 1457,2306 1505,2303 1554,2301 1602,2300 1651,2298 1699,2298 1748,2297 1796,2297 1845,2297 1893,2298 1941,2298 1990,2298 2038,2298 2087,2300 2135,2300 2184,2300 2232,2299 2281,2298 2329,2297 2378,2295"/>
                <TextEquiv>
                    <Unicode>a dann er zoofer den gewesenen weibel von</Unicode>
                </TextEquiv>
            </TextLine>
            <TextLine id="r4l24" custom="readingOrder {index:23;} place {offset:0; length:7;} person {offset:12; length:12;}">
                <Coords points="1472,2363 2206,2395 2370,2378 2371,2324 2194,2298 2043,2340 1984,2311 1860,2335 1771,2302 1723,2342 1639,2347 1533,2300 1472,2317"/>
                <Baseline points="1478,2361 1522,2361 1566,2361 1610,2361 1655,2361 1699,2363 1743,2363 1788,2363 1832,2364 1876,2364 1921,2366 1965,2366 2009,2367 2053,2367 2098,2367 2142,2367 2186,2367 2231,2366 2275,2366 2319,2364 2364,2363"/>
                <TextEquiv>
                    <Unicode>Bümplig und hannd Linder par sobriguet</Unicode>
                </TextEquiv>
            </TextLine>
            <TextLine id="r4l25" custom="readingOrder {index:24;}">
                <Coords points="1465,2451 1924,2462 2017,2436 2156,2466 2407,2438 2357,2373 2308,2395 2256,2368 2197,2404 2138,2376 1764,2374 1716,2406 1604,2356 1465,2385"/>
                <Baseline points="1472,2427 1518,2427 1564,2427 1611,2428 1657,2429 1704,2429 1750,2429 1796,2430 1843,2430 1889,2431 1936,2432 1982,2432 2028,2432 2075,2432 2121,2432 2168,2432 2214,2432 2260,2430 2307,2430 2353,2429 2400,2427"/>
                <TextEquiv>
                    <Unicode>Güsper Genant Als mit gehülffen dieser diebstählen</Unicode>
                </TextEquiv>
            </TextLine>
            <TextLine id="r4l26" custom="readingOrder {index:25;}">
                <Coords points="1450,2531 2406,2517 2406,2463 2142,2481 2001,2436 1779,2471 1742,2447 1518,2479 1450,2459"/>
                <Baseline points="1457,2507 1504,2505 1551,2504 1598,2502 1645,2502 1692,2501 1739,2501 1786,2501 1833,2502 1880,2502 1928,2502 1975,2504 2022,2504 2069,2504 2116,2504 2163,2504 2210,2502 2257,2502 2304,2500 2351,2498 2399,2495"/>
                <TextEquiv>
                    <Unicode>Angeben, Nachwehrts aber dieselben widerumb</Unicode>
                </TextEquiv>
            </TextLine>
            <TextLine id="r4l27" custom="readingOrder {index:26;}">
                <Coords points="1484,2594 1622,2613 1707,2580 1797,2613 2000,2584 2035,2610 2117,2583 2280,2608 2400,2593 2400,2530 2182,2503 1943,2559 1772,2516 1691,2561 1575,2522 1483,2533"/>
                <Baseline points="1490,2576 1535,2576 1580,2574 1625,2574 1670,2574 1715,2574 1760,2576 1806,2576 1851,2576 1896,2576 1941,2576 1986,2577 2031,2577 2076,2576 2122,2576 2167,2576 2212,2574 2257,2573 2302,2571 2347,2568 2393,2565"/>
                <TextEquiv>
                    <Unicode>entschlagen und oihnen unrecht gethan zu haben</Unicode>
                </TextEquiv>
            </TextLine>
            <TextLine id="r4l28" custom="readingOrder {index:27;}">
                <Coords points="1475,2668 1505,2673 1514,2667 1526,2674 1534,2667 1558,2677 1599,2660 1644,2667 1643,2604 1622,2613 1607,2602 1574,2594 1566,2602 1543,2601 1534,2611 1507,2595 1484,2604 1473,2601"/>
                <Baseline points="1481,2660 1507,2658 1533,2657 1559,2657 1585,2657 1611,2657 1637,2654"/>
                <TextEquiv>
                    <Unicode>bekennt.</Unicode>
                </TextEquiv>
            </TextLine>
            <TextLine id="r4l29" custom="readingOrder {index:28;} person {offset:21; length:13;}">
                <Coords points="1484,2769 1598,2809 1863,2762 2116,2797 2190,2761 2365,2783 2430,2763 2430,2698 2309,2736 2191,2675 2020,2655 1883,2700 1644,2695 1568,2732 1484,2711"/>
                <Baseline points="1491,2760 1537,2759 1584,2757 1630,2757 1677,2756 1724,2756 1770,2756 1817,2757 1863,2757 1910,2757 1957,2759 2003,2759 2050,2759 2096,2760 2143,2760 2190,2760 2236,2760 2283,2760 2329,2759 2376,2757 2423,2756"/>
                <TextEquiv>
                    <Unicode>abe er mit hulff des Geörg Hoofers seines bru</Unicode>
                </TextEquiv>
            </TextLine>
            <TextLine id="r4l30" custom="readingOrder {index:29;} place {offset:17; length:7;} place {offset:31; length:9;}">
                <Coords points="1463,2823 1680,2859 1737,2825 1902,2828 1968,2870 2082,2826 2395,2853 2415,2765 2284,2802 2217,2762 2116,2804 1997,2763 1598,2809 1463,2793"/>
                <Baseline points="1469,2825 1518,2823 1567,2820 1617,2820 1666,2819 1716,2819 1765,2819 1814,2819 1864,2820 1913,2820 1963,2822 2012,2822 2062,2823 2111,2823 2160,2823 2210,2823 2259,2823 2309,2822 2358,2821 2408,2819"/>
                <TextEquiv>
                    <Unicode>einem banoren zu Riedwyl ambts Burgdorff</Unicode>
                </TextEquiv>
            </TextLine>
            <TextLine id="r4l31" custom="readingOrder {index:30;}">
                <Coords points="1457,2912 1627,2935 1826,2891 1912,2929 1975,2895 2009,2923 2100,2894 2243,2922 2403,2895 2403,2861 2338,2827 1969,2870 1917,2840 1773,2868 1457,2827"/>
                <Baseline points="1464,2895 1510,2894 1557,2891 1603,2890 1650,2889 1697,2888 1743,2888 1790,2888 1836,2888 1883,2889 1930,2889 1976,2889 2023,2891 2069,2891 2116,2891 2163,2891 2209,2891 2256,2889 2302,2889 2349,2886 2396,2885"/>
                <TextEquiv>
                    <Unicode>Nächtlicher Wyl ein junges Rindt auß dem</Unicode>
                </TextEquiv>
            </TextLine>
            <TextLine id="r4l32" custom="readingOrder {index:31;}">
                <Coords points="1478,2973 2412,2979 2396,2913 2288,2928 2207,2896 2021,2940 1930,2915 1634,2941 1478,2907"/>
                <Baseline points="1485,2958 1531,2958 1577,2957 1623,2957 1669,2957 1715,2957 1761,2957 1807,2957 1853,2957 1899,2958 1945,2958 1991,2958 2037,2960 2083,2960 2129,2960 2175,2960 2221,2958 2267,2958 2313,2957 2359,2955 2405,2952"/>
                <TextEquiv>
                    <Unicode>stall genommen und solches in einer matten nechst</Unicode>
                </TextEquiv>
            </TextLine>
            <TextLine id="r4l33" custom="readingOrder {index:32;} place {offset:40; length:5;}">
                <Coords points="1469,3037 1888,3065 2047,3043 2090,3069 2151,3025 2242,3059 2299,3027 2360,3053 2426,3032 2426,2976 2249,2970 2207,3007 2149,2956 1925,2993 1875,2959 1811,3003 1702,2959 1639,2993 1575,2958 1469,2983"/>
                <Baseline points="1476,3026 1523,3026 1570,3026 1617,3026 1664,3027 1712,3027 1759,3028 1806,3029 1853,3029 1900,3029 1948,3030 1995,3030 2042,3030 2089,3029 2136,3029 2184,3027 2231,3026 2278,3025 2325,3023 2372,3021 2420,3018"/>
                <TextEquiv>
                    <Unicode>Vor der statt gemetzget, darbey dann zu Wußen</Unicode>
                </TextEquiv>
            </TextLine>
            <TextLine id="r4l34" custom="readingOrder {index:33;}">
                <Coords points="1466,3103 1960,3132 2027,3096 2082,3128 2272,3090 2380,3119 2370,3047 2075,3079 1957,3042 1837,3079 1738,3048 1582,3080 1465,3044"/>
                <Baseline points="1472,3096 1517,3096 1562,3096 1607,3096 1652,3096 1697,3096 1742,3096 1787,3096 1832,3096 1877,3096 1922,3096 1967,3096 2012,3096 2057,3096 2102,3096 2147,3095 2192,3094 2237,3093 2282,3091 2327,3089 2373,3087"/>
                <TextEquiv>
                    <Unicode>daß in gehaltener nachforschung von Nünwh</Unicode>
                </TextEquiv>
            </TextLine>
            <TextLine id="r4l35" custom="readingOrder {index:34;} place {offset:17; length:9;}">
                <Coords points="1466,3183 1583,3171 1645,3206 1861,3164 1911,3200 2128,3164 2207,3184 2415,3163 2415,3119 2282,3134 2162,3094 1941,3137 1819,3115 1787,3147 1750,3117 1465,3122"/>
                <Baseline points="1473,3168 1519,3167 1566,3167 1613,3167 1660,3165 1706,3165 1753,3165 1800,3165 1847,3164 1893,3164 1940,3164 1987,3162 2034,3162 2080,3161 2127,3160 2174,3159 2221,3158 2267,3156 2314,3155 2361,3153 2408,3152"/>
                <TextEquiv>
                    <Unicode>Schuldtheißen zu Burgdorff der bericht einkommen</Unicode>
                </TextEquiv>
            </TextLine>
            <TextLine id="r4l36" custom="readingOrder {index:35;} place {offset:40; length:8;}">
                <Coords points="1471,3262 2043,3244 2131,3276 2265,3232 2430,3240 2428,3190 2348,3170 2105,3182 2054,3215 1912,3207 1861,3163 1765,3208 1469,3186"/>
                <Baseline points="1478,3242 1525,3242 1572,3241 1619,3240 1667,3240 1714,3239 1761,3239 1808,3237 1856,3237 1903,3236 1950,3234 1997,3234 2045,3233 2092,3231 2139,3230 2186,3228 2234,3226 2281,3224 2328,3222 2375,3220 2423,3218"/>
                <TextEquiv>
                    <Unicode>daß dieser veich diebstahl wurcklich zu Riedtwyl</Unicode>
                </TextEquiv>
            </TextLine>
            <TextLine id="r4l37" custom="readingOrder {index:36;}">
                <Coords points="1480,3333 1543,3321 1572,3342 1620,3318 1685,3329 1770,3323 1823,3310 1823,3289 1798,3292 1751,3256 1733,3265 1703,3242 1648,3273 1623,3264 1606,3282 1567,3268 1517,3282 1479,3266"/>
                <Baseline points="1487,3315 1512,3315 1537,3315 1563,3315 1588,3315 1613,3314 1639,3314 1664,3314 1690,3312 1715,3312 1740,3311 1766,3310 1791,3309 1817,3308"/>
                <TextEquiv>
                    <Unicode>verübt worden.</Unicode>
                </TextEquiv>
            </TextLine>
            <TextLine id="r4l38" custom="readingOrder {index:37;}">
                <Coords points="2147,3398 2158,3395 2181,3407 2205,3386 2223,3385 2269,3409 2299,3400 2342,3413 2343,3304 2291,3307 2262,3326 2246,3316 2228,3330 2205,3318 2188,3332 2148,3337"/>
                <Baseline points="2154,3380 2180,3378 2206,3378 2232,3377 2258,3377 2284,3378 2310,3379 2336,3381"/>
                <TextEquiv>
                    <Unicode>4 Mit</Unicode>
                </TextEquiv>
            </TextLine>
            <TextEquiv>
                <Unicode>78
Alls auß 6ör Jurl HochenMittel Verordn
den herren cocaminatoren den 9ten martii
Den 2 ten und 8ten aprilio letsthin auch pimlichen
und mit anwendung der Marter und also zu
vielen underschiedelichen mahlen examiniert worden
Welcher dann theils ohne, theils durch die Marter
volgende diebstähl begangen ze haben, bekent und
verzachen.
seye er Hoofer vor ohngefehrt 6 jahren zu Ober
N.
wangen nächtlicher weil in einen speicher
gebrochen, darauß bey 12 maß dinckel gestohn
len und solchen einem dryburgischen underthanen
nammens Hanns Brühlhardt verkauffen, welcher
Brühlhardt es auch dem Hoofer bey vorgangener
Confrontation under Angen erhalten.
Habe Er auch zu Niderwangen Nächtlicherweil
in einen speicher gebrochen und bey an maß din
Wel darauß entwendt, welen Welchen Er den
Chyß zu Holligen umb 2 lb und a maß wein
Verkaūfft.
a dann er zoofer den gewesenen weibel von
Bümplig und hannd Linder par sobriguet
Güsper Genant Als mit gehülffen dieser diebstählen
Angeben, Nachwehrts aber dieselben widerumb
entschlagen und oihnen unrecht gethan zu haben
bekennt.
abe er mit hulff des Geörg Hoofers seines bru
einem banoren zu Riedwyl ambts Burgdorff
Nächtlicher Wyl ein junges Rindt auß dem
stall genommen und solches in einer matten nechst
Vor der statt gemetzget, darbey dann zu Wußen
daß in gehaltener nachforschung von Nünwh
Schuldtheißen zu Burgdorff der bericht einkommen
daß dieser veich diebstahl wurcklich zu Riedtwyl
verübt worden.
4 Mit</Unicode>
            </TextEquiv>
        </TextRegion>
    </Page>
</PcGts>
