3024 4032
150 599 225 712 E
163 764 225 846 R
145 884 229 996 E.
144 1165 220 1284 R.
124 1388 232 1505 E.
155 1509 244 1610 R.
263 567 305 633 2
260 571 1237 721 Ob Er nit auch andere Als etwann
282 674 1262 780 Zurach oder Baßbar Muntz gemacht habe
260 744 1259 882 Nem Er habe sein Lebtag keine der glei¬
298 828 873 935 chen Mintz gemacht
288 912 1225 1015 Ob er dann nit auch stampffel zu
253 974 1240 1080 Gaßler oder Zūrich Mūntz als Zweÿ
281 1044 1252 1153 schilliger, Plappert oder Zūrich schillin
269 1104 541 1201 gemacht.
276 1177 1224 1264 Nem er habe keine Stampffel zu
251 1259 1266 1381 Gaßler oder Zürich Muntz niemahlen
274 1326 549 1430 gemacht.
263 1408 1251 1528 Wer ihne gelehrt habe Stämpffel mach
293 1484 1267 1612 der Schue thöni seye vor Vngefahr an¬
282 1572 1240 1681 derthalb Jahren zu ihme kommen und
280 1642 1261 1732 ihme solches angeben und mit einer
276 1718 1236 1794 Kreiden vorgerisen, Allein er habe es
286 1780 1254 1888 nit machen können, wie der Thöni sol¬
287 1847 1266 1962 ches gerißen, hernach habe der Christen
291 1934 1258 2040 angenegger von Langnaulo ihme
280 2013 1262 2116 einen Stempfel gezeigt, und gesagt wie
262 2090 1260 2189 sie seyn sollen, disem Langenegger
274 2141 1217 2242 habe er vor einem Jahr auff sein
258 2214 1247 2338 Inständiges Anhalten eine Rustig wie
268 2284 1241 2394 ein oleyzug gemacht, darinnen ein
259 2343 1266 2469 Plappert Model, ein Zūrich schilling und
274 2411 1264 2522 ein Zweyschilliger Model gewesen, habe
266 2487 1271 2598 Aber nir das Plaxpert Model Braūchen
278 2576 1242 2680 konnen. Nachwerts aber habs In
281 2635 1250 2744 geraulden, daß er solche Rustig ge¬
280 2706 1233 2827 macht, und selbige auch von dem
284 2787 1233 2896 angenegger loider begehrt, der sie
272 2840 1258 2942 aber nit widergeben wollen, sonder
280 2902 1280 3027 gesagt, Er habe gedeutes Instrumen
278 2995 1280 3118 seinem Schwager Verkaufft, Es haben
290 3047 1264 3176 auch der Langenegger und sihne thön
280 3119 1182 3232 ein eilffschilliger mödel gehabt
278 3191 1271 3317 Als auch auff ein andermahl der
280 3266 1246 3386 shne thoni zu ihme kommen, habe
1088 3358 1253 3473 er.
1405 577 2434 728 Er ihme zwey holtzige Jutschlin gebracht
1431 672 2400 784 mit begehren daß er inngold ihme
1403 736 2371 842 Zwey stächlene stäcklin aūff dise
1411 813 2406 907 form machen solle, so er auch gethan
1415 860 2418 970 Nachloerts habe der Thöni aūf das eints
1412 926 2391 1026 einen Zurichschilt, und auff das
1424 994 2408 1105 andre einen Adler gestochen, und sie
1405 1049 2417 1169 Ihme Inngold loidergebracht, mit
1417 1127 2347 1239 begehren daß Er sie hertnen solle
1421 1196 2427 1285 Als er aber solches nicht thun wollen
1427 1265 2400 1374 habe der Tharj sie, in seiner Berck¬
1415 1335 2082 1445 statt selbsten gehertnet
1372 1439 2396 1581 Solchem nach ward diser shristen
1421 1549 2156 1658 Jnngold ferners befragt.
1326 1655 1419 1758 E.
1450 1636 2383 1769 Wer die falschen Plappert gemacht:
1342 1751 1408 1829 R.
1446 1760 2413 1874 der Christen Langenegger und der
1376 1805 1427 1887 C
1439 1835 2405 1945 Sohne thoni habend falsche Plappert
1445 1902 2419 1992 und drey Krutzler gemacht, und habe
1434 1955 2401 2077 der Letstere namlich der Schnethöni
1442 2028 2413 2144 in sein Jungalds werckstatt auf dem
1443 2094 2389 2213 ainboß faltsche Muntz geschlagen
1328 2183 1410 2281 R.
1458 2181 2421 2296 Ob nit auch andere mehr zu Röhtenbach
1452 2253 2373 2349 dergleichen falsche muntz gemacht
1442 2323 1621 2406 haben
1328 2371 1407 2464 R.
1397 2381 2406 2453 Er habe von den Röhtenbächeren mit
1452 2444 2391 2537 gesehen, aber wohl schon Gar lang von
1442 2506 1974 2602 ihnen gehört sagen.
1343 2556 1410 2644 E.
1442 2568 2431 2692 Ob er jungold nit auch thaler gemacht
1426 2633 1551 2728 habe
1328 2699 1401 2812 R.
1433 2714 2421 2836 Nein er habe nie keinen Thaler gemacht.
1336 2807 1406 2896 2.
1441 2799 2433 2924 ob er nit einen genant Portbubkenne.
1435 2885 2433 3015 Nei Er kene ihn nicht, habe aber wohl
1441 2971 2016 3089 von Ihme gehort sagen
1437 3049 2380 3171 Ob Er keinen herren von Basel kenne
1433 3100 2406 3236 der vnderweylen davorbey passirt,
1321 3176 1394 3294 E.
1437 3196 2416 3331 Nein Er habe keinen gesechen, aber
1460 3279 2265 3373 wohl von einem gehort sagen.
2159 3387 2389 3490 2Ob etc.
2438 1426 2466 1483 e
