<?xml version="1.0" encoding="UTF-8" standalone="yes"?>
<PcGts xmlns="http://schema.primaresearch.org/PAGE/gts/pagecontent/2013-07-15" xmlns:xsi="http://www.w3.org/2001/XMLSchema-instance" xsi:schemaLocation="http://schema.primaresearch.org/PAGE/gts/pagecontent/2013-07-15 http://schema.primaresearch.org/PAGE/gts/pagecontent/2013-07-15/pagecontent.xsd">
    <Metadata>
        <Creator>prov=University of Rostock/Institute of Mathematics/CITlab|PLANET AI GmbH/Gundram Leifert/gundram.leifert@planet-ai.de:name=German_Kurrent_XVI-XVIII_M1(htr_id=19584)::::v=2.6.7
prov=University of Rostock/Institute of Mathematics/CITlab|PLANET AI GmbH/Tobias Gruening/tobias.gruening@planet-ai.de:name=de.uros.citlab.module.baseline2polygon.B2PSeamMultiOriented:v=2.6.7
prov=University of Rostock/Institute of Mathematics/CITlab|PLANET AI GmbH/Tobias Gruening/tobias.gruening@planet-ai.de:name=/net_tf/LA73_249_0mod360.pb:de.uros.citlab.segmentation.CITlab_LA_ML:v=2.6.7
Transkribus</Creator>
        <Created>2021-03-11T14:07:49.195+01:00</Created>
        <LastChange>2022-09-12T15:10:06.302+02:00</LastChange>
        <TranskribusMetadata docId="1334842" pageId="52362267" pageNr="108" tsid="114644070" status="IN_PROGRESS" userId="9570" imgUrl="https://files.transkribus.eu/Get?id=XLCDKZUFCKWPHFWUTUDAAEJL&amp;fileType=view" xmlUrl="https://files.transkribus.eu/Get?id=OIXMIQRCSVVMLCXQMBBGGARE" imageId="19038983"/>
    </Metadata>
    <Page imageFilename="IMG_9189.jpg" imageWidth="3024" imageHeight="4032">
        <ReadingOrder>
            <OrderedGroup id="ro_1687513674066" caption="Regions reading order">
                <RegionRefIndexed index="0" regionRef="r1"/>
                <RegionRefIndexed index="1" regionRef="r2"/>
                <RegionRefIndexed index="2" regionRef="r3"/>
                <RegionRefIndexed index="3" regionRef="r4"/>
            </OrderedGroup>
        </ReadingOrder>
        <TextRegion orientation="0.0" id="r1" custom="readingOrder {index:0;}">
            <Coords points="182,568 182,733 290,733 290,568"/>
            <TextLine id="r1l1" custom="readingOrder {index:0;}">
                <Coords points="177,689 189,687 204,694 221,685 234,688 260,676 298,680 286,603 246,626 228,626 221,634 207,630 193,636 179,629 169,634"/>
                <Baseline points="182,683 209,680 236,676 263,671 290,668"/>
                <TextEquiv>
                    <Unicode>80</Unicode>
                </TextEquiv>
            </TextLine>
            <TextEquiv>
                <Unicode>80</Unicode>
            </TextEquiv>
        </TextRegion>
        <TextRegion orientation="0.0" id="r2" custom="readingOrder {index:1;}">
            <Coords points="209,2185 209,2341 330,2341 330,2185"/>
            <TextLine id="r2l1" custom="readingOrder {index:0;} person {offset:1; length:6;}">
                <Coords points="204,2309 226,2318 259,2303 276,2301 288,2306 300,2295 312,2303 337,2291 334,2230 320,2231 311,2224 294,2230 280,2223 265,2239 222,2227 201,2231"/>
                <Baseline points="209,2291 239,2288 269,2286 299,2285 330,2286"/>
                <TextEquiv>
                    <Unicode> Müller</Unicode>
                </TextEquiv>
            </TextLine>
            <TextEquiv>
                <Unicode> Müller</Unicode>
            </TextEquiv>
        </TextRegion>
        <TextRegion orientation="0.0" id="r3" custom="readingOrder {index:2;}">
            <Coords points="333,692 333,3291 1281,3291 1281,692"/>
            <TextLine id="r3l1" custom="readingOrder {index:0;}">
                <Coords points="918,729 926,729 931,726 938,733 939,731 943,731 945,729 950,729 953,731 960,730 960,701 954,701 952,704 945,705 943,702 931,700 924,706 918,706"/>
                <Baseline points="924,720 954,720"/>
                <TextEquiv>
                    <Unicode></Unicode>
                </TextEquiv>
            </TextLine>
            <TextLine id="r3l2" custom="readingOrder {index:1;}">
                <Coords points="514,786 554,748 588,773 628,744 739,745 782,726 915,730 911,674 819,674 802,661 719,683 686,661 670,671 615,661 578,679 524,649 507,659"/>
                <Baseline points="518,743 544,740 570,738 596,736 622,734 648,732 674,731 700,729 726,727 752,725 778,725 804,723 830,722 856,720 882,720 908,719"/>
                <TextEquiv>
                    <Unicode>Information</Unicode>
                </TextEquiv>
            </TextLine>
            <TextLine id="r3l3" custom="readingOrder {index:2;}">
                <Coords points="471,853 517,817 623,803 777,848 873,801 1079,799 1078,761 922,749 846,767 764,732 714,757 631,744 575,786 538,768 518,788 469,782"/>
                <Baseline points="476,815 505,812 535,810 565,808 595,806 625,804 655,802 684,801 714,800 744,799 774,798 804,797 834,797 864,795 893,795 923,794 953,794 983,794 1013,792 1043,792 1073,791"/>
                <TextEquiv>
                    <Unicode>und auffgenomener</Unicode>
                </TextEquiv>
            </TextLine>
            <TextLine id="r3l4" custom="readingOrder {index:3;}">
                <Coords points="344,886 537,857 617,898 826,853 1092,857 1254,906 1252,824 1129,826 1082,793 878,801 837,831 784,799 711,842 541,813 489,844 343,806"/>
                <Baseline points="351,870 395,870 440,869 485,869 530,867 575,866 619,864 664,863 709,861 754,860 799,858 843,857 888,857 933,855 978,855 1023,855 1067,855 1112,857 1157,858 1202,860 1247,863"/>
                <TextEquiv>
                    <Unicode>Bericht wegen der den 17. Januari</Unicode>
                </TextEquiv>
            </TextLine>
            <TextLine id="r3l5" custom="readingOrder {index:4;}">
                <Coords points="342,937 507,926 553,952 657,916 734,944 790,916 829,952 880,915 1170,909 1169,862 1120,888 791,864 630,898 567,872 341,884"/>
                <Baseline points="348,923 388,923 429,923 470,921 511,920 552,919 592,918 633,917 674,915 715,914 756,912 796,911 837,909 878,908 919,907 960,906 1000,905 1041,904 1082,903 1123,903 1164,902"/>
                <TextEquiv>
                    <Unicode>A719 zum distelzwang an herr</Unicode>
                </TextEquiv>
            </TextLine>
            <TextLine id="r3l6" custom="readingOrder {index:5;} person {offset:0; length:13;}">
                <Coords points="347,992 507,1010 539,982 740,977 825,1009 979,970 1254,981 1265,929 1188,898 1060,940 932,912 622,950 493,931 456,960 384,924 346,952"/>
                <Baseline points="353,980 398,980 443,980 488,978 534,977 579,975 624,974 670,972 715,969 760,967 806,965 851,962 896,960 941,959 987,957 1032,957 1077,957 1123,957 1168,959 1213,960 1259,963"/>
                <TextEquiv>
                    <Unicode>Frantz Müller beschechenen Endtleib¬</Unicode>
                </TextEquiv>
            </TextLine>
            <TextLine id="r3l7" custom="readingOrder {index:6;}">
                <Coords points="342,1048 351,1045 356,1050 380,1051 399,1066 426,1046 450,1047 450,1003 432,997 413,1006 383,982 373,985 361,997 341,1002"/>
                <Baseline points="348,1032 380,1031 412,1029 444,1032"/>
                <TextEquiv>
                    <Unicode>ung</Unicode>
                </TextEquiv>
            </TextLine>
            <TextLine id="r3l8" custom="readingOrder {index:7;}">
                <Coords points="337,1139 677,1102 892,1104 936,1133 1035,1099 1244,1118 1226,1039 1105,1072 1016,1037 975,1067 894,1034 822,1070 716,1044 673,1079 557,1036 455,1076 335,1047"/>
                <Baseline points="342,1119 386,1116 431,1115 476,1112 521,1110 566,1109 610,1107 655,1106 700,1104 745,1103 790,1101 834,1100 879,1100 924,1100 969,1098 1014,1098 1058,1098 1103,1100 1148,1100 1193,1101 1238,1103"/>
                <TextEquiv>
                    <Unicode>Nachdeme Ihr Gue Dieneren</Unicode>
                </TextEquiv>
            </TextLine>
            <TextLine id="r3l9" custom="readingOrder {index:8;}">
                <Coords points="335,1189 401,1161 510,1186 551,1160 633,1183 899,1150 974,1182 1028,1154 1223,1153 1222,1120 1101,1098 938,1132 681,1102 556,1138 375,1121 334,1147"/>
                <Baseline points="341,1170 384,1169 428,1167 472,1165 516,1164 560,1161 603,1160 647,1158 691,1157 735,1154 779,1153 822,1152 866,1151 910,1149 954,1149 998,1149 1041,1149 1085,1149 1129,1149 1173,1151 1217,1152"/>
                <TextEquiv>
                    <Unicode>Min wh Großweibel eihooff und</Unicode>
                </TextEquiv>
            </TextLine>
            <TextLine id="r3l10" custom="readingOrder {index:9;}">
                <Coords points="1192,1220 1200,1221 1208,1218 1217,1224 1229,1215 1238,1216 1242,1173 1232,1171 1227,1165 1223,1168 1212,1156 1204,1161 1198,1160"/>
                <Baseline points="1200,1202 1233,1205"/>
                <TextEquiv>
                    <Unicode></Unicode>
                </TextEquiv>
            </TextLine>
            <TextLine id="r3l11" custom="readingOrder {index:10;} place {offset:18; length:10;}">
                <Coords points="345,1227 427,1254 473,1218 505,1248 693,1212 731,1243 774,1221 845,1240 966,1202 1088,1241 1192,1206 1191,1161 344,1184"/>
                <Baseline points="351,1218 392,1217 434,1217 476,1216 517,1215 559,1214 601,1212 642,1211 684,1209 726,1208 768,1206 809,1205 851,1203 893,1202 934,1200 976,1200 1018,1199 1059,1199 1101,1199 1143,1199 1185,1200"/>
                <TextEquiv>
                    <Unicode>grichtschreiberen Wyttenbach hin</Unicode>
                </TextEquiv>
            </TextLine>
            <TextLine id="r3l12" custom="readingOrder {index:11;} person {offset:33; length:7; continued:true;}">
                <Coords points="341,1281 501,1305 589,1270 1254,1277 1253,1224 1192,1206 1082,1242 1020,1213 732,1243 561,1218 508,1248 471,1220 428,1253 340,1225"/>
                <Baseline points="347,1272 392,1272 437,1271 482,1269 527,1268 572,1267 617,1266 662,1263 707,1263 752,1262 797,1260 842,1259 887,1259 932,1259 977,1259 1022,1259 1067,1259 1112,1260 1157,1261 1202,1262 1247,1265"/>
                <TextEquiv>
                    <Unicode>derbracht worden, waßmaßen herrn franntz</Unicode>
                </TextEquiv>
            </TextLine>
            <TextLine id="r3l13" custom="readingOrder {index:12;} person {offset:0; length:6; continued:true;} person {offset:13; length:22;}">
                <Coords points="332,1347 718,1332 771,1355 1056,1317 1160,1350 1243,1331 1242,1286 771,1302 653,1269 595,1299 546,1275 502,1306 401,1279 331,1303"/>
                <Baseline points="338,1334 382,1333 427,1331 472,1329 517,1328 562,1326 607,1325 652,1323 697,1322 742,1321 787,1320 831,1319 876,1317 921,1317 966,1317 1011,1316 1056,1316 1101,1317 1146,1317 1191,1319 1236,1320"/>
                <TextEquiv>
                    <Unicode>Müller von H Albrecht von Wattenwyl, al¬</Unicode>
                </TextEquiv>
            </TextLine>
            <TextLine id="r3l14" custom="readingOrder {index:13;} place {offset:9; length:11;}">
                <Coords points="332,1419 404,1401 445,1428 549,1380 597,1409 730,1382 789,1414 861,1374 913,1406 1094,1380 1176,1416 1245,1394 1244,1339 1188,1362 1006,1318 810,1356 596,1339 556,1371 494,1335 331,1368"/>
                <Baseline points="338,1392 383,1391 428,1389 473,1388 518,1386 563,1385 608,1383 653,1380 698,1379 743,1377 788,1376 833,1374 878,1373 923,1373 968,1373 1013,1373 1058,1374 1103,1376 1148,1377 1193,1380 1239,1385"/>
                <TextEquiv>
                    <Unicode>hier bym Distelzwang Nach Mitternacht</Unicode>
                </TextEquiv>
            </TextLine>
            <TextLine id="r3l15" custom="readingOrder {index:14;}">
                <Coords points="335,1484 405,1450 475,1483 600,1444 815,1474 947,1437 1059,1470 1171,1440 1254,1455 1253,1421 1035,1383 938,1415 862,1394 565,1419 511,1388 447,1427 334,1417"/>
                <Baseline points="341,1451 386,1449 431,1449 476,1448 522,1446 567,1445 612,1443 658,1442 703,1439 748,1437 794,1436 839,1434 884,1434 929,1433 975,1433 1020,1431 1065,1433 1111,1433 1156,1434 1201,1437 1247,1439"/>
                <TextEquiv>
                    <Unicode>zwüschen v. und 2 uhren durch einen</Unicode>
                </TextEquiv>
            </TextLine>
            <TextLine id="r3l16" custom="readingOrder {index:15;}">
                <Coords points="340,1524 602,1537 689,1501 1001,1498 1094,1544 1156,1509 1273,1507 1272,1466 857,1441 816,1474 621,1451 480,1489 415,1452 339,1486"/>
                <Baseline points="347,1520 395,1518 443,1514 492,1512 540,1509 588,1507 637,1505 685,1502 733,1500 782,1497 830,1496 879,1495 927,1494 975,1494 1024,1494 1072,1494 1120,1496 1169,1497 1217,1500 1266,1503"/>
                <TextEquiv>
                    <Unicode>tödtlichen sich entleibet worden, habend</Unicode>
                </TextEquiv>
            </TextLine>
            <TextLine id="r3l17" custom="readingOrder {index:16;}">
                <Coords points="344,1593 695,1599 815,1562 926,1601 1035,1559 1124,1595 1272,1582 1271,1527 1200,1509 1099,1542 1016,1508 516,1547 343,1525"/>
                <Baseline points="350,1581 395,1580 441,1578 487,1576 533,1574 579,1571 624,1568 670,1566 716,1564 762,1560 808,1559 853,1557 899,1556 945,1554 991,1554 1037,1554 1082,1556 1128,1557 1174,1560 1220,1564 1266,1568"/>
                <TextEquiv>
                    <Unicode>Selbige zu gebührender Erstattung Ihrer</Unicode>
                </TextEquiv>
            </TextLine>
            <TextLine id="r3l18" custom="readingOrder {index:17;}">
                <Coords points="327,1666 505,1674 698,1624 830,1655 1030,1620 1168,1662 1203,1643 1202,1605 1011,1564 904,1606 786,1578 326,1590"/>
                <Baseline points="333,1641 376,1640 419,1638 462,1636 505,1634 548,1632 591,1631 635,1629 678,1627 721,1625 764,1624 807,1623 850,1622 893,1622 937,1620 980,1620 1023,1620 1066,1622 1109,1622 1152,1623 1196,1625"/>
                <TextEquiv>
                    <Unicode>Pflicht alsobald die jenigen persohnen,</Unicode>
                </TextEquiv>
            </TextLine>
            <TextLine id="r3l19" custom="readingOrder {index:18;}">
                <Coords points="351,1712 447,1692 518,1731 565,1687 905,1711 972,1679 1058,1710 1089,1685 1206,1693 1205,1643 983,1623 825,1659 775,1636 740,1665 709,1637 653,1659 590,1632 527,1673 350,1677"/>
                <Baseline points="356,1700 398,1697 440,1694 482,1692 524,1691 567,1688 609,1686 651,1685 693,1683 735,1682 778,1680 820,1679 862,1678 904,1677 946,1677 989,1677 1031,1677 1073,1677 1115,1677 1157,1679 1200,1680"/>
                <TextEquiv>
                    <Unicode>wie auch den stubenwührt und seine</Unicode>
                </TextEquiv>
            </TextLine>
            <TextLine id="r3l20" custom="readingOrder {index:19;}">
                <Coords points="335,1774 1248,1749 1246,1693 1111,1685 988,1721 814,1690 738,1724 561,1691 518,1731 458,1696 335,1744"/>
                <Baseline points="341,1760 386,1755 431,1753 476,1750 521,1748 566,1746 611,1745 656,1743 701,1742 746,1740 791,1739 836,1739 881,1739 926,1737 971,1737 1016,1737 1061,1737 1106,1737 1151,1737 1196,1737 1241,1736"/>
                <TextEquiv>
                    <Unicode>Leüthe, die wegen hergangenheit dieses</Unicode>
                </TextEquiv>
            </TextLine>
            <TextLine id="r3l21" custom="readingOrder {index:20;}">
                <Coords points="362,1816 490,1805 546,1834 573,1811 634,1840 768,1798 1035,1830 1114,1800 1183,1839 1248,1807 1247,1749 602,1788 496,1767 437,1792 361,1767"/>
                <Baseline points="368,1811 411,1809 455,1808 499,1806 542,1805 586,1802 630,1802 673,1800 717,1799 761,1797 805,1797 848,1796 892,1796 936,1796 979,1796 1023,1796 1067,1796 1110,1797 1154,1797 1198,1799 1242,1802"/>
                <TextEquiv>
                    <Unicode>trauwrigen Casus einichen Bericht erthei</Unicode>
                </TextEquiv>
            </TextLine>
            <TextLine id="r3l22" custom="readingOrder {index:21;}">
                <Coords points="347,1871 1268,1875 1267,1814 1187,1838 911,1803 565,1844 471,1808 423,1836 346,1824"/>
                <Baseline points="353,1863 398,1863 443,1862 489,1862 534,1860 580,1859 625,1859 671,1857 716,1856 762,1856 807,1854 852,1854 898,1853 943,1853 989,1853 1034,1853 1080,1853 1125,1854 1171,1856 1216,1857 1262,1859"/>
                <TextEquiv>
                    <Unicode>lenkönnen, nach vorher beschechener ernst</Unicode>
                </TextEquiv>
            </TextLine>
            <TextLine id="r3l23" custom="readingOrder {index:22;}">
                <Coords points="353,1946 473,1912 688,1951 785,1914 1037,1916 1130,1954 1254,1925 1254,1894 1167,1873 929,1898 818,1857 679,1898 610,1865 572,1893 531,1865 353,1869"/>
                <Baseline points="359,1922 403,1922 447,1920 492,1920 536,1919 581,1917 625,1916 670,1915 714,1914 759,1913 803,1912 847,1911 892,1911 936,1911 981,1911 1025,1911 1070,1913 1114,1914 1159,1916 1203,1918 1248,1920"/>
                <TextEquiv>
                    <Unicode>licher Vorstellung und erinnerung ihrer</Unicode>
                </TextEquiv>
            </TextLine>
            <TextLine id="r3l24" custom="readingOrder {index:23;}">
                <Coords points="354,1993 434,2013 682,1978 853,2012 938,1970 1141,1999 1164,1992 1163,1935 1129,1954 955,1912 863,1949 765,1917 695,1957 418,1922 353,1950"/>
                <Baseline points="360,1980 399,1980 439,1979 479,1979 519,1978 559,1977 599,1977 638,1976 678,1975 718,1974 758,1973 798,1973 838,1971 878,1971 917,1971 957,1970 997,1970 1037,1970 1077,1970 1117,1971 1157,1971"/>
                <TextEquiv>
                    <Unicode>pflicht in dero außsaag vernommen</Unicode>
                </TextEquiv>
            </TextLine>
            <TextLine id="r3l25" custom="readingOrder {index:24;}">
                <Coords points="1170,1969 1178,1970 1188,1986 1191,1985 1196,1987 1207,1943 1202,1942 1199,1938 1193,1938 1190,1934 1186,1935 1180,1933"/>
                <Baseline points="1176,1973 1191,1977"/>
                <TextEquiv>
                    <Unicode></Unicode>
                </TextEquiv>
            </TextLine>
            <TextLine id="r3l26" custom="readingOrder {index:25;}">
                <Coords points="340,2058 406,2081 565,2037 724,2069 927,2039 1278,2060 1268,1985 1238,2009 907,1979 845,2016 694,1984 595,2018 536,1980 340,2013"/>
                <Baseline points="347,2048 393,2045 439,2043 485,2040 531,2038 578,2037 624,2036 670,2034 716,2033 762,2033 809,2031 855,2031 901,2031 947,2031 993,2031 1040,2032 1086,2033 1132,2033 1178,2034 1224,2036 1271,2037"/>
                <TextEquiv>
                    <Unicode>Welche dannselbige ertheillt, wie volget</Unicode>
                </TextEquiv>
            </TextLine>
            <TextLine id="r3l27" custom="readingOrder {index:26;} person {offset:1; length:14;}">
                <Coords points="359,2200 420,2155 1236,2147 1214,2100 1070,2081 889,2115 727,2074 358,2131"/>
                <Baseline points="365,2157 408,2157 451,2156 494,2156 537,2154 581,2154 624,2153 667,2153 710,2151 753,2151 797,2150 840,2150 883,2148 926,2148 969,2147 1013,2146 1056,2145 1099,2144 1142,2142 1185,2141 1229,2139"/>
                <TextEquiv>
                    <Unicode> bmanuel Lerber sagdte. daß ver¬</Unicode>
                </TextEquiv>
            </TextLine>
            <TextLine id="r3l28" custom="readingOrder {index:27;}">
                <Coords points="352,2225 1284,2227 1283,2167 1247,2154 796,2157 644,2188 595,2162 524,2189 420,2155 352,2188"/>
                <Baseline points="359,2214 404,2213 450,2212 496,2211 542,2210 588,2209 634,2208 680,2208 726,2208 772,2208 818,2208 863,2207 909,2207 955,2207 1001,2207 1047,2207 1093,2207 1139,2205 1185,2205 1231,2204 1277,2202"/>
                <TextEquiv>
                    <Unicode>wuchenen montag abends m herren gauwherren</Unicode>
                </TextEquiv>
            </TextLine>
            <TextLine id="r3l29" custom="readingOrder {index:28;} place {offset:4; length:10;}">
                <Coords points="360,2274 488,2294 666,2264 715,2298 762,2271 834,2298 904,2267 1015,2290 1271,2259 1271,2227 1182,2240 1149,2208 963,2243 807,2211 724,2241 686,2215 468,2214 430,2247 360,2226"/>
                <Baseline points="366,2271 413,2268 460,2266 507,2264 555,2262 602,2262 649,2261 697,2261 744,2261 791,2261 839,2261 886,2261 933,2261 981,2261 1028,2261 1075,2261 1123,2261 1170,2259 1217,2258 1265,2258"/>
                <TextEquiv>
                    <Unicode>von dieß bachs sohnschrren ernst herren frenden</Unicode>
                </TextEquiv>
            </TextLine>
            <TextLine id="r3l30" custom="readingOrder {index:29;} person {offset:16; length:6;}">
                <Coords points="347,2337 521,2328 597,2357 862,2318 1179,2350 1218,2320 1275,2342 1275,2282 347,2292"/>
                <Baseline points="353,2321 398,2319 444,2319 490,2319 536,2319 581,2319 627,2319 673,2319 719,2319 764,2319 810,2318 856,2318 902,2318 947,2318 993,2318 1039,2316 1085,2316 1130,2316 1176,2315 1222,2315 1268,2315"/>
                <TextEquiv>
                    <Unicode>reich und er Hr lerber sich verabredet, zum</Unicode>
                </TextEquiv>
            </TextLine>
            <TextLine id="r3l31" custom="readingOrder {index:30;}">
                <Coords points="338,2396 464,2414 522,2378 632,2418 717,2379 814,2411 910,2382 999,2399 1030,2369 1272,2403 1287,2329 1040,2355 860,2317 795,2358 701,2331 581,2359 338,2336"/>
                <Baseline points="344,2382 390,2381 437,2379 484,2378 531,2378 578,2376 625,2376 671,2376 718,2376 765,2375 812,2375 859,2375 906,2375 953,2375 999,2375 1046,2375 1093,2373 1140,2373 1187,2372 1234,2372 1281,2370"/>
                <TextEquiv>
                    <Unicode>disel zwang zu nacht zeeßen. Alß sie sich</Unicode>
                </TextEquiv>
            </TextLine>
            <TextLine id="r3l32" custom="readingOrder {index:31;} person {offset:31; length:8; continued:true;}">
                <Coords points="344,2460 521,2437 644,2462 724,2435 947,2459 1014,2434 1122,2435 1158,2464 1241,2423 1241,2390 1104,2399 1029,2370 999,2399 901,2385 852,2414 691,2384 632,2417 519,2385 344,2407"/>
                <Baseline points="350,2444 394,2442 438,2439 482,2438 527,2436 571,2435 615,2435 659,2435 704,2435 748,2433 792,2433 836,2433 881,2433 925,2433 969,2433 1013,2432 1058,2431 1102,2429 1146,2428 1190,2426 1235,2423"/>
                <TextEquiv>
                    <Unicode>daselbst einbefunden, seye Ihr Albrecht</Unicode>
                </TextEquiv>
            </TextLine>
            <TextLine id="r3l33" custom="readingOrder {index:32;} person {offset:0; length:14; continued:true;}">
                <Coords points="338,2507 1253,2486 1187,2449 1015,2435 952,2459 846,2439 783,2471 733,2435 617,2469 502,2443 395,2479 338,2459"/>
                <Baseline points="345,2499 390,2498 435,2495 480,2494 525,2493 570,2492 615,2492 660,2492 705,2490 750,2490 796,2490 841,2490 886,2490 931,2490 976,2490 1021,2489 1066,2489 1111,2487 1156,2486 1201,2484 1247,2481"/>
                <TextEquiv>
                    <Unicode>von Wattenweyl mit Ikr von Watten¬</Unicode>
                </TextEquiv>
            </TextLine>
            <TextLine id="r3l34" custom="readingOrder {index:33;}">
                <Coords points="335,2572 491,2556 636,2587 1107,2539 1224,2561 1244,2516 1127,2489 893,2528 741,2498 333,2520"/>
                <Baseline points="341,2558 385,2557 430,2556 475,2556 520,2555 565,2553 610,2553 654,2551 699,2550 744,2548 789,2546 834,2544 879,2544 924,2541 968,2540 1013,2538 1058,2538 1103,2537 1148,2536 1193,2535 1238,2535"/>
                <TextEquiv>
                    <Unicode>Wyl von kilchlindach auch dahin kommen,</Unicode>
                </TextEquiv>
            </TextLine>
            <TextLine id="r3l35" custom="readingOrder {index:34;}">
                <Coords points="333,2628 405,2649 573,2613 625,2651 660,2624 869,2641 971,2603 1211,2609 1230,2534 1158,2570 1111,2544 846,2586 763,2556 633,2598 493,2558 331,2577"/>
                <Baseline points="338,2619 382,2618 426,2618 471,2616 515,2615 560,2613 604,2612 648,2610 693,2609 737,2608 782,2607 826,2606 870,2604 915,2603 959,2601 1004,2600 1048,2598 1092,2597 1137,2595 1181,2594 1226,2592"/>
                <TextEquiv>
                    <Unicode>Da sie dann gantz tranquilement mit</Unicode>
                </TextEquiv>
            </TextLine>
            <TextLine id="r3l36" custom="readingOrder {index:35;}">
                <Coords points="339,2709 560,2677 654,2704 709,2669 855,2701 994,2655 1110,2690 1143,2657 1251,2683 1250,2623 1073,2609 894,2649 660,2624 623,2651 523,2621 414,2654 337,2627"/>
                <Baseline points="344,2675 389,2673 434,2673 479,2672 524,2670 569,2670 614,2670 659,2669 704,2669 749,2667 794,2667 839,2666 884,2666 929,2664 974,2663 1019,2661 1064,2660 1109,2657 1154,2654 1199,2651 1244,2648"/>
                <TextEquiv>
                    <Unicode>ein anderen zunacht geßen. Nach dern</Unicode>
                </TextEquiv>
            </TextLine>
            <TextLine id="r3l37" custom="readingOrder {index:36;} person {offset:36; length:6;}">
                <Coords points="335,2759 584,2734 686,2772 757,2732 847,2731 1060,2764 1103,2726 1233,2719 1189,2664 1143,2697 1089,2675 966,2706 569,2682 334,2706"/>
                <Baseline points="341,2736 385,2734 429,2732 473,2731 518,2730 562,2729 606,2729 651,2729 695,2729 739,2729 784,2729 828,2729 872,2728 916,2727 961,2726 1005,2725 1049,2723 1094,2720 1138,2717 1182,2714 1227,2709"/>
                <TextEquiv>
                    <Unicode>Eßen habend herr frendenreich herre müller</Unicode>
                </TextEquiv>
            </TextLine>
            <TextLine id="r3l38" custom="readingOrder {index:37;} person {offset:10; length:6;} place {offset:19; length:6;}">
                <Coords points="342,2803 464,2833 572,2794 751,2787 1046,2816 1245,2771 1244,2716 1062,2763 795,2742 682,2773 591,2740 392,2736 341,2767"/>
                <Baseline points="348,2787 392,2787 437,2789 481,2789 526,2790 570,2790 615,2790 659,2790 704,2790 748,2789 793,2789 838,2788 882,2787 927,2786 971,2784 1016,2783 1060,2781 1105,2780 1149,2777 1194,2775 1239,2772"/>
                <TextEquiv>
                    <Unicode>und Er hr Lerber a Combre gespihlt; Wie</Unicode>
                </TextEquiv>
            </TextLine>
            <TextLine id="r3l39" custom="readingOrder {index:38;}">
                <Coords points="344,2859 402,2879 564,2849 619,2878 710,2847 817,2877 888,2842 1128,2874 1215,2836 1201,2782 1124,2817 812,2790 709,2820 646,2791 344,2820"/>
                <Baseline points="351,2846 393,2846 436,2846 479,2844 522,2844 565,2844 608,2844 651,2843 694,2843 737,2841 780,2841 822,2841 865,2840 908,2840 951,2838 994,2838 1037,2837 1080,2837 1123,2837 1166,2835 1209,2835"/>
                <TextEquiv>
                    <Unicode>nun die parthey vast zu end, gehe ihr</Unicode>
                </TextEquiv>
            </TextLine>
            <TextLine id="r3l40" custom="readingOrder {index:39;} person {offset:0; length:22;}">
                <Coords points="339,2928 784,2900 1176,2915 1237,2887 1236,2842 1041,2876 691,2857 614,2886 562,2849 338,2887"/>
                <Baseline points="345,2916 389,2913 433,2910 477,2908 522,2906 566,2903 610,2903 654,2901 699,2900 743,2898 787,2897 831,2897 876,2895 920,2894 964,2892 1008,2892 1053,2891 1097,2889 1141,2887 1185,2885 1230,2882"/>
                <TextEquiv>
                    <Unicode>Albrecht von Wattenwyl ein paarmahl</Unicode>
                </TextEquiv>
            </TextLine>
            <TextLine id="r3l41" custom="readingOrder {index:40;}">
                <Coords points="345,2972 894,2959 993,2982 1143,2957 1218,2987 1259,2965 1258,2916 1218,2896 1144,2928 698,2903 622,2942 556,2913 517,2942 465,2912 345,2933"/>
                <Baseline points="351,2972 396,2969 441,2966 486,2963 531,2961 576,2961 621,2960 666,2958 711,2958 756,2958 802,2958 847,2957 892,2957 937,2957 982,2957 1027,2955 1072,2955 1117,2954 1162,2952 1207,2951 1253,2948"/>
                <TextEquiv>
                    <Unicode>die stuben auf und Ab, stoße mit den</Unicode>
                </TextEquiv>
            </TextLine>
            <TextLine id="r3l42" custom="readingOrder {index:41;}">
                <Coords points="331,3053 730,3017 824,3050 884,3019 928,3046 1094,3021 1174,3048 1278,3031 1277,2973 939,2985 893,2959 770,2999 644,2966 515,3003 401,2972 330,2997"/>
                <Baseline points="336,3035 382,3029 429,3025 476,3023 523,3020 570,3018 616,3017 663,3017 710,3015 757,3015 804,3015 850,3015 897,3017 944,3017 991,3017 1038,3017 1084,3017 1131,3015 1178,3015 1225,3014 1272,3011"/>
                <TextEquiv>
                    <Unicode>hüßen an boden underspreche. Anya point</Unicode>
                </TextEquiv>
            </TextLine>
            <TextLine id="r3l43" custom="readingOrder {index:42;}">
                <Coords points="339,3098 930,3076 990,3115 1025,3084 1204,3102 1275,3065 1250,3028 1082,3058 877,3032 716,3059 594,3024 338,3048"/>
                <Baseline points="345,3093 391,3089 437,3086 483,3083 529,3080 576,3078 622,3077 668,3077 714,3077 760,3075 807,3075 853,3075 899,3075 945,3075 991,3074 1038,3074 1084,3072 1130,3071 1176,3069 1222,3067 1269,3063"/>
                <TextEquiv>
                    <Unicode>deplaisir destre anec ceua quise moqul</Unicode>
                </TextEquiv>
            </TextLine>
            <TextLine id="r3l44" custom="readingOrder {index:43;}">
                <Coords points="348,3156 454,3169 529,3136 634,3167 675,3138 727,3159 970,3133 1063,3170 1246,3133 1220,3097 1163,3112 1079,3080 990,3115 930,3076 798,3115 614,3085 520,3119 348,3108"/>
                <Baseline points="354,3144 398,3143 442,3141 486,3140 531,3140 575,3138 619,3138 663,3137 708,3137 752,3135 796,3135 840,3134 885,3134 929,3132 973,3132 1017,3131 1062,3131 1106,3129 1150,3128 1194,3128 1239,3126"/>
                <TextEquiv>
                    <Unicode>de moi. Alß er nun diese worth zum</Unicode>
                </TextEquiv>
            </TextLine>
            <TextLine id="r3l45" custom="readingOrder {index:44;}">
                <Coords points="341,3228 711,3193 1060,3233 1106,3203 1192,3232 1232,3219 1231,3154 1154,3139 1061,3168 967,3133 734,3164 676,3137 606,3177 340,3167"/>
                <Baseline points="347,3207 393,3204 439,3201 485,3199 532,3198 578,3195 624,3194 670,3193 717,3192 763,3192 809,3191 855,3191 902,3191 948,3191 994,3191 1040,3191 1087,3192 1133,3192 1179,3192 1226,3194"/>
                <TextEquiv>
                    <Unicode>anderen mahl widerholt; sagdte h</Unicode>
                </TextEquiv>
            </TextLine>
            <TextLine id="r3l46" custom="readingOrder {index:45;} person {offset:0; length:6;}">
                <Coords points="1049,3291 1085,3280 1125,3294 1152,3283 1170,3291 1208,3275 1233,3286 1254,3280 1251,3224 1232,3232 1202,3223 1187,3233 1095,3210 1071,3231 1046,3237"/>
                <Baseline points="1055,3278 1082,3275 1109,3273 1137,3271 1164,3269 1192,3267 1219,3267 1247,3269"/>
                <TextEquiv>
                    <Unicode>Müller</Unicode>
                </TextEquiv>
            </TextLine>
            <TextEquiv>
                <Unicode>
Information
und auffgenomener
Bericht wegen der den 17. Januari
A719 zum distelzwang an herr
Frantz Müller beschechenen Endtleib¬
ung
Nachdeme Ihr Gue Dieneren
Min wh Großweibel eihooff und

grichtschreiberen Wyttenbach hin
derbracht worden, waßmaßen herrn franntz
Müller von H Albrecht von Wattenwyl, al¬
hier bym Distelzwang Nach Mitternacht
zwüschen v. und 2 uhren durch einen
tödtlichen sich entleibet worden, habend
Selbige zu gebührender Erstattung Ihrer
Pflicht alsobald die jenigen persohnen,
wie auch den stubenwührt und seine
Leüthe, die wegen hergangenheit dieses
trauwrigen Casus einichen Bericht erthei
lenkönnen, nach vorher beschechener ernst
licher Vorstellung und erinnerung ihrer
pflicht in dero außsaag vernommen

Welche dannselbige ertheillt, wie volget
 bmanuel Lerber sagdte. daß ver¬
wuchenen montag abends m herren gauwherren
von dieß bachs sohnschrren ernst herren frenden
reich und er Hr lerber sich verabredet, zum
disel zwang zu nacht zeeßen. Alß sie sich
daselbst einbefunden, seye Ihr Albrecht
von Wattenweyl mit Ikr von Watten¬
Wyl von kilchlindach auch dahin kommen,
Da sie dann gantz tranquilement mit
ein anderen zunacht geßen. Nach dern
Eßen habend herr frendenreich herre müller
und Er hr Lerber a Combre gespihlt; Wie
nun die parthey vast zu end, gehe ihr
Albrecht von Wattenwyl ein paarmahl
die stuben auf und Ab, stoße mit den
hüßen an boden underspreche. Anya point
deplaisir destre anec ceua quise moqul
de moi. Alß er nun diese worth zum
anderen mahl widerholt; sagdte h
Müller</Unicode>
            </TextEquiv>
        </TextRegion>
        <TextRegion orientation="0.0" id="r4" custom="readingOrder {index:3;}">
            <Coords points="1436,622 1436,3325 2478,3325 2478,622"/>
            <TextLine id="r4l1" custom="readingOrder {index:0;}">
                <Coords points="2258,663 2286,664 2299,658 2320,672 2375,662 2414,668 2424,664 2425,600 2408,599 2387,585 2369,596 2345,593 2335,585 2321,599 2306,594 2282,616 2259,617"/>
                <Baseline points="2265,650 2290,654 2316,656 2341,655 2367,654 2392,654 2418,656"/>
                <TextEquiv>
                    <Unicode>18</Unicode>
                </TextEquiv>
            </TextLine>
            <TextLine id="r4l2" custom="readingOrder {index:1;} person {offset:2; length:6;}">
                <Coords points="1433,841 1616,846 1870,791 2222,793 2257,821 2441,778 2438,711 2321,733 2227,694 2159,738 1751,707 1429,745"/>
                <Baseline points="1439,825 1488,818 1538,813 1588,807 1638,803 1688,800 1737,798 1787,795 1837,794 1887,792 1937,791 1986,789 2036,789 2086,788 2136,788 2186,786 2235,785 2285,784 2335,782 2385,781 2435,777"/>
                <TextEquiv>
                    <Unicode>H Müller, qui est cedone qui se moque de</Unicode>
                </TextEquiv>
            </TextLine>
            <TextLine id="r4l3" custom="readingOrder {index:2;} place {offset:25; length:9;}">
                <Coords points="1469,876 1615,848 2378,869 2450,846 2449,796 2257,822 2220,794 1848,795 1748,831 1468,841"/>
                <Baseline points="1475,866 1523,864 1571,860 1620,858 1668,856 1717,855 1765,852 1814,851 1862,850 1911,849 1959,848 2007,847 2056,846 2104,845 2153,845 2201,843 2250,843 2298,842 2347,840 2395,840 2444,839"/>
                <TextEquiv>
                    <Unicode>Sons. Antwortete Ihr von Wattenwyl</Unicode>
                </TextEquiv>
            </TextLine>
            <TextLine id="r4l4" custom="readingOrder {index:3;}">
                <Coords points="1463,955 1720,909 2463,918 2461,861 2275,846 1538,862 1461,896"/>
                <Baseline points="1469,924 1518,920 1567,917 1617,914 1666,911 1715,909 1765,908 1814,906 1863,905 1913,905 1962,903 2011,902 2061,902 2110,900 2159,900 2209,899 2258,897 2307,896 2357,893 2406,891 2456,888"/>
                <TextEquiv>
                    <Unicode>Sest vous Monsieus qui sest moque demai</Unicode>
                </TextEquiv>
            </TextLine>
            <TextLine id="r4l5" custom="readingOrder {index:4;} person {offset:2; length:6;}">
                <Coords points="1455,1029 1647,1013 1698,974 2027,1005 2091,964 2361,979 2456,968 2454,919 1982,906 1877,950 1839,923 1602,960 1523,921 1452,964"/>
                <Baseline points="1460,995 1509,989 1559,984 1608,981 1658,977 1707,975 1757,971 1806,969 1856,968 1905,966 1955,965 2004,963 2054,963 2103,962 2153,960 2202,960 2252,959 2301,957 2351,957 2400,954 2450,953"/>
                <TextEquiv>
                    <Unicode>h Müller repticierte, que cela nestoit pas</Unicode>
                </TextEquiv>
            </TextLine>
            <TextLine id="r4l6" custom="readingOrder {index:5;} place {offset:13; length:9;}">
                <Coords points="1476,1055 1533,1082 1708,1036 1887,1065 1963,1026 2377,1035 2424,1013 2422,968 2125,968 2027,1004 1948,975 1747,1002 1707,973 1647,1013 1474,1020"/>
                <Baseline points="1481,1044 1527,1042 1574,1040 1621,1038 1668,1037 1715,1034 1762,1032 1808,1030 1855,1028 1902,1026 1949,1025 1996,1023 2043,1021 2090,1020 2136,1019 2183,1017 2230,1016 2277,1016 2324,1014 2371,1014 2418,1014"/>
                <TextEquiv>
                    <Unicode>Wray Ier von Wattenwyl widrumb</Unicode>
                </TextEquiv>
            </TextLine>
            <TextLine id="r4l7" custom="readingOrder {index:6;}">
                <Coords points="1482,1119 1701,1126 1743,1096 1802,1127 1980,1081 2439,1074 2437,1032 2285,1016 2006,1027 1953,1062 1724,1043 1480,1072"/>
                <Baseline points="1487,1101 1534,1099 1581,1096 1628,1093 1676,1091 1723,1089 1770,1087 1817,1085 1865,1083 1912,1080 1959,1079 2006,1077 2054,1076 2101,1073 2148,1071 2195,1070 2243,1068 2290,1067 2337,1064 2384,1062 2432,1061"/>
                <TextEquiv>
                    <Unicode>seil estoit dray, quit sen estoitbien</Unicode>
                </TextEquiv>
            </TextLine>
            <TextLine id="r4l8" custom="readingOrder {index:7;}">
                <Coords points="1464,1180 1619,1182 1679,1144 1773,1182 1859,1144 1970,1176 2026,1134 2446,1148 2456,1096 2300,1105 2250,1077 2183,1103 2129,1076 1841,1126 1741,1098 1462,1138"/>
                <Baseline points="1469,1161 1518,1158 1567,1154 1616,1151 1665,1149 1714,1146 1763,1145 1812,1142 1861,1140 1910,1139 1959,1137 2008,1136 2057,1134 2106,1133 2155,1132 2204,1131 2253,1130 2302,1127 2351,1125 2400,1123 2450,1121"/>
                <TextEquiv>
                    <Unicode>aperceu et quonse fontoit de aug wor</Unicode>
                </TextEquiv>
            </TextLine>
            <TextLine id="r4l9" custom="readingOrder {index:8;} person {offset:9; length:6;}">
                <Coords points="1467,1251 2448,1191 2446,1156 2211,1138 2073,1182 2039,1159 1619,1192 1556,1164 1466,1213"/>
                <Baseline points="1473,1227 1521,1224 1569,1220 1618,1218 1666,1214 1715,1212 1763,1210 1811,1208 1860,1206 1908,1205 1957,1203 2005,1200 2053,1199 2102,1198 2150,1196 2199,1194 2247,1193 2295,1190 2344,1187 2392,1185 2441,1181"/>
                <TextEquiv>
                    <Unicode>auf herr müller gesprochen, sest bien vous</Unicode>
                </TextEquiv>
            </TextLine>
            <TextLine id="r4l10" custom="readingOrder {index:9;}">
                <Coords points="1464,1319 1741,1305 1809,1262 2442,1254 2425,1195 1941,1244 1824,1211 1694,1253 1462,1262"/>
                <Baseline points="1469,1293 1517,1288 1565,1283 1613,1279 1662,1275 1710,1272 1758,1270 1807,1268 1855,1266 1903,1265 1952,1264 2000,1263 2048,1262 2096,1260 2145,1259 2193,1257 2241,1254 2290,1252 2338,1250 2386,1246 2435,1242"/>
                <TextEquiv>
                    <Unicode>quil sefontoit denous et sicela est, ieme</Unicode>
                </TextEquiv>
            </TextLine>
            <TextLine id="r4l11" custom="readingOrder {index:10;} place {offset:26; length:9;}">
                <Coords points="1456,1384 1779,1320 1912,1357 1968,1322 2359,1338 2430,1314 2428,1275 2389,1268 2175,1265 2105,1298 1997,1257 1887,1305 1849,1283 1454,1315"/>
                <Baseline points="1461,1350 1509,1344 1557,1340 1605,1335 1653,1333 1701,1330 1749,1328 1797,1326 1845,1325 1893,1323 1942,1322 1990,1322 2038,1320 2086,1320 2134,1319 2182,1317 2230,1316 2278,1314 2326,1312 2374,1309 2423,1305"/>
                <TextEquiv>
                    <Unicode>fons de vous. Der Ier von Wattenwyl</Unicode>
                </TextEquiv>
            </TextLine>
            <TextLine id="r4l12" custom="readingOrder {index:11;}">
                <Coords points="1464,1436 1802,1385 2301,1393 2408,1369 2408,1332 2159,1325 2101,1352 1949,1327 1896,1358 1780,1327 1720,1366 1589,1350 1461,1381"/>
                <Baseline points="1469,1407 1515,1403 1562,1398 1608,1395 1655,1393 1702,1390 1748,1388 1795,1386 1842,1383 1888,1382 1935,1379 1982,1377 2028,1376 2075,1374 2122,1372 2168,1370 2215,1368 2262,1365 2308,1362 2355,1359 2402,1355"/>
                <TextEquiv>
                    <Unicode>sagdte hinwidrumb, de me contrefous</Unicode>
                </TextEquiv>
            </TextLine>
            <TextLine id="r4l13" custom="readingOrder {index:12;}">
                <Coords points="1473,1487 1836,1440 1956,1476 2071,1419 2457,1423 2418,1368 2278,1399 2117,1370 1470,1431"/>
                <Baseline points="1478,1466 1526,1462 1575,1458 1623,1455 1672,1451 1721,1448 1769,1444 1818,1442 1866,1439 1915,1436 1964,1434 2012,1431 2061,1429 2109,1427 2158,1425 2207,1423 2255,1421 2304,1419 2352,1416 2401,1415 2450,1413"/>
                <TextEquiv>
                    <Unicode>allons Mons. cela suffit nous nous tron¬</Unicode>
                </TextEquiv>
            </TextLine>
            <TextLine id="r4l14" custom="readingOrder {index:13;} person {offset:2; length:6;}">
                <Coords points="1643,1550 1739,1551 1820,1506 1902,1522 2071,1491 2466,1516 2461,1438 2417,1429 2366,1455 2244,1425 2132,1453 2080,1436 1925,1478 1788,1446 1640,1492"/>
                <Baseline points="1647,1520 1687,1517 1728,1514 1768,1510 1809,1508 1849,1504 1890,1501 1930,1499 1971,1496 2011,1494 2052,1491 2092,1489 2133,1487 2173,1485 2214,1484 2254,1482 2295,1480 2335,1479 2376,1478 2416,1476 2457,1476"/>
                <TextEquiv>
                    <Unicode>H Müller Antwortete Ony, ouÿ</Unicode>
                </TextEquiv>
            </TextLine>
            <TextLine id="r4l15" custom="readingOrder {index:14;}">
                <Coords points="1475,1534 1494,1530 1502,1536 1521,1522 1539,1524 1545,1519 1568,1527 1581,1514 1588,1519 1614,1515 1611,1485 1598,1491 1584,1490 1562,1476 1552,1475 1531,1496 1517,1492 1506,1501 1484,1490 1472,1495"/>
                <Baseline points="1481,1523 1506,1519 1531,1516 1556,1514 1581,1512 1607,1511"/>
                <TextEquiv>
                    <Unicode>ucrons</Unicode>
                </TextEquiv>
            </TextLine>
            <TextLine id="r4l16" custom="readingOrder {index:15;}">
                <Coords points="1467,1608 1529,1578 1613,1609 1748,1568 2460,1557 2458,1515 2242,1487 1465,1564"/>
                <Baseline points="1472,1581 1521,1579 1570,1577 1619,1574 1668,1572 1717,1570 1766,1568 1815,1565 1864,1563 1913,1560 1962,1557 2011,1556 2060,1553 2109,1551 2158,1548 2207,1547 2256,1544 2305,1542 2354,1541 2403,1539 2453,1536"/>
                <TextEquiv>
                    <Unicode>entin quonte sache, de vous dette auner</Unicode>
                </TextEquiv>
            </TextLine>
            <TextLine id="r4l17" custom="readingOrder {index:16;}">
                <Coords points="1478,1643 1729,1626 1780,1660 1963,1624 2103,1660 2206,1616 2393,1629 2439,1612 2437,1564 2104,1551 1803,1573 1742,1613 1475,1593"/>
                <Baseline points="1484,1643 1531,1640 1578,1637 1626,1634 1673,1632 1721,1629 1768,1628 1815,1626 1863,1625 1910,1623 1958,1621 2005,1619 2052,1617 2100,1616 2147,1613 2195,1611 2242,1608 2289,1605 2337,1604 2384,1600 2432,1596"/>
                <TextEquiv>
                    <Unicode>le fontre. solche oder gleich viel nach</Unicode>
                </TextEquiv>
            </TextLine>
            <TextLine id="r4l18" custom="readingOrder {index:17;}">
                <Coords points="1457,1722 1619,1729 1785,1683 1932,1719 2187,1673 2254,1696 2471,1665 2470,1628 2185,1620 2070,1661 1886,1625 1794,1672 1455,1680"/>
                <Baseline points="1463,1704 1513,1701 1563,1700 1613,1697 1663,1695 1713,1692 1763,1690 1813,1688 1863,1686 1913,1684 1964,1682 2014,1679 2064,1677 2114,1674 2164,1672 2214,1670 2264,1668 2314,1665 2364,1662 2414,1659 2465,1656"/>
                <TextEquiv>
                    <Unicode>sich ziechende wohrt, seyen damahlen er¬</Unicode>
                </TextEquiv>
            </TextLine>
            <TextLine id="r4l19" custom="readingOrder {index:18;}">
                <Coords points="1473,1794 2457,1731 2455,1695 2170,1677 1941,1721 1799,1694 1470,1726"/>
                <Baseline points="1478,1761 1526,1760 1575,1758 1623,1757 1672,1755 1721,1754 1769,1752 1818,1749 1866,1748 1915,1746 1964,1743 2012,1741 2061,1739 2109,1737 2158,1735 2207,1732 2255,1730 2304,1727 2352,1724 2401,1722 2450,1719"/>
                <TextEquiv>
                    <Unicode>gangen. Letstlich sagdte Ihr von Watter</Unicode>
                </TextEquiv>
            </TextLine>
            <TextLine id="r4l20" custom="readingOrder {index:19;}">
                <Coords points="1455,1841 1656,1856 1753,1812 2111,1799 2217,1832 2439,1788 2437,1743 1453,1802"/>
                <Baseline points="1460,1830 1508,1827 1557,1824 1605,1822 1654,1820 1703,1818 1751,1815 1800,1812 1849,1811 1897,1808 1946,1805 1995,1803 2043,1802 2092,1799 2141,1796 2189,1794 2238,1793 2287,1790 2335,1787 2384,1785 2433,1784"/>
                <TextEquiv>
                    <Unicode>Weyl, laßt mich ein paar worth zu vor</Unicode>
                </TextEquiv>
            </TextLine>
            <TextLine id="r4l21" custom="readingOrder {index:20;}">
                <Coords points="1461,1926 1502,1900 1806,1903 1866,1871 2386,1872 2431,1858 2429,1790 2217,1831 2102,1801 1814,1813 1766,1854 1458,1841"/>
                <Baseline points="1466,1886 1513,1883 1561,1880 1609,1877 1657,1875 1705,1874 1753,1872 1801,1871 1849,1869 1897,1868 1945,1866 1992,1865 2040,1865 2088,1863 2136,1862 2184,1860 2232,1859 2280,1856 2328,1853 2376,1850 2424,1847"/>
                <TextEquiv>
                    <Unicode>Euch hier am Pfenster sagen. Darauß</Unicode>
                </TextEquiv>
            </TextLine>
            <TextLine id="r4l22" custom="readingOrder {index:21;} place {offset:7; length:10;}">
                <Coords points="1472,1970 1584,1978 1670,1940 1743,1975 1859,1932 2062,1961 2212,1921 2330,1946 2432,1919 2431,1875 2255,1861 2084,1895 1951,1870 1608,1926 1470,1917"/>
                <Baseline points="1478,1949 1525,1946 1572,1943 1620,1940 1667,1938 1715,1937 1762,1935 1809,1934 1857,1932 1904,1932 1952,1931 1999,1929 2046,1928 2094,1927 2141,1926 2189,1924 2236,1922 2283,1920 2331,1918 2378,1916 2426,1911"/>
                <TextEquiv>
                    <Unicode>sie im Augenblick die degen entblößt</Unicode>
                </TextEquiv>
            </TextLine>
            <TextLine id="r4l23" custom="readingOrder {index:22;}">
                <Coords points="1482,2004 1736,2039 1831,1998 2102,2023 2159,1995 2202,2025 2305,1985 2457,1989 2457,1951 2308,1955 2260,1922 2054,1970 2008,1931 1843,1939 1764,1978 1669,1940 1586,1978 1481,1952"/>
                <Baseline points="1488,1998 1536,1997 1584,1997 1632,1997 1680,1995 1728,1995 1776,1994 1825,1994 1873,1992 1921,1991 1969,1991 2017,1989 2065,1989 2113,1988 2162,1988 2210,1986 2258,1986 2306,1985 2354,1985 2402,1983 2451,1983"/>
                <TextEquiv>
                    <Unicode>ind auff ein anderen loob gangen wel</Unicode>
                </TextEquiv>
            </TextLine>
            <TextLine id="r4l24" custom="readingOrder {index:23;}">
                <Coords points="1470,2079 1587,2057 1777,2089 1885,2051 2034,2096 2097,2051 2246,2049 2359,2080 2468,2054 2468,2020 2245,2001 2193,2036 2143,2000 2099,2023 1996,1993 1743,2039 1697,2013 1469,2022"/>
                <Baseline points="1476,2055 1525,2055 1574,2055 1623,2055 1673,2055 1722,2054 1771,2054 1821,2054 1870,2053 1919,2052 1969,2052 2018,2051 2067,2051 2116,2049 2166,2048 2215,2048 2264,2047 2314,2046 2363,2045 2412,2045 2462,2043"/>
                <TextEquiv>
                    <Unicode>her aber zu erst von ihnen den wegenge</Unicode>
                </TextEquiv>
            </TextLine>
            <TextLine id="r4l25" custom="readingOrder {index:24;}">
                <Coords points="1466,2147 1928,2157 2122,2104 2193,2153 2322,2116 2402,2147 2485,2112 2484,2068 2253,2050 2035,2095 1909,2099 1860,2063 1676,2090 1588,2057 1465,2086"/>
                <Baseline points="1472,2117 1522,2118 1572,2118 1622,2118 1673,2117 1723,2117 1773,2116 1824,2115 1874,2114 1924,2114 1975,2112 2025,2111 2075,2109 2125,2109 2176,2108 2226,2106 2276,2106 2327,2105 2377,2105 2427,2105 2478,2105"/>
                <TextEquiv>
                    <Unicode>zuckt, wüße er gezeüg mit wahrheit nicht</Unicode>
                </TextEquiv>
            </TextLine>
            <TextLine id="r4l26" custom="readingOrder {index:25;}">
                <Coords points="1463,2211 2468,2188 2476,2133 2240,2125 2194,2158 2118,2108 1913,2161 1462,2150"/>
                <Baseline points="1469,2177 1519,2177 1569,2178 1619,2178 1669,2178 1719,2178 1769,2178 1819,2178 1869,2178 1919,2178 1969,2178 2019,2177 2069,2177 2119,2176 2169,2175 2219,2174 2269,2174 2319,2172 2369,2172 2419,2171 2469,2169"/>
                <TextEquiv>
                    <Unicode>zusagen. Die umbstehenden Herren aber</Unicode>
                </TextEquiv>
            </TextLine>
            <TextLine id="r4l27" custom="readingOrder {index:26;}">
                <Coords points="1466,2290 1528,2249 1652,2276 1860,2243 2046,2267 2231,2242 2327,2270 2412,2246 2411,2202 2340,2220 2273,2176 2202,2202 2040,2176 1626,2224 1535,2190 1465,2210"/>
                <Baseline points="1472,2241 1518,2243 1565,2243 1612,2241 1658,2241 1705,2240 1752,2240 1798,2238 1845,2237 1892,2235 1939,2234 1985,2234 2032,2232 2079,2232 2125,2231 2172,2231 2219,2232 2265,2232 2312,2235 2359,2237 2406,2240"/>
                <TextEquiv>
                    <Unicode>Wie auch er herr lerbe alsobald hinzügt</Unicode>
                </TextEquiv>
            </TextLine>
            <TextLine id="r4l28" custom="readingOrder {index:27;}">
                <Coords points="1470,2328 1768,2309 1832,2337 1995,2300 2225,2346 2353,2300 2458,2329 2458,2264 2182,2246 2054,2283 1955,2243 1613,2277 1528,2249 1470,2289"/>
                <Baseline points="1476,2303 1524,2301 1573,2300 1622,2298 1671,2298 1719,2298 1768,2298 1817,2298 1866,2298 1914,2298 1963,2298 2012,2300 2061,2300 2109,2301 2158,2301 2207,2301 2256,2303 2304,2303 2353,2303 2402,2303 2451,2303"/>
                <TextEquiv>
                    <Unicode>sprungen und zuscheiden getrachtet bey</Unicode>
                </TextEquiv>
            </TextLine>
            <TextLine id="r4l29" custom="readingOrder {index:28;} person {offset:19; length:6;}">
                <Coords points="1469,2388 1578,2396 1620,2365 1746,2390 1794,2363 1967,2399 2169,2365 2375,2397 2429,2382 2430,2320 2224,2347 2042,2303 1769,2340 1469,2328"/>
                <Baseline points="1475,2361 1522,2360 1569,2359 1617,2358 1664,2358 1712,2358 1759,2358 1806,2360 1854,2360 1901,2361 1949,2361 1996,2363 2043,2363 2091,2364 2138,2364 2186,2364 2233,2364 2280,2364 2328,2364 2375,2363 2423,2361"/>
                <TextEquiv>
                    <Unicode>Welchem Anlaß Er h Lerber einen stich</Unicode>
                </TextEquiv>
            </TextLine>
            <TextLine id="r4l30" custom="readingOrder {index:29;} place {offset:13; length:13;}">
                <Coords points="1473,2420 1573,2456 1733,2422 2069,2426 2109,2462 2245,2424 2450,2466 2451,2414 2326,2380 1717,2404 1620,2364 1578,2396 1473,2390"/>
                <Baseline points="1479,2417 1527,2417 1575,2417 1623,2418 1672,2418 1720,2420 1768,2420 1817,2421 1865,2421 1913,2423 1962,2424 2010,2424 2058,2425 2106,2426 2155,2427 2203,2428 2251,2429 2300,2430 2348,2430 2396,2432 2445,2432"/>
                <TextEquiv>
                    <Unicode>oder hieb in Armbempfangen. In dem</Unicode>
                </TextEquiv>
            </TextLine>
            <TextLine id="r4l31" custom="readingOrder {index:30;} person {offset:0; length:5;} person {offset:8; length:6;}">
                <Coords points="1454,2502 1712,2519 1753,2482 1824,2525 1940,2488 2442,2527 2443,2466 2334,2468 2245,2425 2116,2469 1742,2422 1455,2451"/>
                <Baseline points="1461,2478 1509,2480 1558,2480 1607,2481 1656,2481 1704,2483 1753,2483 1802,2484 1851,2484 1899,2486 1948,2486 1997,2487 2046,2488 2094,2489 2143,2490 2192,2491 2241,2492 2289,2493 2338,2495 2387,2496 2436,2498"/>
                <TextEquiv>
                    <Unicode>Falle H Müller Grad Vorwehrts Nider; Er</Unicode>
                </TextEquiv>
            </TextLine>
            <TextLine id="r4l32" custom="readingOrder {index:31;} person {offset:3; length:6;}">
                <Coords points="1463,2559 1761,2576 1800,2550 1911,2583 2185,2559 2224,2594 2255,2569 2319,2594 2451,2579 2453,2525 2249,2498 2072,2521 1940,2488 1693,2525 1465,2491"/>
                <Baseline points="1470,2541 1518,2541 1567,2543 1616,2543 1665,2544 1713,2546 1762,2546 1811,2547 1860,2549 1908,2550 1957,2552 2006,2553 2055,2554 2103,2556 2152,2556 2201,2558 2250,2559 2298,2559 2347,2561 2396,2561 2445,2561"/>
                <TextEquiv>
                    <Unicode>Hr Lerber solches sechend, kauffe geschwind</Unicode>
                </TextEquiv>
            </TextLine>
            <TextLine id="r4l33" custom="readingOrder {index:32;}">
                <Coords points="1462,2630 1512,2597 2029,2645 2296,2619 2433,2657 2434,2597 2372,2572 2128,2596 1464,2560"/>
                <Baseline points="1470,2597 1517,2598 1565,2599 1613,2600 1661,2603 1709,2605 1757,2607 1804,2609 1852,2610 1900,2613 1948,2615 1996,2616 2044,2618 2092,2619 2139,2621 2187,2621 2235,2621 2283,2621 2331,2621 2379,2619 2427,2616"/>
                <TextEquiv>
                    <Unicode>zur thür auß den herrn vernier zu holen</Unicode>
                </TextEquiv>
            </TextLine>
            <TextLine id="r4l34" custom="readingOrder {index:33;}">
                <Coords points="1465,2693 1728,2661 1953,2675 2031,2719 2082,2681 2394,2711 2446,2677 2297,2620 2230,2652 1997,2653 1746,2606 1690,2640 1586,2614 1467,2636"/>
                <Baseline points="1473,2661 1521,2661 1569,2661 1617,2663 1666,2664 1714,2665 1762,2666 1811,2668 1859,2669 1907,2671 1956,2673 2004,2674 2052,2676 2100,2678 2149,2679 2197,2681 2245,2682 2294,2682 2342,2684 2390,2684 2439,2684"/>
                <TextEquiv>
                    <Unicode>alß er mit demselben zuruck kommen</Unicode>
                </TextEquiv>
            </TextLine>
            <TextLine id="r4l35" custom="readingOrder {index:34;} place {offset:20; length:9;}">
                <Coords points="1451,2753 1494,2723 1629,2765 1692,2733 1780,2764 1946,2729 2258,2778 2458,2754 2470,2711 2223,2681 1968,2716 1737,2666 1602,2708 1570,2679 1452,2693"/>
                <Baseline points="1458,2720 1508,2720 1558,2720 1608,2721 1659,2721 1709,2723 1759,2724 1809,2726 1860,2727 1910,2729 1960,2730 2010,2732 2061,2734 2111,2736 2161,2737 2211,2738 2262,2739 2312,2739 2362,2741 2412,2741 2463,2739"/>
                <TextEquiv>
                    <Unicode>finde er den er von Wattenwyl schwehr¬</Unicode>
                </TextEquiv>
            </TextLine>
            <TextLine id="r4l36" custom="readingOrder {index:35;}">
                <Coords points="1886,2766 1892,2768 1895,2767 1900,2772 1905,2770 1907,2773 1913,2774 1920,2740 1914,2739 1909,2742 1905,2739 1899,2741 1898,2739 1892,2738"/>
                <Baseline points="1893,2762 1908,2765"/>
                <TextEquiv>
                    <Unicode>4</Unicode>
                </TextEquiv>
            </TextLine>
            <TextLine id="r4l37" custom="readingOrder {index:36;}">
                <Coords points="1460,2778 1523,2815 1741,2781 2111,2830 2218,2795 2385,2813 2430,2801 2432,2758 2258,2780 2003,2740 1906,2776 1829,2733 1780,2764 1742,2732 1673,2766 1542,2726 1461,2744"/>
                <Baseline points="1467,2775 1514,2775 1562,2777 1610,2778 1658,2780 1706,2781 1754,2783 1801,2784 1849,2787 1897,2789 1945,2790 1993,2792 2041,2793 2089,2795 2136,2795 2184,2796 2232,2796 2280,2796 2328,2796 2376,2796 2424,2795"/>
                <TextEquiv>
                    <Unicode>lich verwundt bym distel zwang auff</Unicode>
                </TextEquiv>
            </TextLine>
            <TextLine id="r4l38" custom="readingOrder {index:37;}">
                <Coords points="1462,2842 2480,2878 2482,2824 2417,2800 2313,2840 2219,2796 2110,2829 1464,2793"/>
                <Baseline points="1469,2835 1519,2835 1569,2837 1619,2837 1670,2838 1720,2841 1770,2843 1820,2844 1871,2846 1921,2848 1971,2850 2021,2852 2072,2854 2122,2856 2172,2859 2222,2861 2273,2862 2323,2863 2373,2864 2423,2865 2474,2865"/>
                <TextEquiv>
                    <Unicode>der underen stägen ligen, welchen H ver¬</Unicode>
                </TextEquiv>
            </TextLine>
            <TextLine id="r4l39" custom="readingOrder {index:38;} person {offset:34; length:6;}">
                <Coords points="1460,2922 1622,2938 1684,2909 1855,2941 2171,2913 2321,2956 2476,2936 2478,2877 2276,2901 2211,2867 1988,2859 1921,2894 1658,2842 1462,2868"/>
                <Baseline points="1467,2895 1517,2897 1567,2897 1617,2898 1667,2900 1718,2901 1768,2903 1818,2904 1868,2906 1918,2908 1969,2910 2019,2912 2069,2913 2119,2915 2169,2916 2220,2918 2270,2919 2320,2921 2370,2922 2420,2922 2471,2924"/>
                <TextEquiv>
                    <Unicode>nier abgewäschen und verbunden, H Müller</Unicode>
                </TextEquiv>
            </TextLine>
            <TextLine id="r4l40" custom="readingOrder {index:39;}">
                <Coords points="1469,2957 1626,2960 1687,2996 1719,2967 1914,2970 1957,3011 2044,2990 2224,3025 2432,2981 2433,2947 2256,2959 2187,2919 1929,2946 1648,2919 1587,2945 1519,2907 1470,2929"/>
                <Baseline points="1475,2955 1522,2955 1570,2957 1617,2957 1665,2959 1712,2960 1760,2963 1807,2964 1855,2966 1902,2969 1950,2970 1998,2973 2045,2975 2093,2977 2140,2978 2188,2979 2235,2981 2283,2981 2330,2981 2378,2979 2426,2978"/>
                <TextEquiv>
                    <Unicode>aber welchen in zwüschen herr chyrurgus</Unicode>
                </TextEquiv>
            </TextLine>
            <TextLine id="r4l41" custom="readingOrder {index:40;} place {offset:0; length:10;}">
                <Coords points="1461,3033 1641,3020 1690,3062 1748,3028 1978,3036 2221,3084 2463,3045 2435,2999 2196,3027 1816,2967 1571,2994 1462,2959"/>
                <Baseline points="1467,3020 1516,3020 1566,3020 1615,3020 1665,3021 1714,3023 1764,3024 1813,3026 1863,3029 1912,3031 1962,3033 2011,3035 2061,3036 2110,3039 2160,3039 2209,3041 2259,3041 2308,3041 2358,3039 2407,3037 2457,3035"/>
                <TextEquiv>
                    <Unicode>Wyttenbach verbinden wollen, seye schon</Unicode>
                </TextEquiv>
            </TextLine>
            <TextLine id="r4l42" custom="readingOrder {index:41;}">
                <Coords points="1466,3105 1617,3128 1725,3119 1836,3132 1838,3038 1827,3033 1703,3066 1623,3030 1582,3047 1565,3033 1545,3052 1468,3041"/>
                <Baseline points="1473,3080 1498,3080 1524,3080 1549,3081 1575,3081 1600,3081 1626,3081 1651,3083 1677,3083 1702,3084 1728,3084 1753,3086 1779,3087 1804,3088 1830,3089"/>
                <TextEquiv>
                    <Unicode>Verscheiden gsin</Unicode>
                </TextEquiv>
            </TextLine>
            <TextLine id="r4l43" custom="readingOrder {index:42;} person {offset:2; length:20;}">
                <Coords points="1429,3229 1549,3256 1607,3219 1749,3211 1803,3253 1886,3210 2269,3248 2405,3211 2405,3164 2333,3192 2252,3141 2163,3134 2068,3178 1957,3131 1430,3126"/>
                <Baseline points="1436,3212 1484,3209 1532,3207 1580,3207 1628,3207 1676,3207 1724,3207 1773,3209 1821,3210 1869,3212 1917,3212 1965,3213 2013,3215 2061,3215 2110,3216 2158,3216 2206,3215 2254,3215 2302,3212 2350,3210 2399,3206"/>
                <TextEquiv>
                    <Unicode>H Emanuel freudenrlich zeügete</Unicode>
                </TextEquiv>
            </TextLine>
            <TextLine id="r4l44" custom="readingOrder {index:43;}">
                <Coords points="2171,3342 2217,3350 2239,3339 2280,3351 2342,3315 2374,3323 2385,3317 2383,3250 2338,3239 2321,3249 2308,3244 2285,3269 2266,3255 2237,3251 2206,3270 2187,3265 2169,3272"/>
                <Baseline points="2177,3311 2202,3308 2227,3306 2252,3305 2277,3305 2302,3305 2327,3304 2352,3303 2378,3303"/>
                <TextEquiv>
                    <Unicode>daß etc.</Unicode>
                </TextEquiv>
            </TextLine>
            <TextEquiv>
                <Unicode>18
H Müller, qui est cedone qui se moque de
Sons. Antwortete Ihr von Wattenwyl
Sest vous Monsieus qui sest moque demai
h Müller repticierte, que cela nestoit pas
Wray Ier von Wattenwyl widrumb
seil estoit dray, quit sen estoitbien
aperceu et quonse fontoit de aug wor
auf herr müller gesprochen, sest bien vous
quil sefontoit denous et sicela est, ieme
fons de vous. Der Ier von Wattenwyl
sagdte hinwidrumb, de me contrefous
allons Mons. cela suffit nous nous tron¬
H Müller Antwortete Ony, ouÿ
ucrons
entin quonte sache, de vous dette auner
le fontre. solche oder gleich viel nach
sich ziechende wohrt, seyen damahlen er¬
gangen. Letstlich sagdte Ihr von Watter
Weyl, laßt mich ein paar worth zu vor
Euch hier am Pfenster sagen. Darauß
sie im Augenblick die degen entblößt
ind auff ein anderen loob gangen wel
her aber zu erst von ihnen den wegenge
zuckt, wüße er gezeüg mit wahrheit nicht
zusagen. Die umbstehenden Herren aber
Wie auch er herr lerbe alsobald hinzügt
sprungen und zuscheiden getrachtet bey
Welchem Anlaß Er h Lerber einen stich
oder hieb in Armbempfangen. In dem
Falle H Müller Grad Vorwehrts Nider; Er
Hr Lerber solches sechend, kauffe geschwind
zur thür auß den herrn vernier zu holen
alß er mit demselben zuruck kommen
finde er den er von Wattenwyl schwehr¬
4
lich verwundt bym distel zwang auff
der underen stägen ligen, welchen H ver¬
nier abgewäschen und verbunden, H Müller
aber welchen in zwüschen herr chyrurgus
Wyttenbach verbinden wollen, seye schon
Verscheiden gsin
H Emanuel freudenrlich zeügete
daß etc.</Unicode>
            </TextEquiv>
        </TextRegion>
    </Page>
</PcGts>
