3024 4032
312 636 1215 801 daselbsten der Entleibete noch eine halb
328 739 1242 837 maß mein beschicken laßen, er gezeüg
330 789 1229 905 aber habe dem entleibeten seine Waaren
320 844 1257 970 so er in der statt gekaufft in ein Büntelin
322 909 1270 1011 gepackt und solches ihme nach Siniswaldt
319 966 1254 1077 tragen wollen und ihnen anfangs den
325 1029 1236 1157 Rugfen gekehrt, wie er aber sich umbge
325 1096 1234 1207 wendt, habe er gesechen, daß der Caspar
322 1164 1218 1271 Cunrad des uhrenmachers blütten
330 1235 1258 1332 degen und der endtleibete einen stäcken
329 1295 1285 1408 in händen gehabt, welcher zu dem Casper
304 1361 1287 1486 gesagdt, schauw so muß manns mache
327 1432 1264 1549 und wann Es Ernst Guldten Mußte
336 1501 1240 1622 nann den Ermel finder sich litzen
326 1572 1270 1691 seÿe darmit ein wenig zuruck gangen,
320 1634 1268 1731 dald darauff wolle der endtleibete dem
322 1702 1271 1813 Caspar den degen außschlagen und gehe
327 1765 1279 1865 jegen demselben zu, und kauffe dem
323 1839 1228 1949 Caspar in degen Der Caspar habe
325 1891 1250 1999 den degen allezeit still gehabt, undt
328 1962 1223 2057 habe er nit gesechen, daß er iehmahl
326 2023 1268 2122 auff den entleibeten zugestoßen, noch
326 2084 1273 2203 darmit gegen ihm gangen. darauf
327 2145 1240 2264 spreche der endtleibete alsobald, Es
328 2210 1235 2321 ist mei gangen, der Caspar Sagdte
321 2273 1279 2381 Ich hab doch nüt gestoßen redeten auch
327 2331 1255 2462 beyd zu einanderen ehe mein gott
312 2393 1284 2527 Waßfangen wir ar Waß haben wir
321 2445 1267 2592 gemacht, solchem nach gehe der ent¬
339 2509 1284 2639 leibete in die Kuche und trincke waßer
335 2586 1265 2703 und wie er wider in die stuben hinei
332 2653 1245 2780 kommen, sage er es werde ihm schier
332 2699 1257 2836 geschnichtet und lege sich an boden und
330 2763 1266 2901 fange an zubätten und zu gottruften
333 2825 1261 2967 da seye es etwann noch ein halbstundt
343 2894 1278 3025 gangen biß er gestorben Der Caspar
331 2961 1268 3104 Wie er solches gesechen, seye gar sehr
336 3011 1286 3180 erschrocken und sich in der angst darvon
332 3096 1281 3248 gemacht; dieses alles seye in lauteren
334 3143 1262 3332 schimpf geschechen und seye gar kein
1076 3244 1271 3356 Jörg
2180 608 2324 714 67.
1452 670 2399 811 zorn noch einich streitiges wohrt zwüschen
1451 754 2367 856 ihnen vorgangen, sonderen seyend gantz
1440 815 2384 927 frindlich, aber beyde etwas truncken gsin
1382 951 2415 1096 Margreth Klaünd des uhrenmachen
1457 1058 2420 1140 ers mutter auch von Sumiswald zeügete
1470 1114 2409 1222 sie seye bym Rad geseßen und habe gespon
1470 1178 2421 1277 ien, wie diese drey männer mit einandt
1465 1239 2410 1332 ren daher kommen, da sage der endtleibete
1456 1303 2417 1408 alsobald, sie wollend noch eine halbe trünke
1450 1370 2405 1477 hen, sonst müßten sie underwegs noch
1457 1432 2371 1544 einkehren woraußf der Caspar gesagdt
1444 1500 2412 1609 Er wolle jetz nit mehr trincken, er müße
1456 1562 2365 1678 heimb gehen und morn mäyen, schickte
1472 1632 2389 1732 aber dennoch ihre tochter einhalb maß
1462 1716 2384 1809 Weinreichen inzwüschen nemme der
1453 1754 2367 1858 entleibete zu Erst einen stäcken in die
1450 1820 2402 1933 handt, und der Casparnemme des Uhren
1471 1886 2417 1996 machers degen, so in der stuben außge
1454 1953 2352 2068 hanget und habend mit einanderen
1444 2011 2410 2136 so im schimpf unchin und anhin gestoßen
1471 2078 2409 2197 Welcher aber von beyden zu erst gestoßen
1468 2149 2393 2261 habe sie nit beobachtet der endtleibeten
1462 2213 2421 2332 seye gar Kringisch gsin und lang in denen
1455 2290 2413 2392 Waldstetten und anderen ohrten gedienet
1459 2354 2389 2482 habe auch Weltsch können: Sie sie so
1474 2421 2424 2533 mit einanderen gefochten, habe der
1450 2474 2353 2609 endtleibete zum anderen gesagdt, so
1470 2544 2429 2650 auß manns machen, so Muß manns
1461 2602 2389 2712 machen, darauf sie gezeügin ihnen
1468 2661 2424 2781 abgewehrt und gesagdt, sie sollends bleiben
1473 2721 2403 2836 laßen, sie könne das gar nit sechen
1457 2785 2406 2919 Alsobald daraußf schauwe der Endtleibete
1477 2860 2412 2977 sein Zembdan und sage Es ist einmahl
1471 2923 2393 3045 inhen gangen. Der Caspar habe zur
1470 2994 2401 3100 antwort gottwil nit, bezüt unß
1467 3057 2377 3171 der Lieb gott und seye gar übel
1478 3120 2363 3249 erschrocken, stecke auch den degen
2144 3196 2373 3291 widerc.
