3024 4032
380 623 409 662 60
327 652 1081 776 Ihis weiteinen er gstoßen heyg
223 670 300 764 A.
332 738 1303 859 zeigte an seinem finger etwann eines zollen
313 822 576 915 weib einen.
330 858 1024 975 Wohl mehr. Derem nein.
249 877 312 985 2
332 934 1296 1066 Wann er alles sagen wolle, werde man ihn heim
251 970 311 1051 I
316 1009 1149 1128 laßen, wie weit einen er ihn ghebt heyg.
329 1096 1164 1193 zeigte etwann seines heiger fingers lang
261 1103 310 1168 2.
257 1151 1137 1283 den ob er nit das Schaaß anbunden ghoben.
269 1237 1137 1326 h. ja mit einem stil an einem ständeli
270 1298 1237 1409 . Wie es ihme gemacht, ob es ihn nit gekuzlet.
350 1375 459 1450 ein
281 1382 324 1447 1
342 1404 1278 1539 Ob krnit gesführt, daß etwas von ihne gangen.
276 1435 333 1521 G
344 1508 1288 1622 klein, endlich sagt er ja, es habe ihme gekirzlet.
277 1609 339 1686 8
346 1572 1149 1687 Ob er darnach das Schaazt abbunden habe.
352 1646 1324 1770 Ja hab das schaaß laußenlaßen und seyg der
270 1679 332 1776 l
346 1732 603 1802 von gangen.
371 1767 1312 1890 da der Pulster darzu kommen, das er zu ihme gsag
349 1851 445 1955 .
280 1889 1029 2017 H: hab gseÿt, er soll das müßig gahn.
275 1992 1296 2093 e. Was weiters ob er nit gesagt, er hatt ein lust
349 2046 1060 2161 beschlug ihn ieder R Nein
275 2132 1270 2238 den wann er noch mehr gemacht, wie der wideron bie
336 2195 1176 2299 manchesmahl. Rh nummen fierst.
332 2266 1057 2374 Replic wohl mehr weder einest.
280 2332 698 2428 R 0. jerem Nein.
271 2398 934 2516 D. wo ernochmehr also gemacht.
352 2451 1314 2583 er könns nit sagen nienen mehr nadist End
276 2496 333 2586 e
337 2543 1317 2657 lich auf Ferners anhalten sagte er, er heyg derin
329 2609 1317 2729 sonntag in einer weyd gemacht in Hanss Weyd.
270 2689 1323 2806 A. Wei die weyd seye, da der fulser ihne angetosen
347 2770 532 2838 hen habe
270 2793 866 2943 N. Er sey deß Weybels Weÿd.
280 2863 1305 3016 d. Wie daßelb schaagt geloesen in deß Weybels Beyd.
360 2959 1324 3095 Schwartz habe vier horner gheben, sey z kauf dord
365 3057 570 3145 dahrimen,
255 3113 337 3221 A.
364 3075 1219 3224 Wie das ander Schaaf gsin in Hansis weyd.
361 3177 1317 3288 Auch schwarz, laße nit, wo es daheimen heygenr
264 3200 333 3300 4
346 3248 773 3350 zlorh horner gheben.
2376 608 2436 687 161
1484 638 2343 762 Ihieers mit demselben schaaß gemacht.
1372 670 1456 774 A
1495 702 2457 830 Er heyg mit dran gemacht, er heyzg ihm z leken
1392 749 1459 833 2.
1477 789 2397 898 bracht, er seyen drey buben darbey gsein
1388 854 2337 962 A. Ob in deß Hansis Weyd auch dommmen gehabt.
1478 928 2252 1045 ja ein bub heyg ihn angetreffen.
1397 940 1467 1030 A
1397 1007 2375 1124 e. wie der bub heiße und wo er daheimen.
1405 1075 2420 1203 d er heiße Christi seyg z Riggisperg dahrnnen
1413 1176 2447 1288 e. Wie lang es seyg, daß er in Hansis Weyd gsin.
1413 1246 1911 1363 R. Etlan ein Monat.
1390 1322 2435 1446 Dn ob ernit im Bodeli in ihrer matten auch also
1463 1400 1668 1489 gemacht.
1420 1458 2457 1552 s Nein, aber in deß Hansisherdin den halmen
1468 1527 1902 1624 da er z haber brach gsie
1490 1563 2150 1680 ob jemand darzu zukommen sey
1404 1590 1468 1673 2.
1495 1635 2421 1766 ein er sey nirmen darzu kon sey göbben
1410 1679 1470 1740 1
1474 1712 1667 1821 im jahr
1398 1764 2028 1896 a wie weiter drinnen gheben.
1410 1842 2173 1963 zeigte etlann seines fingers lang.
1403 1920 2312 2045 D. ob er ihn auch kuzlet Heyg. H Ja
1400 2002 2452 2121 den obman ihme nit gsagt heygen, daß solches nit
1482 2062 1663 2176 essig.
1907 2087 2173 2173 R: Nein.
1402 2142 2439 2256 h ob der pulver ihme nit gesagt, daß es nit recht
1415 2210 2466 2333 h Pulver Heyg nüt gesagt, weder er solle das mußig
1468 2291 1572 2385 gehn
1414 2325 2459 2452 A ob ersrichther, da fulcer ihn angetraffen ich mehr
1494 2407 1744 2501 also gemacht.
1813 2413 2079 2504 N Nein.
1396 2468 2022 2580 A: ob Er auch bätten köne.
1502 2534 2368 2640 Ja, das Vatter unser und din glauben¬
1400 2532 1488 2630 I
1488 2613 2448 2712 Worauf Er aus befelch das Vatter unser und den
1474 2678 2475 2786 glauben gesprochen, man hat aber ihm gar nit behl
1485 2737 2328 2853 verstehen können und hat viel außgelaßen.
1417 2747 1459 2822 2
1404 2800 2043 2931 E: Ob Er auch z Schuhl gangen.
1501 2900 2219 3000 Ja, Er heygim namen buch gelehrnt.
1400 2906 1474 2981 1
2178 2951 2337 3068 H. Da
1410 2965 2112 3072 R ob er auch z kirchen gangen sey.
1413 3026 2065 3140 E. Was er in der Kirchen gemacht
2313 3103 2390 3150 1
1413 3093 2451 3220 R. Ihas die anderen er heyg baldet und z letst ghungen.
