3024 4032
353 669 1283 811 von Wattenweyl von Morsen, zu s Mil
362 781 1288 885 ler sagdte, Cela ne sedoit pas que lespa¬
360 824 1260 918 tens Se foutent lunde Lautres: Vor¬
362 883 1283 989 auf H Müller Geantwortet. Mondiecis
342 947 1220 1064 dene scago ce que vouo vouler dice
361 1009 1272 1112 capliques vons. Auch habe er under
360 1061 1300 1176 anderem gehördt: daß Herr Müller gesagdt.
360 1134 1265 1237 de me fous dupatentage. Worüber Hrr
375 1195 1296 1288 von Wattenwyl gesprochen, er habe wohl
369 1252 1242 1346 observiert, daß er ob dem nachteßen
362 1309 1274 1404 allezeit auf ihne gestihlet, er habe ein
357 1376 1266 1468 Lieclin Gesungen, so sich nicht thun laße
365 1426 1259 1526 wormit er ihne beschimpft, darauf
375 1485 1276 1589 herr müller gesagdt. A nest pas vray je
374 1554 1248 1643 vono fons in dementi anner: auff
368 1612 1254 1707 diß sprache h von Wattenwyl, Cela
353 1684 1251 1773 suffit, nous nous verions. Vener a
369 1720 1274 1829 la fenestres nouonouo parterons dar¬
362 1785 1271 1888 mit sie beyde nach dem Pfenster gangen
362 1846 1262 1939 und gleich in einem moment mit den
354 1901 1257 2000 degen von Läder gewesen: Da habe er
359 1958 1268 2060 gezeug einsmahls 3 bloße degenge
365 2018 1251 2113 sechen dann ikr von Wattenwyl von
353 2075 1283 2159 kilchlindach seinen degen auch entblößt
358 2131 1277 2228 gehabt umb zu parieren und die strei
359 2191 1274 2286 chen zu verhinderen, auch habe herr lerber
363 2247 1257 2342 sie gleichfahls abhalten wollen wer
353 2307 1280 2402 aber der erste den degen gezickt, wüß¬
352 2367 1277 2466 Er nicht. In dem fienge H müller an
337 2420 1282 2524 zu schwancken, und fiele auff das ange¬
353 2476 1237 2568 sicht zur erden, dene er und übrige
350 2532 1271 2632 anwesende Herren aufgehebt. Alsobald
348 2597 1280 2693 habe er gezaug sich hinwegg nach einem
338 2650 1280 2756 Schärer begeben und Hrre Cagrurgum Wyt¬
347 2709 1280 2817 tenbach mit sich gebracht, und da er wider
353 2768 1299 2865 kommen, habe er den hrn müller auf dem
351 2831 1285 2926 Betth gefunden, der da kein worth mehr
344 2896 1275 2992 sprechenkönte. er hr gezeug aber
338 2954 1277 3055 habe keinen stich noch streich gesechen er¬
348 2994 1301 3110 gehen. Er seye zuvor auch gegenwährtig
348 3041 1292 3158 gewesen da mann dostiert, da der kehr
348 3097 1254 3228 an ihr von Wattenwyl gewesen habe
1097 3181 1210 3300 A.
2204 595 2300 655 130
1415 677 2380 780 Hr Müller ein Liedlin gesungen, aber nie¬
1438 738 2388 846 mand habe vermeint, daß er sich choquie¬
1444 785 1686 856 gen werde
1433 807 2377 930 endeten darmit ihre außsaagen actum
1435 897 1611 993 vorstaht
1424 966 2384 1102 Zu vola ihr grren befelchs habend vor
1437 1051 2369 1168 gemelte Vier Herren diese ihre obspeci¬
1439 1113 2390 1216 sicierte außsaagen vor wohlermeltmürthen
1441 1173 2356 1267 Großweibel und grichtschreiberen mit
1431 1220 2377 1319 einem solennischen eydt zu Gott bestähn
1449 1291 2297 1393 tiget. Actum 18: Januarii e719.
1417 1424 2391 1557 In gebührender volgkeistung hochgedacht
1432 1499 2366 1628 ihr gn an obvermelte deroselben
1446 1561 2386 1652 Dienere Herren Großweibel und gricht
1453 1615 2394 1715 Schreiber sub 24. hujus abgelaßenen
1448 1673 2378 1784 gefelchs, sambtliche bey hievorgedachter
1456 1727 2393 1841 unglücklichen und betrüebten gencontre
1445 1794 2372 1876 sich befundene herren nochmahlen vnd
1447 1845 2364 1950 zwar über jenigen umbstandt, daß hr
1453 1909 2382 2009 Bnat Ludwig von Wattenwyl von Kilch¬
1445 1962 2363 2081 Lindach selbstan seinen degen damahls
1462 2014 2384 2134 auch entblößt gehabt und darbey gestan
1457 2066 2406 2197 den seyn solle da der entseelte Er Müller
1462 2123 2398 2250 und Er Albrecht von Wattenwyl aus ein
1458 2183 2386 2292 anderen zugestohen etc. Eydtlich zuver
1469 2255 2362 2362 nemmen, gedeüten hern von Wattenwyl
1450 2312 2405 2412 von kilchlindach selbsten warumb er namb
1459 2363 2372 2475 lich seinen degen gezückt, gleichfahls zu
1465 2421 2379 2527 verhören etc. Habend ihr G Dienere
1683 2496 1741 2549 zu¬
1462 2487 2393 2606 aus heüt stehenden dato darüber volgen
1447 2558 1946 2667 den Bericht erhalten
1430 2652 2412 2772 Hr frludenreiz zeügete. Über den u¬
1462 2697 2394 2821 sand wie hr von Wattenwyl von Kilch¬
1468 2758 2412 2879 lindach bey bewußter action sich außge
1454 2823 2409 2932 führt. Daß Er darüber kein anderen
1459 2867 2377 3004 Bericht zuertheilen wüße. Dann zu
1465 2924 2404 3061 Der Zeit da hr Müller und ihr Albrecht
1465 2993 2410 3099 von Wattenwyl zu den Pfensteren sollen
1455 3058 2390 3164 gegangen seyn, habe er ihnen den Rüggen
1455 3086 2357 3230 gekehrt. Da er sich aber umbgewendt
1444 3131 2422 3277 habe Ihr von Wattenwyl von Kilchlindach
2205 3208 2379 3292 so wohl
