3024 4032
168 655 1244 826 u allerstagen sin aufgangen, da dann der Habel
131 768 1268 899 Den pluß nach einichen zu vor gelechtelten worten einem
148 849 1271 976 Schalman geheißen, worauff der pluß ihme mit beydensai
173 933 1267 1050 en einen stoß an die brust geben, dar von er sindersich die¬
163 1005 1264 1123 stägen sinunder gefallen und etwann eine vierthelstund ge
178 1080 1243 1194 egen, Wie er gefallen, Ohne daß er einichzeichen des Lebens
167 1155 1261 1258 von sich geben, biß endtlichen die schneyderin Schreyerensiln
158 1240 1265 1374 gesehen die Steinhauwer und andere ihn nit anrühren Wollen
167 1320 1271 1450 sagend daß es ihnen an dem sand warckschaden wurde, dem
173 1408 1276 1548 selben seyn hut under den kogtf und die fuß nn sich gelegt, dang
173 1511 1253 1622 dan er sich wider gerührt nach wehrts habe eine frauw den schärer
170 1574 1224 1704 gehölt und seye daraufhin der Habald weg geführt worden.
209 1687 928 1826 ndeten darmit ihre ausfaagen:
191 1803 1249 1945 Actum d. 22: 23 und 2 4. Augusti 17121
448 1992 500 2090 d
559 1931 910 2077 Sato Medica
660 2052 742 2112 bes
1170 2058 1218 2118 Mro
238 2048 1284 2208 Den Verstorkennen Haboldi
201 2178 1186 2347 Hochpacht: Gnadige Herrenund Ober
1138 2281 1219 2369 N.
173 2295 1298 2454 Auff dero an. durch Hrn Groslebel und wrichtsc
183 2387 1272 2517 ertheilten befehl, haben wir den an dem Haubtverwunseten
189 2467 1219 2566 ums nachwehrts verstorbennen Damiel Habolt besicht gefund
181 2528 1265 2644 befunden daß diese wundennicht mne die Inlegumena des
189 2615 1285 2728 snberen haubts zwey finger brit vbnr zwrchent zwey geschitten
177 2658 1286 2787 Sondnen auch das Cranium in osse occipund mehr alszwey zug
192 2734 1279 2855 finger lang gespalten, dieser palt durch die utteram camb¬
171 2793 1269 2931 Doideam durch gegangen, das ostemporale, uch durch ein
192 2845 1271 2973 Notable Fraclels gebrochen, under dem Cranoo dann viel und¬
193 2893 1294 3042 Große Klutgefaß des sahieids zerrißen, Maßen so wahl Außer
191 2978 1284 3105 Den zwiheutten ein ehr merckliche queentttet verseßennes und
191 3036 1297 3202 Iestackten geblutts gefunden worden, welches auch die rechte sit
200 3140 1273 3254 des hirn, anwelchet auch die fractur geschehen, obenher einer
187 3170 1289 3327 Iuten haus breitiuahiklich ein gebrucht, dann auch Innert den
191 3252 1293 3423 säüteg das jehrenselbsten hinuns wider seinen jnnerlichen sei
190 3350 1311 3476 mit underlausfenem Geblatt beschwert und angefellt gewesen,
2211 558 2332 671 73.
1412 568 1611 705 rgsere
1332 623 2343 810 Srruber fuw Dul Collegunn Tnoulamun
1342 726 2391 858 nach Geisslicher uns Collegialischer Deliberation geschloße
1330 793 2360 936 deß weilen diesesh unde dauverforbaamer seiner Rebelo
1330 846 2413 1005 punationen noltwendig hat berauben müßen, Auch kein
1329 928 2305 1036 menschliche hilff dabey sette verfangen kömnen, selbige
1329 989 2323 1104 Siupleiter und Absolicte settial gewesen seyn
1335 1049 2209 1176 Welchesfürt. Gul. Refenieren sollen der
1632 1111 2336 1218 Wnderthängst gehorhambste Statt
1635 1209 2106 1317 Phessiel an Churur
1665 1276 2213 1437 Albricht Genol N r.
1336 1365 1626 1462 Rethg23 Ai.
1668 1345 2225 1482 Jam Sherygg s
1663 1449 2296 1605 Feinberich Kenig Chururgil mo
1445 1439 1627 1568 14
2212 1529 2290 1610 1ß
1329 1557 1431 1694 u
