3024 4032
125 970 233 1098 Z
202 602 1257 738 zeit zu Zeit mehr gelt geben, habe
242 694 1252 793 ihme auch noch von Zeit zu zeit etwann
240 765 1236 850 ein thr geben, also daß alles und
228 842 1264 911 Alles so er von dem Müller an Gelt
242 876 1199 984 empangen bey 40 l. seyn möge
245 960 1218 1098 Wie Langer den Letsten stempfel
224 1041 906 1161 hinder Ihme behalten.
227 1110 1262 1226 wohl mehr als zeihen jahr und habe
227 1196 1209 1302 In vnderdeßen In stall verborgen
234 1263 1254 1357 gehabt, da Er nun loegen der Ob¬
216 1316 1263 1444 eligation getrieben woorden, habe er
233 1382 1275 1498 denselben laider hervor genomen, und
233 1467 1207 1569 endtlichen als der Ullen müller
229 1529 1257 1657 ihme sein Obligation wider zuge¬
227 1604 1266 1722 gstelt, habe er Ihme auch den stemp.
242 1673 1249 1779 fel in Michael Gerwers haūß in
245 1742 1029 1855 der Rußeren wider geben
241 1862 1248 1980 Alß auch auff gleichen Tag der
236 1950 1188 2043 Alli Müller mit diesem Buchler
243 2008 1251 2119 onfrontirt worden, hate Er diese
229 2083 1271 2186 deß Buchlers bekantnuß wahr zu seyn
232 2143 1266 2256 bestähtiget, Außert daß der Müller
235 2221 1280 2327 beharret, der Buchler habe ihn zu erst
238 2290 1283 2393 umb den stempfel ersucht, Item daß
244 2350 1206 2457 er dem Büchler bey Auffrichtung
243 2390 1269 2517 der Obligation also bald 30 l und
226 2493 1214 2608 hernach da er Ihn gescholten en
228 2559 1269 2682 Zweyen mahlen noch 31. thrl. gebe
241 2639 1233 2731 dargegen der Buchler Versprochen
233 2705 1278 2803 habe, nach Absterben seines Schwä¬
239 2767 1267 2875 achers ihme müller 3 0 l widerumb
242 2828 1270 2942 zubezahlen. Welche beyde Puncten
249 2908 1263 3015 Aber der Buchler Jantzlichen ver¬
247 2971 1280 3080 meint, und deren nicht bekantlich seyen
243 3058 496 3146 wollen.
1023 3246 1260 3345 Den
1325 2626 1379 2742 d
1330 1503 1404 1642 R.
1323 1673 1405 1783 R
1318 1904 1382 2020 A.
1357 2420 1435 2529 E
1338 2788 1434 2905 R
1343 2996 1387 3104 R
2224 581 2387 694 24
1499 635 2353 785 Den 16. dito habend mehhlch
1351 711 2383 882 Deraminatoren diesen Caspar
1399 819 2337 923 Buchler widerumb vor sich kommen
1406 883 2340 979 laßen, und selbigen wegen denen
1388 947 2385 1069 Jenigen Stempflen, so er von dem Vlli
1409 1016 2348 1120 Müller empfangen nochmahlen
1412 1086 2390 1193 zu Red gestoßen, Da Er dann obbe¬
1417 1142 2424 1253 schriebne seine Gethane bekantnuß
1425 1212 2427 1319 mit allen umbständen widerholet.
1417 1284 2401 1395 Ward folgendts nach befragt, wie
1415 1338 2445 1465 offt er den batzen stempfel gebracht
1416 1430 1590 1519 habe.
1441 1486 2300 1629 bin einziges mahl, da Er Ihne
1421 1584 1837 1698 probirt habe.
1439 1673 2390 1787 Wie dieser stempfel beschaffen
1433 1756 2360 1863 Stein, und was er für ein form
1426 1819 1675 1921 gehabt.
1434 1887 2392 2032 das obere theil habe ein käneli
1427 1997 2392 2113 gehabt, so am underen vber ein
1439 2068 2433 2175 trübli gangen vund das vndere theil
1440 2140 2431 2226 seye in der Große wie ein 3. Vier¬
1457 2205 2404 2311 lingstein geweten; Er habe Aber
1452 2269 2407 2382 das hand Liel zerschlagen Ob dem
1439 2343 2020 2454 ersten halb batzen.
1436 2412 2328 2538 Ob Er von Ulli Müller sonsten
1432 2505 2403 2606 keinen Anderen Stempfel mehr
1438 2569 1807 2667 empfangen.
1439 2629 2410 2754 Nein keinen mehr Als die zween
1439 2728 1830 2819 angezeigten.
1457 2767 2344 2896 Ob er von dem Ullj Müller so
1440 2852 2428 2977 viel Gelt empfangen, als derselbe
1439 2948 1700 3042 vorgebe.
1460 3001 2412 3115 der Ulli Müller habe ihne als
1454 3067 2421 3162 emen damahls Jungen Gsellen
1445 3137 2427 3246 betrogen, jedoch wolle er Ihne nit
1444 3192 2406 3316 anklagen, dann er seÿe anklagt
1437 3250 2439 3389 zenng, sollein waß das von
2244 3328 2462 3460 Ihmec.
