3024 4032
261 2612 325 2734 4.
261 3035 321 3127 2
281 514 1298 724 Feroome Alliondeiner Rehugeerten Braudige
326 631 1280 770 Sohn von Gll, gebührtig de Caipße zinder
320 706 1276 820 Beaumont seines Alters zwüschen 23 a 24
337 776 1289 879 jahren, welcher eben wegen seiner bösen arbeit
332 822 1289 958 Die er mit Casterhafft, und Diebischem Ingreishen
341 888 1283 1033 Anseinem Nebens Menschen Vernebet, in Jeh
346 949 1138 1078 mahligen traurigen zustandt gerahten.
309 1043 1295 1190 sann nachdemme derselbe wegen eines letst
326 1120 1288 1234 Verwichennen Aprillio seinem vormahligen
337 1183 1292 1308 Herren in Schloß zu Tans begangenen Nächtlich
342 1248 1303 1379 Emnbruchs und vernebten Namhafften diebstahl
360 1322 1290 1447 Aus vor grichtlichen banden In denen Er
350 1388 1282 1507 sich eben bey entdeckung des diebstahls wege
360 1452 1296 1560 eines hirey Pahlers befunden in die Obere
362 1519 1304 1645 Gefangenschafft verselgt, Ist selbiger darauf
368 1596 1277 1691 in ans oberkeitlicher veranstallt, den 1: 12.
359 1657 1283 1773 22 und 2f brachmonaht dieses 1716 jahrs
371 1721 1293 1839 und also zu verschiedennen Mahlen, über dies
360 1788 1290 1894 so Namhafften und andere Vermuchtlich begange
378 1853 1276 1969 ie Diebstäfl gankz ernstlich auch mit anwen
365 1917 1300 2010 zung der Marter seinlich Cxaminiert, und
371 1983 1280 2091 Dardurch volgende bekanntnuß von ihme
367 2055 732 2162 erhalten worden.
339 2171 1294 2303 Und zwahr Pestlichen daß er von Jugend auff
357 2248 1272 2370 ohne erlehrung eines ehrlichen beruffs, sich
363 2316 1285 2439 dem leidigen Müßiggang, vorigkeit unnd
376 2383 1291 2511 Jagen ergeben, dannenhers wegen seines
368 2441 1288 2555 ungebührlich, und ungetreüwen Verhaltens beÿ
373 2511 1293 2623 seinen Herren nicht Lang in diensten verblieben
364 2570 1284 2716 gestallten er wahrens dem Dienst zu Cppel
373 2632 1299 2767 ein zusammen gelegtes Meßersambt dem zu
363 2708 1253 2821 terlin, wie Auch zwo Kappen, die hinte von
352 2745 1320 2915 Schwartzenn, die Andnet von Viol brannen tahet
371 2840 1300 2963 welche der Guttscher in seiner sammer Auff den
360 2906 1140 3041 Tisch Gelegst, genommen und entwendet,
337 2996 1275 3130 Denne und zum andern, als er verwicheng
364 3032 1313 3194 ahrellen i einem wihrtshauß zu Grasows
361 3135 1306 3244 zu NachtGelßen, hat Ersithin der Nacht ganz
360 3164 1294 3317 Allein auff Gard begeben, daselbsten, weillen
362 3246 1221 3398 ihme wegen seines vorigen Diensts, Alle
1008 3287 1309 3469 Geleigenheis
1442 578 2398 712 Gelegenheit des Ohrts woll bekannt, durch ddie
1462 652 2388 790 Garten thür welche er Osfen gefunden nos schloß
1469 718 2335 831 und zeimblich in der frauwen Schlaff gemach¬
1470 781 2359 915 geschlichen, aus ihrer Rsopl den Schlüßel zu
1465 849 2368 966 seinem schafft genommen, denselben gebffnet und
1472 902 2423 1016 Darauß die Cabinets Schlüßel genommen, volgends
1478 972 2336 1084 sich ins abiret begeben, und darauß volgende
1459 1030 2161 1145 praeuose Sachen entwendt. Als
1892 1095 1982 1141 wergen
1475 1109 2328 1242 En Perlnhals band von600 francen wahrts
2025 1185 2081 1231 n
1462 1184 2408 1322 Ein Ring von 7 Diamanen 900 a 1000 francen
1467 1251 1641 1350 wehrts.
1465 1290 2377 1446 Ein Anderer Diamant Ring von 200 fancen
1464 1380 1877 1493 Zin Ring mit Griffre
1463 1436 2381 1587 Ein ring in der vormb eines treüw Rungs mit
1464 1530 1924 1640 keinen rtohtensteinen
1481 1598 2336 1725 drey Guldene Medailles zwo Große und ein
1462 1664 2404 1772 Kleinern, Auffwelcheren die Waaxen der Stätte
1464 1727 2388 1850 Zürich, deri uad Garff gepraget, soin zweyen
1486 1798 2236 1904 mit Gold gewurckte Secklan sich befunden
1487 1859 2115 1975 ein großen silbernen Dassin.
1482 1915 2383 2042 zween silberne Kertzenstäck mit Abbreche und¬
1480 2006 1820 2100 Abbrechen Puter
1487 2070 1984 2171 Ein selbernen Cogiemar.
1491 2139 2266 2256 Ein silbernen decher mit vergültem bort.
1487 2232 1895 2324 ein silbernes Schälin
1481 2321 1995 2428 ein Silbernes Saltz uchslin
1475 2388 1956 2494 sieben silberne Gablen.
1483 2446 2004 2581 14 Große Silbrige Lösfel
1489 2523 2424 2656 Sechs keine silbrige Cahl Cospelin mit darauff¬
1491 2630 1891 2716 gestochnen waaxen.
1475 2672 2385 2794 ein silbernen Hals stragen mit dem waapen¬
1496 2744 2342 2854 Ein Fablette von Thagren Quarniert bit
1503 2810 2381 2934 silbernen Naglen und einer silbernen Nadeln
1496 2902 2007 2992 etwelche silberne Trücklin
1499 2962 2241 3074 Etwelche Alte Silbrige Casse Schūßelin
1492 3051 2160 3153 Sechs Meßer mit silbernen hefften
1494 3131 1747 3206 ein alte uhr
1499 3166 2439 3306 ein neüwen gantzen, ein neüwen halben hranzei
1498 3244 2236 3378 schen Thaller und bey 18 b land Muntz
2195 3327 2367 3422 Und etc.
