3024 4032
178 627 1255 791 In der Oberen Ey habe er zwar wohl
207 749 1249 855 gehört Aber niemahlen nichts gesehen
118 815 1189 942 Wie die jenigen in der Oberen Ey
218 912 1249 1029 heißen von denen er dergleichen sachen
224 986 401 1087 gehört.
236 1026 1254 1184 Er habe bgehört vom Vlli Wenger sagen
131 1049 193 1175 R
226 1138 1267 1255 Item vom Zeitmacher, so zwuschen Trus
226 1217 1251 1337 und Langnauw Bohne, daß sie gelt machen
146 1317 1215 1416 Ob nicht ein gewüßer wachtmeister
233 1379 1246 1477 bey Chim umbher bohne, der auch mnd
220 1442 917 1545 denen wurtzen umbgehe
238 1518 1258 1651 Er habe von einem von Ansoltingen
125 1503 212 1638 R.
223 1601 1235 1707 gehort der Rudi Hirschi heiße, so mit
219 1684 728 1781 Courtzen vmbgehe
142 1757 1267 1874 2Ob er nit aūch einen Namens Oty von
229 1837 775 1949 dieboldhausen kenne
238 1921 1243 2029 Er kenne denselben mit, Bßert daß
136 1921 199 2024 .
232 2018 1272 2099 er ihne Einmahl an einem Aibeÿleg
224 2071 577 2171 Mahl gesehen
241 2227 1242 2344 Nach dme nūn Mehll: die bra
256 2298 1276 2435 minatore disem Ulli Müller befohlen
237 2379 1260 2504 ein wenig abzutretten, und derselbe
210 2457 1261 2559 Villicht vermeint, daß es abermahlen
240 2507 1277 2609 umb die Marter zuthun seyn werde, hat
251 2580 1255 2692 er begehrt, widerumb hinein gelaßen
242 2652 1261 2771 zu werden, da er dann bey seinem ein
240 2715 1281 2823 stritt gesagt, daß er seyn Hertz Allerdings
241 2784 1285 2883 Raumen wolle, und darauff angezeigt
258 2858 1267 2990 erkenne und gestehe, daß er und der
253 2936 1281 3070 Stiffelmacher Hanß Leemann mit ein¬
246 3018 1276 3138 anderen haben wollen gelt machen,
252 3097 1284 3201 und zwar halb Gulden, allein sie ha
244 3173 1204 3295 bend nichts herauß bringen
248 3258 474 3378 können
1067 3397 1191 3478 2
1289 1501 1369 1589 A.
1313 1618 1374 1706 R.
2220 527 2377 655 4
1322 603 2433 766 Wie sie es gemacht, und was für Materi
1376 696 1931 818 die darzu genommen
1317 768 2427 929 Die habend Ertz kupffer Mösch und zim
1368 843 2349 983 zusamen in eintigel geschnetzt, und
1372 910 2439 1051 solches in einemwald im Schurpach
1376 982 2439 1102 graben geschmeltz und hernach in eiser¬
1381 1068 2428 1193 ine gießflaschen gegoßen, und 6 halb¬
1380 1139 2367 1251 Gulden gemacht, allein sie haben so
1384 1219 2411 1343 loust außgesehen, daß sie kein mentsch
1378 1311 2385 1403 genomen hatte, derowegen sie selbige
1377 1375 1929 1496 wider eingeschmeltzt
1401 1459 2385 1592 Vo sie die Hießfläschen harbekomen
1387 1570 2368 1686 Der Goldschuid Cantzrein von Chun
1386 1649 2364 1766 habe Ihme dieselbigen Verehrt, die er
1377 1725 2322 1838 nachwoerts dem Christen Winckler
1374 1801 2020 1907 zu hilterfingen geben
1382 1871 2401 1991 Es seye darbey nicht geblieben, Er habe
1386 1951 2405 2044 das handwerck viel zu lang getrieben
1386 2020 2338 2130 daß er mir 6 halb Gulden solte ge¬
1387 2104 1755 2192 macht haben
1414 2206 2403 2326 daß seye alles was er gemacht, nun¬
1378 2292 2407 2388 mehr habe er alles bekent, und wuße
1378 2347 2392 2455 gantz und gar nichts weiters, gott
1383 2425 2394 2534 wuße sein hertz, und das er alles an¬
1366 2504 1734 2612 gezeigt habe
