3024 4032
343 637 1287 787 Dantler dem albrecht wihrten zu Mannstingen
344 727 1218 847 eine kuhe nachts auß des herbstwarg
364 811 1255 932 etwaldt, so sie bey lißweil in einem holbz
345 865 959 1014 gesplachtet, und daß er
346 957 1275 1097 2. Becer sukhauß auß einem geschlachteten
345 1038 1242 1166 stre bey 16373 flrich außgehauteren hatte.
354 1104 1278 1261 welches fleisch dieselben lanth aber alles wied er
344 1251 516 1306 bekomen
341 1280 1299 1417 8. Das Andere mahl dann, weilen ero bey laub
350 1368 1241 1493 ein schaff auß einer weydr entwrnder, darmit
359 1439 1285 1561 erdappet und nach Trachselwald geführt worden,
346 1516 1281 1643 habe mann ihne sog nad allhero in das schallen
332 1597 633 1700 areb geschikt.
344 1648 1269 1802 m Sehel erfer im Augsta 171b auch
349 1754 1292 1880 zu Solotuhen gefangen gsin und damalen fur
343 1822 1266 1954 sein lobtag auß die palleren condemniert
350 1903 1259 2033 und volgendt nach bergamo geführt worden,
347 1978 1261 2097 weien er an acht und erschiedlichen beten mit
350 2030 1290 2158 dem Hanns Linder Gufer geheißen, dorthe-
332 2120 1266 2249 rumnb fülsh Schaal nachtu auß dem stüllen
353 2206 674 2297 etwendt als
1041 2280 1123 2378 11
357 2267 744 2404 zu Batterkinden
274 2310 329 2400 4.
1031 2365 1120 2459 11.
276 2395 318 2476 5.
350 2374 562 2504 zu Mihe
1014 2455 1126 2536 12.
271 2469 323 2556 6.
356 2466 636 2571 sohtelbofen
1062 2523 1119 2609 2.
282 2553 664 2673 7. Hu a eit ingen
1062 2632 1111 2698 2
291 2624 658 2749 8 zu Niederbere.
993 2719 1042 2776 11
281 2704 671 2823 9. Zu Witlisful
1071 2787 1119 2844 1
353 2795 669 2890 altißhirl.
270 2801 331 2874 10.
1150 2821 1297 2955 schmnst.
1070 2862 1120 2944 1.
346 2844 786 2982 Und h2 Lußlingen
271 2889 344 2969 11.
1073 2903 1302 3016 welches fleich
281 2933 957 3045 12. Wie auch ein kalb s Berberg
1101 2991 1285 3082 herd
353 3014 981 3103 die beide bey der emen brugst an
1096 3058 1313 3172 sall olt,
1033 3098 1090 3175 die
344 3076 974 3180 in dem Walderen gennzen und
338 3137 696 3260 stuhren verkaufft.
1038 3166 1168 3287 Auch
1394 796 1477 898 13.
1413 1068 1458 1193 14
1418 2477 1461 2560 17
1419 1524 1482 1588 15.
1428 1888 1477 2013 16
1423 2992 1488 3054 18
1441 3201 1502 3291 19.
1466 527 2463 740 Aut habe er dam ahlen zu Solatuseren bekrent, daß
1492 743 2460 891 Iet ofter erilseinem hengereteten bid ers ein
1477 831 2450 963 Stind zu Lndtweil auß dem stall entaußßeret.
1472 909 2430 1053 und de fleisen darson in sheen steiners watter
1475 982 2274 1110 auff das breitfeld getragen. Und.
1487 1048 2478 1197 Nisgleichem zu Kollifofang in siss tud schweinlin
1478 1137 2114 1277 etwndt und im pfald gemget.
1481 1223 2482 1383 Sit dem erd verschimenen meyen voreinem jahro
1480 1306 2484 1453 anß der lisewesh zurmb kommen, habe er mit
1483 1394 2292 1527 vorgemeltem Hanns Kunder antlalndt.
1510 1471 2488 1621 Du hesingen im herbst a 1719 seye erhoferd
1474 1570 2498 1700 sich den fensteren schltbacht gestanden, da der
1475 1642 2509 1790 gnses im Ruhi haden mit einem faltschen schlußel
1489 1707 2447 1852 geöffert und darauß nachts drey ehrene häfen
1492 1846 1660 1916 genomen.
1517 1875 2511 2018 besarte zlke in einem Hanß Nechst Braudiß
1502 1969 2486 2098 habes hafes mit dem Gufed Babi schiht und
1487 2048 2501 2174 zahind nachts auß eines kuuhi, so sie mit eine mfal,
1484 2120 2500 2260 heg schußel aub gefahen uied thene hafrng nit.
1499 2208 2509 2336 wendt, darvon er fur sein teill in hafen gehabt,
1507 2282 2516 2410 undselbigen dem hafengeßes zu Solabuhren unb
1496 2338 1793 2476 1B verkauff
1511 2425 2504 2585 din affligen ohntit zulchberg habe er hafed mit
1498 2525 2491 2678 dem Gufer Hanns Nachts auß einem fischerd
1500 2615 2513 2725 3. Winene Aupen 2d wüllene stöck und eine aut
1504 2683 2489 2828 sonhene Cassagul entwrndet. Allhin secf Ern
1504 2749 2504 2892 hofes und spiltlacht gestgnden, der Anter aber
1505 2836 2496 2959 abe den schrsheb gröffnet und diese kleides hranß
1498 2911 2512 3031 gebracht, dahero fr die caspaguu vorauß behalten
1533 2990 2481 3107 Nif gleichem güfer habeko lofer zud selbigen
1518 3056 2459 3190 seit entwndt Auf der litch mingert, hön fey.
1500 3125 1974 3238 zu schack und
1523 3196 2457 3331 by satt weil ader sunß wald auff dem beeg zro
2315 3313 2479 3427 geißen
