3024 4032
195 564 1243 697 Ob wahr seye, daß er einen theil vom fleisch
286 621 1259 743 der gemezgeten kiche habe zu des Mezgers
285 684 1023 798 elteren ins hauß getragen.
294 727 1263 853 da es seye wahr, er habe einen theil fleich in
286 806 1264 923 das hauß, da des mezgers elteren gewohnt,
272 896 529 983 getragen.
296 936 1241 1049 Hierauß nun seye Klar zuersehen, daß
166 965 259 1067 A
285 1001 1243 1121 er den mezger und seine elteren zuvor
277 1062 1255 1174 schon müße gekent haben und mit ihnen
276 1120 1221 1251 kundsamme gehabt, dan er sonsten das
286 1189 1249 1321 fleisch nit zu ihnen wurde getragen haben.
291 1268 1253 1393 er habe einmahl zuvor gar kein kund.
190 1310 259 1425 d
268 1353 1232 1449 samme mit ihnen gehabt, sonderen gedenkt
267 1430 1275 1524 Weil der sohn by disem handel seye, so
261 1485 744 1595 könne er nit fahlen.
199 1547 1200 1669 Wie es mit dem jenig gätzi zugangen von
275 1623 1260 1730 deßstwegen er ins schallenwerk kommen, ob er
264 1672 1224 1809 selbiges nit dem keinifeger zu kauffen
272 1749 1194 1860 gebracht, und wo er solches harbekommen.
270 1817 1265 1947 Ja er habe solches dem Keinifeger verkaufft
197 1860 256 1951 d
280 1897 1260 2017 allein selbiges habe er zuvor von einem
273 1964 1273 2084 oberländer Kerli erhandlet, er glaube, daß
270 2045 1262 2161 wann er dises gäzi nacher besichtiget hatte.
292 2107 1258 2242 daß es villeicht nicht das jenige gsin
291 2178 1009 2300 seye, so man hernach gezeigt.
273 2267 1218 2374 wie es mit denen kettenen zugangen
206 2270 271 2383 d
285 2338 1212 2440 so man unlängsten zu Urtenen hinder
280 2375 1306 2516 ihme gefunden, ob selbige nit gestohlen seyend.
212 2460 1272 2580 Nein selbige seyend nit gestohlen, er habe
276 2543 1263 2647 sie von seinem bruder bekommen, so in der
265 2635 699 2732 Karen ertrunken.
304 2673 1261 2802 Er solle nun auch in treuwen anzeigen vnd
204 2680 276 2795 2
292 2743 1249 2856 bekennen, wie er ohnlangsten aus der ge
288 2814 1282 2925 fangenschafft kommen, und wer ihme heraus
286 2898 466 2986 geholffen
301 2917 1233 3043 Er habe mit einem meßer so er by ihme
197 2969 268 3074 R
308 3004 1269 3113 gehabt durchs gatter durch den Kalch umb
299 3068 1260 3161 die bißen an den fisenen Klöben weg ge¬
298 3124 1231 3235 macht, so daß nach langem grüblen die
299 3193 1237 3299 bißen und kloben laaß worden. In zweyen
285 3250 1226 3361 rächten habe er allwegen einen kloben
302 3298 1276 3406 ledigmachen können, alß nun die kläben auf
277 3365 1293 3487 der einten seiten ledig gewesen, habe er mit
1094 3420 1268 3510 wünge
1415 1162 1474 1257 3
1412 1254 1471 1355 R
1484 581 2490 680 wenigem gewalt die klöben auf der anderen
1489 649 2419 736 seiten aufgetrukt und das gätter mit
1492 697 2391 807 seinem halsstuch ober angebunden
1491 763 2449 884 volgends habe er am montag morgens
1485 835 2434 937 zwüschen zwey und drey uhren sich hinunder
1480 896 2453 1011 gelaßen, und seye die statt ab, in das Schuzen
1479 946 2449 1073 gäßli gangen, daselbsten in den hrrn ehegraben
1479 997 2445 1132 gestigen und darinn biß freytag morgens
1483 1107 1714 1177 verbliben
1513 1109 2237 1259 wo er hernach weiters hinkommen.
1505 1192 2425 1333 Am freytag morgens frühe, seye er zum
1498 1259 2472 1379 anderen thor auß auf munsing und gegen
1494 1319 2371 1462 thun zugangen underwegs zu Rubigen
1493 1395 2490 1505 habe er einen schwarzen kittel den er gehabt,
1478 1459 2481 1590 einem kerlen umb 9 b verkaufft und von disem
1488 1509 2458 1632 gelt zu Münsingen bym Pfister zum Leüwen
1494 1591 2430 1717 umb 3 b brodt gekaufft, darauff seye er
1488 1634 2473 1766 in einem heünscheürli zu Munsingen ein tag
1505 1702 2463 1827 und zwo nacht wegen mättigkeit im heind
1487 1813 1664 1886 gelegen.
1516 1846 2488 1943 ob er nit auch seithero bym Küher zu Köniz einmal
1403 1856 1468 1968 2
1498 1924 1794 2021 übernacht gsin.
1500 1967 2484 2078 ja er seye bym bicher daselbsten einmahlüber.
1412 1972 1471 2074 2
1495 2028 2437 2114 nachtet, aber der küherd habe ihne nit gekent,
1480 2093 2428 2216 Wie lang es gsin, daß von dem an, daß er zu
1432 2129 1477 2223 2
1494 2170 2481 2282 Münsingen im Scheüren sich aufgehalten biß er nach
1493 2236 1782 2339 Köniz kommen
1485 2268 2472 2410 er wüße nit, welchen tag er nach köniz kommen.
1404 2311 1476 2407 22
1509 2377 2196 2494 was er zu thun gemacht habe.
1405 2392 1486 2503 2.
1505 2450 2448 2573 Er habe sich zu thun nüt aufgehalten, sonderen
1406 2497 1465 2596 3
1483 2538 2432 2631 graden wegs durch die Statt durch und über die
1494 2586 2450 2684 lander Brügg sich änen aben begeben und by
1467 2645 2455 2741 Ghalgutt in der krunfen einer scheüren über
1490 2695 2484 2821 nacht gelegen, mornderst aber weiters hinal
1493 2781 2118 2885 gegen der Tächtelen zugangen
1486 2840 2439 2962 Wer alles by ihme gsin, da er dem herren bauhen
1401 2873 1488 2967 3
1479 2934 2140 3040 Nagner seine Sattel entwendt
1411 2984 2389 3108 R. gar Niemands, Er habe solches allein gethan
1404 3062 2491 3184 a. Was er alles dem herren gauwhrn wagner genommen.
1410 3139 2496 3259 R 3 sättel 1 zaum 1 jaar piotolen und 1 paar Bottine
1413 3239 2463 3356 . Wann ihme niemand geholffen, wie ers dan ge
1480 3316 2490 3411 macht habe, daß Er alle dise sachen genemen vnd
1467 3371 2499 3458 fortbringen können, Er habe jagesagt, daß
1470 3411 2481 3521 er matt und schwach gsin, alß er auf thun zugangen.
