3024 4032
163 875 229 962 a.
203 1223 253 1279 3
192 2494 264 2568 4.
200 1989 259 2056 3
360 638 1248 787 Hanns Baumann außem
300 736 1257 839 Hilholterberg seines alters bey 38 jahre
299 801 1251 905 hat bekënnt. Daß er vor ohngefehrt
294 854 1248 965 einem halben jahr zu Kersatz ein pferdt
304 915 1238 1014 des Nachts ab der weydt entführen wollen
301 976 1226 1083 darob Er dann erdappet, in alhiesige ge¬
300 1031 1241 1148 fangenschafft gebracht und nachwehrts in
296 1100 1098 1225 Schallenwerck geschmidet worden
288 1161 1244 1288 Daß er verndrigen jahrs im sommer bey
314 1236 1251 1344 io mittgsin auch schiltwachtgestanden
298 1305 1239 1414 als der entwichene Burcki sein diebs ge¬
304 1363 1226 1480 spahn, einer gewüßen hochen standts
295 1425 1226 1546 persohn in dero Herpsthauß zu Mont in
279 1489 1234 1607 Lacoste nächtlicher weil eingebrochen
313 1552 1235 1658 und eine namhaffte quantitet köstlichen
294 1616 1254 1715 Leinwaadt und andere mobilien ent-
319 1679 1267 1785 wendt. Darvon er 5 silberer köffel
309 1745 1227 1842 ein dackbettziechen und 20 batz von
291 1814 1233 1921 einen verkaufften fwvil für seinen
322 1883 769 1996 Antheil bekommen
326 1952 1276 2056 denne und zum dritten daß Er gemel
310 2010 1282 2110 tem sürcki 4z gestohlne käsen, welche
316 2065 1249 2204 derselbe zu Lahonti entwendt und in
300 2139 1288 2264 einem ohnweit darvon gelegenen waldt
294 2215 1246 2333 versteckt gehabt, geholffen von dannen
306 2254 1268 2415 hinwegtragen, darvon er auch ein käß
312 2360 948 2467 für seinen lohn bekommen
307 2415 1288 2546 daß er verndrigen jahrs mit und neben
310 2481 1276 2624 mehrgedachtem Burcken dem jkrn ober
303 2554 1231 2681 Herren zu Dießbach des nachts in
307 2602 1212 2735 seinen Speicher gebrochen, darauß
302 2660 1278 2815 2. Maß Wicki und 2 maß flachsjaa
322 2739 1278 2889 men endtwendt. Darvon er für seinen
312 2818 1033 2952 antheil 15 batzen bekommen.
326 2898 1260 2995 Vieserem Hans Banmann ist zlar einhalig am leben
326 2936 1260 3041 verschonet, denoch aber zu wohl vordienter straff erkent
262 2923 314 3025 6
328 2987 1271 3080 worden, daß derselbe mit denen übrigen zleyen anoge
317 3022 1278 3104 führt der baecution derselber zuschauloen, nachwährts aber
308 3054 1256 3160 wider in die statt gebracht, durch der statt hinunderaur
309 3083 1283 3191 schmeitzt gebrandtzoichnet und oloig von Moghs stattind
308 3107 1294 3250 lander eydtlich verloesen werden solle und ibar mit 103 ßb
1229 3170 1262 3221 41
265 3204 913 3288 2 ansschmatzen und olig bannioieren
1225 3242 1277 3293 12
315 3260 641 3346 auf der Galeger
257 3310 780 3413 Flarg ins Schallereloroek.
949 3300 1285 3419 Nachdeme
2213 591 2341 689 88.
1401 661 2343 771 Nachdeme eir unßer allerseits
1426 749 2344 860 gnädige herren und oberer rähtundt
1415 805 2413 901 Burger sein Peter Hoofers Damel Schmidts
1953 864 2402 958 1othane Bekandtnußen
1430 915 2378 1002 und vergichten mit allen ihren umbstände
1427 970 2360 1090 angehördt und darauß vernommen, daß
1414 1030 2368 1131 diesere Mateficantey sich in soweit ver¬
1424 1082 2411 1188 geßen, daß sie sich vieler Reich und anderen
1431 1145 2400 1233 namhafften diebstählen theilhafft gemacht
1424 1197 2377 1311 und solchem nach in reiste betrachtung ge
1411 1252 2389 1367 zogen, einerseits wie und welcher gestalten
1422 1309 2354 1426 durch Verübung dergleichen diebstähl die
1432 1372 2362 1477 jemeine sicherheit und Ruhw ihrer ange
1426 1426 2345 1529 hörigen underthanen geheinet und ver
1420 1475 2410 1575 stöhret werde: Anderseits dann sich schuldig
1419 1544 2413 1638 stermaßen erinneret dero zu Abstraffung
1423 1593 2352 1692 der gleichen Mißethaten von Gott dem
1419 1662 2395 1768 Allerhöchsten Regenten ihnen anvertrau
1429 1723 2394 1830 ten hoch oberkeitlichen ambts und daran
2049 1784 2400 1875 habend darauf
1409 1796 1878 1905 hangenden Pflichten
1410 1845 2375 1964 hin hochgedachte unßere gnädige Herren
1430 1911 2385 2013 und oberen bey ihren eydten zu recht
2047 1966 2400 2054 daß diesere
1419 1990 2039 2082 erkennt und gesprochen.
1437 2025 2376 2149 Jary malefnanten Hoofer und Schmidt
1436 2090 2360 2211 nechst empfehlung ihrer seelen in die
1418 2139 2394 2269 erbahrmende hand ihres erlösers, dem
1430 2205 2403 2329 Scharpfrichter Übergeben, durch denselbe
1439 2270 2374 2382 Oben auß auß die gewohnte Richtstatt
1429 2324 2239 2459 gebunden und gefangen, geführt
1432 2370 2320 2513 daselbsten zum exempel und schreiben.
1440 2463 2344 2565 anderen dergleichen missenthateren nach
1420 2510 2378 2621 lobe statt dern habendem hoch oberkeiten.
1420 2597 2387 2705 gewalt, mit dem strangen vom leben zum
1424 2656 2315 2784 tod hingerechtet werden sollen ant.
1426 2735 2090 2854 boram 200 den 7. maii 1715.
1407 2831 1919 2950 exequiert Eodem die.
1438 2903 2409 3014 hohter zum tod und zwar mit dem strangen 111 Stünin
2240 2960 2325 3028 54
1439 2991 1643 3062 zue leben
2217 3032 2310 3108 122
1426 3039 2159 3141 Schmid zum tod auch mit dem stranger
2237 3099 2320 3168 13.
1442 3124 1656 3207 zum heben
