3024 4032
293 754 1239 872 Almpel an diesem Alhier in Ober¬
300 812 1218 934 keitlichen Banden vor angen stehenden
292 868 1199 974 Armen Menschen Caspar Spring von
300 938 1213 1044 Staffis burg seines alters bey Hünd
307 1005 1257 1115 oder sechs und zwantzig jahren, welcher
300 1077 1222 1190 eben wegen dergleichen und anderen
294 1133 1241 1276 verbrechen in jntzmahligem trauw
297 1196 1236 1322 rigen zustandt sich vor uuß befindet
291 1268 1209 1379 dann als letst verwichenen Mertzen
289 1334 1191 1449 derselbs wegen eines nächtlichen
283 1403 1240 1527 Einbruchs zu Lutterskhoffen und auß
304 1467 1250 1558 gestoßenen vermeßenen brandt-treü
304 1536 1235 1618 vens drunden zu Benhegg in verhafft
288 1615 1212 1725 gezogen, daselbsten examiniert und
291 1667 1206 1769 underschiedelicher Diebstähl, auch des
295 1733 1182 1848 gethanen Brandttreüwens, erstlich
296 1789 1209 1902 überwiesen und hernach bekantlich
668 1849 1211 1975 Ist selbiger darauf¬
298 1886 485 1952 worden.
540 1884 597 1976 der
293 1930 1268 2019 hin wegen alhiesigem hochloblichen standt
293 1993 1214 2100 der enden zugehörigen hochen gerichts
287 2041 1254 2144 Herrlichkeit, dem Freyweibel von Hindel
286 2103 1209 2205 banck zugestellt von demselben zu
286 2165 1217 2280 oberkeitlichen banden und gefangen
280 2228 1235 2344 schafft gewahrsamblich alhar geliefe
291 2287 1201 2406 ret und volgends auß oberkeitlicher
287 2361 1266 2482 anstalt und verordnung über obgesagtte
287 2406 1215 2506 und andere von etwelchen seinen be¬
297 2485 1245 2591 reits hingerichteten diebsgespahnen) hievor
290 2558 1210 2663 auß ihne bekandte nächtliche Einbruch
299 2609 1218 2702 und diebstähl, anfängklich nur ernst
291 2667 1245 2795 wöhrtig, nachwehrts aber auch peinlich
301 2730 1200 2857 mit einfach und schwärer Marter
301 2792 1245 2903 aaminiert und endtlichen in seiner
285 2855 1240 2981 gethanen bekandtnuß gestendig worden
295 2927 1245 3054 daß er mit zuthun und erschiedeliches
295 2994 846 3122 seiner diebsgespahnen
976 3084 1157 3228 zu
2179 581 2305 694 68.
1415 702 1918 833 zu Schonenwehrt
1433 787 1988 899 zu dammersehlen und
1439 846 2220 966 Mählsecken im Cicerner gebieth
1431 925 1876 1041 Im Zürichgebieth
1439 1019 2334 1126 bey der seyser Brügg an zweyen orthen
1434 1099 2266 1202 Im zugergebieth an dreyen orthen
1427 1172 2180 1293 Im Freyenambt an 4 örthen
1444 1240 2345 1372 und zu Lütterskhoffen im Bucheggberg
1568 1321 1963 1431 an einem orth
1436 1505 2384 1632 Also 14: Nächtliche Einbruch in Haußer
1437 1585 2386 1696 Keller und speicheren gethan und verübt
1446 1650 2387 1764 und dfelbsten gewacht brodt wein ein
1437 1715 2388 1837 gantzes eingesaltzenes schwein Einkals
1449 1781 2398 1883 Ancken kasen, fleisch, kleider Leinwaat
1448 1831 2388 1958 und andere dergleichen sachen geraubet
1446 1891 2431 2026 und gestohlen, darbey auch ich  so ent
1440 1984 2384 2098 setzlich zuhören) sich vermeßener weib
2186 2031 2314 2082 zeiigen
1435 2044 2389 2151 vernemmen laßen, daß er dem Provosen
1454 2112 2376 2227 so ihne zugreisfen und erstehen wurde.
1448 2166 2346 2268 sein hauß mit Feüwr anstecken, und
1441 2229 2399 2355 Wann er es wider bauwen an die Hauß¬
1450 2312 2403 2424 thüren schreiben wolte, daß so viel der
1927 2367 2002 2413 kides
1450 2357 2403 2458 selbe neüwe Häußer außbauwen wurde,
1464 2430 2247 2538 so viel wolte er ihme verbrauen
1437 2530 2415 2658 Miachdeme nun vnßer Allerseits
1450 2603 2404 2728 gnädige herren und oberen räht und
1452 2660 2432 2789 Burger als alhiesige hoche Landts ober¬
1452 2724 2428 2848 keit, einerseits sein springen angehördte
1458 2794 2426 2926 Bekandtnuß und vergicht mit allen Ihren
1459 2859 2430 2986 Umbständen in Reiste betrachtung gezo¬
1457 2918 2410 3072 gen und darauß so viel ersechen, daß
1458 2992 2391 3138 durch dergleichen nächtliche einbruch
1471 3057 2376 3163 und vermeßenes brandttrouwen
2237 3158 2374 3267 Die etc.
