3024 4032
457 580 923 716 Hans Berbers
361 688 1284 858 Von Rochtenbach bekanntuß und Vergecht
301 836 1273 997 Nach demm Hanß Garber von Sölten
345 947 1294 1086 bach Janes alters bey 19 ober 20 jahren
348 1030 1291 1169 wegen eines ohnlangsten Ab der Weis ge¬
347 1097 1267 1218 stohlenen Pferdtzuns kalbeten, Welche Erin¬
344 1180 1276 1318 Buchtagberz zu verkauffen Geführt, drund
347 1260 1296 1382 In Attingen ergriffen, eingeselet, und daribe
344 1343 1297 1443 Caaminiert, Volgends auch Auff Gethane be¬
348 1414 1299 1524 kanntnuß vor dem UnderRichter zu Attingen
348 1480 1224 1621 Malesitzerkannt worden. Ist selbiger
360 1555 1295 1671 daraūffhin Trafft der mit Poblichem Staūs
347 1640 1286 1760 Sollotzurn habenden vertragen, hiesigem hoch¬
343 1710 1304 1853 Loblichen Standt Berri Wegen der Enden haben
358 1794 1299 1923 hochen grichtsheerlichkeit mit leibend guts
350 1864 1278 1992 zu Erkennt, und durch den freyweibel von
355 1941 1299 2084 Hindelbanck zu oberhentlichen gewahrsamb
353 2025 986 2154 lich Allhar geführt worden.
324 2122 1289 2297 Da dann Volgends dieser Hans Barberin
355 2224 1293 2351 Der oberen gefangenschafft Allhier Anfang
346 2294 1300 2438 durch Ihr 2 Ml dienere Herrnn Großdoud
345 2371 1301 2513 Im Hobff und Grichtschreiberen Wyttenbach¬
353 2448 1283 2567 Nachwehrts aber ans oberkeitlicher Veran
359 2511 1287 2649 stallt, Auch durch Michts Saltz Directoren
369 2571 1292 2747 Ang furgeren mit zu thun obgemelt Ihr Bn
356 2631 1290 2784 Dieneren d. 1. t Octobris 2 t und 13 t .
355 2726 1287 2873 Dines 73 jahrs und also zu verschieen
369 2804 1281 2941 Mahlen über die beriits von ihme bekannt
373 2869 1297 3013 und annach vermichtlich begangenen Diebstähl
355 2964 1300 3129 gantzenstwortigklich uns mit betröüwunge
360 3015 1291 3175 Marter Ecaminiert, und darauff Volgen¬
349 3073 1288 3258 freywillige bekanntnuß von ihme erhalten
325 3211 1294 3410 Und zwahr erstlichen daß er seinen Elternsd
1129 3333 1293 3479 Phah
1401 2843 1469 2933 1h.
2259 605 2356 701 1
1460 599 2395 780 Item doch Zūlßar unnd Zū Wneiben Geben
1463 711 2395 841 können Ollezeit ungehorsamb geweden, und
1499 783 2424 912 Derselbend tremwher Eh glievermahnungemit
1500 858 2390 982 Gevolget, sondern bereits vor 6 Jahren von
1511 935 2429 1069 denselben kenreg gelossen und bey 3 Jahr
1497 1012 2410 1135 Dahor minns Vert Landtsumbher Insteichen
1514 1084 2406 1204 Bald Gebattelt Bald in den wurththäuseren
1511 1163 2375 1292 gezehrt, und Ihmn besehlung ich darvon Ge¬
1518 1240 2391 1353 mnacht, auch bahd Hin bals dortin den baum
1507 1312 2383 1430 Garten Obs unt zuweilen bott und äßige
1512 1391 2356 1508 Peißen geraubet, sich Also dem leidigen
1492 1452 2388 1601 Müßiggangens der stählmergebenhabe.
1745 1545 1898 1651 on
1446 1597 2381 1699 Wenne und zum Andern habe ermit zuthun
1488 1667 2409 1789 zwerer oberlandern Nahmens UlliSetschi
1512 1736 2410 1853 und Christen N. Gewißen ihme unbekante
1502 1811 2333 1922 Lenten, aine Wurtzen, Welchedin Gleich¬
1505 1876 2406 2005 einem fröschund mit haarin sorert für
1505 1954 2340 2047 eine allraunen umb 70 Ihr. Verkaūfft,
1506 2024 2390 2153 darvon ehr für seinen Ruthel S. Ihr be¬
2057 2095 2158 2178 d
1499 2090 1815 2191 kommen, und
1407 2169 2397 2313 3:. Als Er Aat Verwichenen Mayen Aūs dan¬
1501 2279 2376 2398 Ellaßkkomen, habe Er Ohnweit ilch dorff
1516 2345 2376 2455 z eiand dorff, so seines Vermuchtens Ruttz
1501 2414 2399 2513 heiße, von einer Wittib, derin Mann diesen
1515 2481 2382 2600 Somer in der karerkrumken seine khue
1493 2555 2421 2670 Abgelichen und 8. ihrs darvon zinß versprochen
1495 2623 2395 2746 Welche Khun Er Aber Nachwehrts Verkaufft
1520 2697 2259 2817 mß der Wittib nichts darfur geben
1479 2804 2430 2921 Mittunsfminns umebt Gespahnen Nahmens
1509 2880 2407 2993 Stoffel Marti Ausam schangnamw, haben Er
1508 2943 2397 3064 Des Christen Schwendimanns Skuen Eeiz¬
1487 3006 2413 3141 Auff der Weydt einn Tringelen Abgenommen
1516 3078 2382 3204 Welche Hamelter Stoffel Verkaūfft, mnß
1502 3148 2400 3304 ihme einen halben ihrn darvon Huben.
2091 3280 2414 3407 5. habenetc.
