3024 4032
352 616 430 688 164
292 632 1169 774 Ob ihm nit beyd seyg, daß er das gethan
219 685 295 766 2
246 762 434 872 zsin
231 777 1299 921 D ob er nochmehr also machen wolte zu kauff dorfoben.
236 878 457 967 Rh Uein.
236 908 1285 1046 warum nit. R diseeren wurden ihm laban
308 999 529 1083 ders sagen.
235 1010 957 1157 e. was sie dann ihm sagen wourden.
246 1103 753 1215 N sie thuten in de befi
235 1127 1279 1303 Den ob er noch mehr also gemacht sicht dem ihn Pulser
732 1245 955 1334 R Nein.
299 1245 579 1338 angetroffen.
227 1289 1301 1427 h ob die gristen 7 heeren ihme nit sagen, daß es
287 1379 481 1472 nit recht.
231 1440 375 1531 Aß Ga
244 1459 1284 1618 . ob er auch buße, wie mancher tag in der wuchen sey.
243 1557 771 1665 mein buß mit drrm
237 1608 1096 1750 R: Was die Bauren anKinstageßind¬
250 1705 933 1796 k Allerbey Küchli und allerley.
247 1745 1152 1866 t. waß für ein tag auf den samstag folgt.
258 1811 1285 1939 der sonntag und dann der mändeg und auf den
277 1904 690 2013 mendig der freyweg.
241 1955 1282 2119 Diß ist also das jennige, hab mit diesem elender
303 2067 1248 2177 und enerkonnten menschen verrichtet worden.
279 2136 734 2254 Actum obstaht
278 2286 1238 2406 Nachdeme nun so wohl gestern als
321 2370 1275 2477 heutigen morgens obbeschreibene Sramina
313 2428 1290 2545 und daharige vergichten und bekandtnussen
629 2484 1188 2548 diesen beiden inaleficanten
310 2491 1285 2598 wegen solch von hen begangene herdigen
322 2563 1273 2670 und abscheülotiisen that der bestialitet vor
325 2631 1293 2729 meyh und oberen drächt und Burger gelanget,
335 2718 1272 2803 nd daselbsten vorwoort zu wort abgelesen
323 2747 1292 2864 worden, habend dieselbere nach vielfaltig
327 2809 1276 2917 angehörten grenden mid bedemblichen
336 2870 1269 2965 verrbständere befunden, daß dieselber
332 2929 1268 3033 wegen dieser verüebter erschröcklichen
331 2978 1284 3112 that, sich daß verneren lebens unbürdig
331 3061 1274 3168 und hiemit deß todts schuldig gemacht.
328 3121 1287 3228 inmassen hochgedacht meyhen und oberor
323 3178 1300 3301 bey ihren eyden hiemit auch erkent, daß
321 3236 1257 3353 zum schreiken und exempet dergleicher
1446 598 2448 691 uns anderen übelthäteren solche nechst ud
1448 667 2406 757 empfahlung ihrer armen seelen in die
1457 735 2383 819 hand ihres erlosers am ersten zinstag
1459 781 2388 870 nach dieser h zeit allheer ofentlich auf
1448 841 2446 943 gewohntem dichtp latz exequiert werden sollind.
1462 917 2397 1006 vndt zbar so viel dem ersteren nemens
1451 974 2412 1063 Hansli Gfeller von Bumplitz betrifft, soll
1463 1049 2428 1124 selbiger mit dem schloert sein haubt abge
1946 1090 2056 1148 r
1456 1118 2358 1205 schlagen, der andere büecher von
1455 1170 2438 1266 kaußdorf aber an einem pfahl erloürget.
1467 1239 2424 1320 nachwahrts dann beide auf ein scheiterbergen
1445 1313 2412 1395 geworfen und zu aschen verbrönet werden.
1707 1367 1785 1420 in
1439 1373 2446 1479 zedel an wonghl schultheisser Sterger. ihne
1469 1454 2463 1554 dessen berichter mit frundtlichem ersechen
1458 1508 2436 1609 auf obbestimmbten tag meyherren und oberen
1453 1576 2399 1648 säht und Burger bey eyden versambler
1465 1643 2449 1713 ze lassen, uid nachwährts selbigen auch zu
1463 1690 2096 1796 demend in ding zubieten.
1444 1771 2463 1872 zedel an merkhe Großweibel im Hoß. ihrer
2252 1832 2452 1880 recht allerer
1466 1846 2415 1931 deßen auch berechtere, mit befelch, hener
1454 1913 2465 1997 maleficanten am tag zuvor gelooheter massen
1474 1975 2434 2051 das leben abzesprechen, sondern auch dem
1466 2019 2425 2119 scharpfrichter die vaccution deeser mäghrn
1459 2108 2411 2191 erkandtnuß beyzeiten anzubefehlere, mndt
1462 2177 2389 2234 sich selbstere am tag der sacuution auf der
1481 2228 1996 2327 richtstatt zuvorfürgen
1448 2313 2418 2429 zedol an muhle in Banbherren godt. ihm
1471 2405 2406 2477 meyhen erkandtnuß auch berichten mit
1462 2468 2433 2549 gesinnen, zuvoranstalten, daß zudemend
1469 2531 2388 2640 auf obbestimbtem tag der richterstuhl
1451 2616 2374 2707 geloohnter massen geößnet, und das zu
1465 2695 2427 2778 dieser Execution nöhtige holtz auf die ge-
1478 2757 2430 2845 wohnte dechtstatt bey zeiter geführt
1461 2827 1614 2926 werse
1452 2911 2452 3012 zedol an mehhe die gerstlichen. Sie megsen
1468 2979 2411 3080 Erkandtnuß obenmässig berichten, mit ge¬
1471 3045 2442 3138 sinen, indessen nicht allein diesere in der
1478 3100 2457 3176 sachen deß heils gantz unerkante moleficanten
1476 3164 2434 3249 eet höchst nechtiges weiderleesunng zum tod
1480 3212 2475 3298 zuzernsten, sondern auch am tag der precation
1492 3269 2461 3349 nit erforderlichene trost und zusprechen selbige
1474 3331 2100 3416 auf die Richtstatt zu begleiten
