3024 4032
297 734 1273 895 Ja greünlichen Sundt der Bestialitet
297 824 1254 963 sich theillhafft jemacht und zwar der
316 874 1260 1005 Letstere, als Namblich der Binder zum
327 946 1281 1066 offteren mahl sich darmit vergeßen etc.
295 1044 1273 1164 Nachdeme derowegen vnßere Aller
313 1108 1224 1245 seits gnädige Herren vndt Oberer
312 1165 1271 1307 Raht und Burger dieser beyden
304 1244 1250 1376 Maleficanten Gfellers und Buchers
304 1319 1287 1436 gethane Bekandtnißen und Vergicht mit
325 1379 1219 1505 allen ihren umbständen und außge¬
315 1428 1281 1563 nommenen Berichten angehördt, und dar¬
319 1511 1257 1629 auß mit bedanwren vernomen. Wie
322 1554 1263 1690 groblich diese beyde Elende Übelthäter
325 1640 1272 1739 sich vergeßen, und solchem nach 3n be
322 1692 1267 1816 trachtung gezogen einerseits. Wie
320 1773 1274 1880 gott der Herr im 2ta guch mosis
330 1833 1252 1957 am rxli Cap d9 v und 3t Buch
324 1907 1293 2009 Mosis am xvii1 cap 23 v. dem
328 1978 1296 2072 Volck Bhrael so ernstlich befohlen dieses
327 2024 1259 2159 so große abscheüntlich- und verfluchte
306 2087 1278 2203 Laster, der Groben stummen sundt der
321 2147 1302 2263 Bestialitet (wie sie der Geist Gottes
341 2214 1269 2339 also nennet; mit dem todt zustraffen
340 2283 1281 2386 und darbeymeldet, daß solche dem
1012 2320 1292 2415 Anderseits
323 2347 918 2460 herren ein greuivel.
339 2387 1285 2524 dann sich schuldigstermaßen erinneret
333 2455 1311 2585 dero zu abstraffung dergleichen erschröck
346 2521 1295 2635 lichen mißethaten von gott dem aller
334 2581 1296 2712 höchsten regenten ihnen anvertrauw
346 2664 1292 2784 ten hoch oberkeitlichen ambts und dar¬
341 2731 941 2840 an jangenden Pflichten
320 2805 1322 2962 Habend darauffhin Vnßere Allersect
335 2892 1318 3026 gnädige herren und oberen bey ihren
325 2957 1293 3109 eydten zu recht erkennt und gesprochen
1006 3101 1263 3246 haß etc.
2292 605 2334 707 6b
1445 698 2369 846 Deß diesere zween malesicanten nechst
1436 796 2356 901 Empfehlung ihrer armen seelen in die
1432 856 2385 970 and ihres Erlösers, dem Scharpf Richter
1441 926 2356 1010 übergeben durch denselben oben auß¬
1433 984 2395 1098 auß die Gewohnliche Richtstatt gebunden
1445 1056 2348 1165 und gegangen geführt, daselbsten zum
1442 1111 2387 1228 Schreiken und Exempel anderen der
1442 1172 2376 1289 gleichen Misethäteren, nach loblicher
1445 1241 2402 1352 statt Bern habenden hochoberkeitlichem
1426 1310 2411 1421 Gewaldt, dem ersteren namens Hannßi
1438 1371 2360 1494 Gfeller mit dem sclwert sein haupt
1983 1437 2083 1483 vaht
1448 1443 2382 1563 abschlagen. Der Bücher aber
1444 1504 2394 1616 an einem pfahl erwürget nachwehrts
1451 1568 2351 1674 dann beyde auff ein scheiter beigen
1450 1636 2391 1754 geworffen zu Aschen verbrönnt und
1448 1704 2403 1829 also vom leben zum todt hingerichtet
1445 1769 2382 1884 werden sollen. Actum vorräht undt
1430 1859 2241 1969 Gurger  Detembris 1720
1455 1934 2206 2071 Hangli Gfeller zum leber 66
2119 2015 2195 2113 108
1505 2035 1759 2120 Zeuuer Tod
1467 2091 2201 2190 mit dereo strangen und verbromen. 26
1480 2146 2204 2242 nit dem schwort und verordnen 125
1463 2203 2403 2356 Christi Zurcher zumtod ald aussert1
1468 2307 2383 2426 mit dem strangen erwurgen und verbronen 118
2315 2379 2387 2445 55
1461 2368 2135 2497 mit dem schlaert und verbrönner.
2429 1004 2468 1065 1
