3024 4032
352 736 1250 834 daß Er mit denen hievor vermeldeten her
349 792 1266 898 ren gantzstill und rühwig zu nacht geßen
335 853 1266 956 habe, Nach dem Eßen namen sie eine Par¬
346 912 1281 997 they an Combre. Namblich Er f Gezeug
348 961 1260 1064 mit herr müller und herre ernst Ihr von Wat
344 1014 1262 1117 tenwyl aber habe nit mit ihnen gespihlt
360 1066 1263 1172 In dem nun er gezeüg bey 3 l munntz
356 1129 1273 1233 gezehlt, habe er gehordt in allem zehlen
359 1192 1250 1294 daß der Jer von Wattenwyl angefangen
359 1258 1251 1350 reden, quon se fontoit de dui et meme
353 1315 1215 1406 de ses plus proches parens, Hr Müller
359 1370 1211 1475 drauff geantwortet: Die Worth aber
345 1425 1256 1524 könne er eigentlich nicht sagen, und all
351 1482 1263 1587 Dieweyl Er gezeug der Magdt die Urte
351 1552 1274 1653 bezahlte habe er verstanden, daß Hr Mül
359 1610 1258 1705 ler sagdte de vous touo le demantis an
353 1669 1263 1766 ner. Bald darauf habend sie die degen
350 1732 1268 1832 gezuckt, Von wenn aber solches zu erst
356 1782 1245 1889 beschechen, habe er nicht gesechen. Weil
363 1840 1248 1964 len er ihnen den Ruggen gekehrt, da
355 1918 1248 2014 Er nun sich gegen ihnen umbgewendt
349 1970 1261 2093 sache er sie gegen einanderen fuchtlen.
350 2024 1229 2133 Da im Augenblick darauf h Müller 3
349 2090 1254 2200 oder 44 schritt von dem ohrt da er zuvor
361 2149 1227 2250 gewesen gefallen: Diesem nach habe
363 2212 1217 2307 mann ihne auf das betth getragen
351 2266 1272 2376 Ier von Wattenwyl aber seye zur stu¬
349 2331 1238 2444 ben hinaußgangen. Der anlas zu
350 2395 1257 2494 dieser despute seye ein doste gewesen
340 2453 1271 2561 Worüber zuvor H Müller ein Liedlin ge¬
350 2544 521 2627 jungen
334 2617 1278 2749 Ir Milaus Albrecht von dieß¬
356 2706 1277 2813 bach zeüget, Daß so viel ihme in wüßen
352 2752 1272 2870 sie die hievorgenambseten Herren mit
343 2821 1287 2919 einänderen ob dem nachteßen friedlich
362 2880 1288 2983 gewesen. Nach dem eßen habend herrn frei
358 2939 1250 3034 denreich der verstorbene h Müller und
340 2990 1244 3094 herr lerber eine partie ombre gespihlt
346 3044 1257 3158 Die beyde ikrn von Wattenwyl mndt
328 3125 1234 3222 Er ier von Dießbach, auch übrige Herren
335 3185 1278 3289 seyen in der Cammer gespatziert, Nach
1145 3256 1261 3346 den
2299 683 2378 760 148
1468 745 2441 833 Nachdemme nun Hr Müller seine Parthey Ombre
1467 805 2418 893 vollendet gehabt, stuhnde er außf. da gienge
1464 856 2421 942 Ikr von Wattenwyl zu ihme und sagdte
1473 902 2421 978 Monsieus it paroit que vous vous eoter
1455 953 2412 1037 fonter de mogie soit herre müllersagdt
1475 1008 2438 1105 Monsicus Ame semble que vousmecerker
1467 1081 2414 1158 querelle vout nauer qua partet, je vous
1461 1124 2372 1201 repondrois comme vous vondrer, auch
1457 1174 2412 1264 habe er under anderem verstanden, daß
1457 1248 2426 1330 herr von Wattenwyl zu herren müller gesagdt
1451 1289 2378 1393 de suis bien fache destre de vos parens
1471 1372 2424 1450 et ie vous pouerois bien dire quelquechose
1463 1413 2376 1499 contre une de vos parente, sonsten habe
1455 1477 2413 1556 er nichts weiters von ihrer demellever
1472 1541 2390 1607 standen, dann in allein dem, habe Er
1481 1582 2418 1673 der Magdt als bald nach H freudenreich
1475 1632 2390 1734 auch seine arte bezahlt und ihnen dem
1454 1699 2393 1790 Ruggen gekehrt, da sie im Augenblick
1454 1755 2425 1841 mit den degen an Ein ander gsin und als
1438 1814 2387 1917 Er sich umbgewendt, und gegen denen
1460 1873 2395 1968 herren zu gangen, fiele herr müllernider
1451 1928 2405 2037 ohne daß er gezeüg gesechen, wie der sich
1456 2000 2393 2102 geschahren ergangen, dene er und herre fren
1458 2060 2403 2165 Henreich vom Boden auff den stuhl gehebt
1464 2126 2415 2228 und ihme waßer eingeschüttet umb ihne
1451 2185 2390 2289 zu ergüiken, nachwehrts habind sie ihne
1455 2248 2398 2350 auf das betth getragen. Es seye keiner
1464 2312 2328 2411 von denen herren truncken gewesen
1455 2375 2360 2470 außert seinem Beduncken nach, Ihr von
1452 2438 1801 2532 Wattenwyl.
1428 2549 2376 2679 her geat Ludwig frristzeüget.
1423 2644 2397 2744 Er seye nach dem Nachteßen zum dise
1456 2698 2393 2793 zwang zu denen herren so daselbst zu
1458 2743 2388 2848 nacht gespisen zu kiltgangen und alda
1457 2788 2385 2897 mit dem verstorbenen H Müllerundt
1446 2845 2396 2957 H Freudenreich eine Partie a Lombre.
1442 2906 2375 3015 gespihlt, und da sie solche abcolviert
1447 2951 2397 3081 habe Hr Müller sein Geldt in sack gethan
1447 3029 2414 3130 und seye vom Tisch gangen, h frenden
1457 3076 2376 3184 reich aber der da verspihlt, habe ihma
1437 3123 2414 3244 herrn ernst noch 2 thr in muntz dargezahlt
1440 3191 2396 3314 In dem habe er gehordt, daß ihr Albrecht
2187 3257 2396 3330 von Watten
