3024 4032
141 3227 244 3335 E.
120 648 1258 804 Warumb er sich mit anderen hand werd
257 766 1246 893 als dem Jenigen, so er gelehrt, bela¬
258 851 549 946 den wolle.
255 889 1270 1065 Er habe sein handwerck fleißig getrieben,
122 931 217 1063 R.
254 1051 1253 1174 Mann habe Ja Schmeltz tiegel hinder
107 1067 229 1186 Reo.
233 1143 1249 1266 Ihm gefunden, welches wahrscheinliche
238 1207 1207 1338 Anzeigungen seyen, daß er mit an
245 1293 1276 1398 deren sachen mehr Als mir mit den
234 1354 1124 1481 schumacher handwerck umbgehe.
247 1445 1207 1552 er habe damit mit anders im sin
122 1475 197 1582 R.
246 1532 1221 1641 gehabt, Als daß er darim wolle Ertz
245 1608 539 1705 Ichmeltzen
234 1677 1249 1827 Was er mit dem Ertz habe machen
125 1690 217 1825 E
238 1777 1248 1892 wollen, ob er darauß nit wollen
240 1853 513 1950 Müntzen.
237 1926 1245 2040 Nein er habe daruß nit wollen
115 1946 183 2041 R.
251 2009 529 2118 Muntzen.
236 2096 1266 2190 Ver Ihme solches angeben auß dem
129 2115 219 2198 C.
254 2171 930 2274 ertz silber zumachen
243 2256 1273 2399 der Vlli Muller habe ihme von dem
139 2257 209 2395 R.
262 2352 536 2452 ertz gesagt.
248 2422 1273 2559 Wann er mit schlimmes Im Sim ge¬
124 2451 219 2545 2.
246 2493 1288 2616 habt, warumb er dann in einen wald
252 2557 1269 2673 und an ein abohrt gangen zuschmelzen
256 2642 1273 2762 Er habe einmahl wollen probieren
133 2668 210 2801 R.
257 2729 1280 2846 ob es etwas gebe, Er seye aber von deß
249 2797 1280 2915 legen in denWald gangen, damit
258 2861 1251 3011 es kein geschwätz gäbe, dann wann
253 2942 1274 3057 einer schon die grechteste sach habe, so
270 3026 1260 3132 konnen die Leuth etwas darwider
269 3140 434 3229 sagen
273 3171 1278 3327 Ob er nit ein gantzes alphabet ge¬
265 3275 1223 3387 habt, von loein er solches bekomen
254 3307 1271 3449 und waser damit habe machen wollen
1141 3410 1246 3508 R.
1312 703 1391 820 R.
1327 1242 1404 1341 R.
1447 680 2406 812 Er habe selbiges Alhier in der Statt
1447 765 2370 848 von eines herren Sohn gekaufft
1429 824 2371 939 Wuße aber nicht berer seye, und
1426 881 2435 989 das von deßtwegen, daß er habe wollen
1428 955 2435 1053 Lahren PitIchier stechen, weillen er
1423 1037 2430 1107 Aber nicht schreiben könne, so habe wo
1425 1073 2430 1183 auch das Pitschier stechen nit könen
1429 1153 1654 1257 lehrnen
1443 1215 2391 1324 Ob er nit mit dem Ulli Müller
1435 1290 2187 1402 viel gemeinschafft gehabt.
1436 1416 2445 1523 der Vlli Muller seye offt bey seinem
1426 1494 2368 1593 Hauß durch gangen, Aber nit viel
1426 1551 1860 1662 zu ihme kommen
1411 1653 2451 1796 Hieraūff ward diser Leem ann ernst¬
1444 1758 2449 1871 lich ermahnt, die wahrheit zu bekennen
1443 1830 2403 1938 mit verdeuten Mann lanße sicher
1445 1887 2425 1996 lich daß er nit im sin gehabt püt
1430 1959 2455 2078 schier und ringen zumachen, sinten
1456 2034 2449 2134 mahl Mann eine anzahl halb batzen
1419 2100 2458 2213 hinder ihme gefunden, die er Expres
1436 2170 2437 2291 auf gewechlet daß er dar auß könne
1429 2241 2119 2352 gantze Batzen machen etc.
1423 2343 2400 2453 Es hat Aber der Leemann solches in
1435 2416 2445 2530 keinen loeg wollen gestehen, sonderen
1425 2473 2442 2583 eingewendt, daß er wohl einiche halb
1425 2556 2449 2671 batzen aufgewoechlet, Aber nit zu dem
1429 2624 2442 2731 Vnd gantze batzen darauß zumachen
1433 2688 2400 2791 dann der gleichen bey Ihme mit vor
1430 2762 2428 2884 gangen, und werde auch kein Seel
1432 2843 2451 2957 auff Ihne erweisen, daß er Nieman¬
1438 2914 2119 3027 den falsches gelt geben.
1449 3036 2440 3162 Nach deme aber den 13. dito diser
1439 3133 2451 3242 Hanß Leemann mit dem Ulli Müller
1426 3203 2413 3335 onfrontiert worden, hat er bekent
2200 3276 2429 3427 Daß
