3024 4032
286 630 1248 770 mit ruchten außgestrichen und mit dem
258 739 1224 849 Eydt Eiig von Ihr Gn. Statt vnd Landt
281 784 1288 904 gewiesen worden. Actum 17. nobere1
279 863 756 980 caequiert eodem die
356 955 1236 1088 Marti Bürcki sonst krieg
408 1032 910 1166 genant von Muri.
260 1114 1284 1245 Weilen dieser Burcki, dem H Kohrnhueter
274 1204 1232 1327 Zechender zu verschiedenen Mahlen von
275 1253 1208 1379 eingesteltem gewächs entwendt auch an
277 1312 1196 1433 dere diebstahl begangen, als ist er mit
274 1380 1203 1498 dem kragen die statt hinab biß an die
261 1447 1200 1574 kreütz gaß geführt und volglichen für
280 1518 1233 1616 eine stundlanglans hals eisen gestellet
274 1577 1147 1692 worden. Actum 5ten decemb a7 an
466 1711 1132 1846 Hanns Georg Hoffer
494 1801 935 1912 der rohtmetzger.
268 1848 1231 1998 Ist wegen Endtwendten Reichs für ein
275 1952 1231 2075 Jahr lang ins Schallenwerck erkennt
279 2011 1206 2124 worden. Aitum 29. decemb a7a1.
399 2173 1016 2320 Joder Baur und
373 2246 1216 2375 Margreth Löffel eine heimatlose
576 2346 773 2441 dirnen
260 2416 1259 2523 Weilen dieses gesind eine Zeit daher im
249 2479 1240 2604 Land herumb gestrichen, auch ein kindt bey
262 2551 1256 2662 einanderen erzeüget, ohne daß sie sich co
270 2596 1236 2716 pulieren laßen, alß habend ihr grl
273 2662 1276 2764 selbige auß dem landtgewiesen und zu dem
265 2718 1240 2857 Endt durch die Provosen auß die Gräntzen
274 2786 1249 2912 führen laßen mit betröüwen fahls sie sich
284 2843 1274 2972 inskünfftig in mr heren landtsechen ließind
273 2913 1301 3028 selbige mit großer straas angesechen werden.
280 2986 1256 3091 sollend. Actum 3. January 17 N 2/
884 3214 1149 3339 Hanns
2257 540 2377 667 117.
1555 574 2304 731 Hanns Pfeütti auß dem
1636 678 2191 800 Bund, Acker der Kirchör
1694 739 2017 861 Büggisperg.
1432 858 2364 980 So wegen begangenen diebstählen und andere
1427 947 2373 1065 schlimmen thaten halber schon den 27. aprilio
1430 997 2346 1105 1709 außgeschmeitzt und auff eiig von
1422 1066 2345 1207 ihr heren statt und landt verwiesen worden.
1433 1132 2379 1257 dißmahlen aber frächer dingen das landt
1441 1198 2398 1296 wider betretten und also den eydt überzechen
1430 1266 2407 1384 habend meghrr von deßwegen dahin verfellt
1445 1325 2390 1442 daß er nochmahlen durch den scharpfrichter
1432 1400 2369 1499 mit Verdopleten streichen außgeschmeitzt
1430 1456 2388 1596 gebrandzeichnet und von statt und landt
1453 1517 2412 1669 verwiesen werden solle. mit betreüw
1456 1584 2370 1732 ung, wo er sich weiters im landsechen
1438 1651 2417 1783 ließe, er mit herterer straf werde belegt
1437 1727 2412 1846 werden. Actum 12. janu 171 2 exeg.
1478 1861 2196 1998 Liclaūs Stalder.
1590 1976 1965 2082 hiervorgemelt
1439 2020 2432 2188 Weilen derselbe seit an ihne gewendter
1453 2122 2434 2252 Schallenwercks straff nit gebeßeret, sonde
1464 2180 2427 2304 ken in dem diebshandtwerck widervorth
1460 2243 2366 2369 gefahren, ist als ein schlimmer unnntzer
1449 2320 2412 2445 Gsell von Ihr Gn Statt vnd Landt
1438 2375 2383 2506 verwiesen und durch die Profosen auß
1455 2451 2353 2598 die grantzen geführt worden, mit be
1451 2523 2397 2669 treüwen, so er weiters in hiesigen lande
1457 2584 2391 2734 angetroffen wurde, ihr gn ihne als
1474 2642 2392 2778 einen Übertretter des Eÿdts mit ge¬
1466 2713 2308 2851 neßener straaff ansechen werden
1464 2768 2399 2927 Actum ab: Janu 1712. exequiert de
1455 2892 1691 2984 20: Dito
1564 2933 2181 3074 Barbara Gutt
1713 3051 1943 3139 von hier
1473 3058 2450 3194 Ist weilen selbige zu Ohrer uiehrlichen leibs¬
1470 3118 2401 3255 frucht einen frombden Vatter ernambset
1481 3186 2413 3315 zu volg oberkeitlicher erkandtnuß neben
1472 3235 2410 3398 Eydtlicher bannivation mit der gygen ain
1459 3261 2448 3433 halß zur statthinaußgeführt worden actum
1482 3371 2337 3491 27 und exequiert den 30. jan 1712
