3024 4032
294 529 1292 702 Saundtbetterin Krank zu bett gelegen, und nicht
314 630 1300 753 in das gemach Geten können da es genesen, wiß
308 691 1269 807 Also darvon nichts Inweßes, vnd von dem Vierts
320 755 1284 884 fahl, den es seinem vorgeben nach an der Amben
310 820 963 924 Waag gethan, dar nichts zu zeügen
387 921 891 1059 Alleandre Prp.
317 1011 1266 1147 Am Arbeiter in diensten bey Gedeütem Paullet
551 1092 801 1198 Sagte Auß.
271 1159 1302 1314 Et seÿn das Elobeth Mertz Ihrn Gewesenne Maÿd
343 1251 1285 1372 i Kältesten des vergangenen Winthers, mehr
332 1315 1297 1414 Als 3: Oder 4 Monath vor seiner Geiißt, eines
336 1377 1290 1489 Morgens Prühe mit einem Arffal Holtz, die Stägen
353 1438 1294 1543 hinunder gefallen, Also daß es sich ain haubt Ob
345 1501 1290 1608 Dem aug verletzt, und mann ihme den Schaden mit
360 1564 1305 1662 erandteuwein waschen müßen, Auch seye daßelbig
353 1626 1302 1732 mit einem Züber Voll waßer am Tagen im Jäßlin
354 1683 1292 1791 bey Iher Nägelis hauß gefallen, sonsten wuße er
350 1748 1047 1851 mit, daß es mehr gefallen seÿe.
1052 1750 1296 1857 Sein verhalten
352 1804 1298 1921 betreffend, seÿen der Meister und Frauw mit
362 1871 1311 1942 seinem Dienst, darinnenes sich allwegen Getren
352 1927 1269 2041 und fleißig erzeigt, dar wohl zufrinden Ghin,
349 1990 1305 2098 Auth niemand im Hauß von ihme etwas ungebühr
350 2053 1287 2171 lichs gesehen, oder vermerckt, biß etwann 14 tag
364 2120 1321 2224 vorseiner Genißt, da habe Sie bedunckt es seye Schwang¬
361 2189 1269 2289 daßetwegen der Meister Ihns zu Red gestellt,
358 2246 1305 2362 Allein es habe solches nit gestehen wollen, ein tag vor
367 2302 1313 2422 der Genißt habe es vorgeben, es seye ranck, darun
368 2368 1309 2477 mann ihme eine Suppen gemacht; des Abends
358 2423 1306 2548 habe der Meister Gefragt, ob es die Seÿden zur
362 2499 1304 2590 Arbeit zugerüstet, E Gesagt Neue, wolle Aber
369 2534 1305 2663 selbige des Morgens Pruhe machen. Am Tag da
371 2608 1315 2709 es kindtbetterin worden, habe es in das Meisters
379 2659 1318 2791 Cammern Gearbeitet, und als am Abend der Mst
383 2718 1315 2833 in die cammern kommen und beobachtet, daß der boden
376 2796 1311 2926 abgewäschen, habe er gefragt, was das bedeüten
372 2874 1273 2980 solle, es zur antwort geben, Es habe sich hefftig
379 2906 1317 3045 mußen 1 s. k ferbrechen, destwegen es den bed
385 2956 1324 3111 Abgewaschen, welches der Mstr wahr zuseyel
385 3047 1318 3184 Vermeint. Dieses seye Also das jenige so ihn
379 3144 654 3247 inwüßen.
1648 528 2032 666 Als beth zery
2231 567 2383 686 187
1493 604 2229 765 Das dr Paullets Sundts Sangammen
1732 704 1847 786 sagte
1444 749 2390 903 Dineseye Erst 1 Tag lang bey zmn Baullers als
1493 847 2391 963 Sängen am dienst gsin, wie das Ellsbeth Merk
1487 914 2389 1028 kindtbetterin worden, habe Jedoch bals Nach dem
1495 972 2403 1106 Intritt beobachtet daß diesers Mensch schwanger
1496 1040 2335 1138 seye, Allein weilen es alle Meisterschafft im
1490 1097 2379 1193 hauß gehabt, nicht an ihns setzen dörffen Nun
1498 1149 2320 1254 An dem Tag da das Ellsbeth Kindtbetterin
1501 1209 2377 1326 worden, habe sie gesezen, daß es sich sehr übel
1495 1276 2343 1384 gehaben, auff befragen was schum wehe¬
1505 1340 2404 1467 thuÿe, sagt es der bauch, es habe gar ein starckes
1488 1409 2407 1513 Mutter wehe, darauff es durch des He Paullets
1497 1463 2366 1569 Meÿdtlin Mandel Schlreichen Laßen, Nach¬
1496 1528 2335 1641 demme es kndts guehen, seye es auß dem
1505 1590 2404 1711 Imnach herunder komen; Da frage sie sohns
1495 1649 2394 1768 wo es gewesen, es zur antwort geben, Es habe
1493 1722 2371 1818 sich Mächtig sS. Kiserbrochen, und daßelbe Grad¬
1487 1779 2380 1887 Jetz auffgewüsht; allen auff dem boden un¬
1481 1847 2410 1952 Gemach seye gar wohl zu sechen Win, daß es
1499 1907 2389 2021 zuvor Saag mähl Greicht und det boden darmit
1506 1990 1735 2076 abgeriben.
