<?xml version="1.0" encoding="UTF-8" standalone="yes"?>
<PcGts xmlns="http://schema.primaresearch.org/PAGE/gts/pagecontent/2013-07-15" xmlns:xsi="http://www.w3.org/2001/XMLSchema-instance" xsi:schemaLocation="http://schema.primaresearch.org/PAGE/gts/pagecontent/2013-07-15 http://schema.primaresearch.org/PAGE/gts/pagecontent/2013-07-15/pagecontent.xsd">
    <Metadata>
        <Creator>prov=University of Rostock/Institute of Mathematics/CITlab|PLANET AI GmbH/Gundram Leifert/gundram.leifert@planet-ai.de:name=German_Kurrent_XVI-XVIII_M1(htr_id=19584)::::v=2.6.7
prov=University of Rostock/Institute of Mathematics/CITlab|PLANET AI GmbH/Tobias Gruening/tobias.gruening@planet-ai.de:name=de.uros.citlab.module.baseline2polygon.B2PSeamMultiOriented:v=2.6.7
prov=University of Rostock/Institute of Mathematics/CITlab|PLANET AI GmbH/Tobias Gruening/tobias.gruening@planet-ai.de:name=/net_tf/LA73_249_0mod360.pb:de.uros.citlab.segmentation.CITlab_LA_ML:v=2.6.7
Transkribus</Creator>
        <Created>2021-03-11T14:07:49.710+01:00</Created>
        <LastChange>2022-09-12T15:10:52.521+02:00</LastChange>
        <TranskribusMetadata docId="1334842" pageId="52362405" pageNr="131" tsid="114644210" status="IN_PROGRESS" userId="9570" imgUrl="https://files.transkribus.eu/Get?id=SZMCUZTCSJZRBYHXGIPZGCRP&amp;fileType=view" xmlUrl="https://files.transkribus.eu/Get?id=QPGBZHOFSUMIDRPWJNZKMWCE" imageId="19039028"/>
    </Metadata>
    <Page imageFilename="IMG_9212.jpg" imageWidth="3024" imageHeight="4032">
        <ReadingOrder>
            <OrderedGroup id="ro_1687513674863" caption="Regions reading order">
                <RegionRefIndexed index="0" regionRef="r1"/>
                <RegionRefIndexed index="1" regionRef="r2"/>
                <RegionRefIndexed index="2" regionRef="r3"/>
            </OrderedGroup>
        </ReadingOrder>
        <TextRegion orientation="0.0" id="r1" custom="readingOrder {index:0;}">
            <Coords points="234,668 234,3278 1320,3278 1320,668"/>
            <TextLine id="r1l1" custom="readingOrder {index:0;}">
                <Coords points="272,752 278,752 285,746 298,746 308,739 312,742 320,739 325,743 336,737 345,737 345,658 321,658 316,664 308,661 286,678 272,682"/>
                <Baseline points="278,704 308,704 338,704"/>
                <TextEquiv>
                    <Unicode>1.</Unicode>
                </TextEquiv>
            </TextLine>
            <TextLine id="r1l2" custom="readingOrder {index:1;} person {offset:0; length:13;}">
                <Coords points="509,800 540,804 591,767 625,783 757,754 804,715 886,771 909,749 981,769 1026,743 1073,748 1120,716 1118,650 1033,652 967,681 875,629 761,687 694,645 508,754"/>
                <Baseline points="515,767 545,762 575,758 605,755 635,753 665,750 695,749 725,748 755,747 785,747 815,746 845,746 875,746 905,745 935,744 965,743 995,741 1025,740 1055,737 1085,734 1115,731"/>
                <TextEquiv>
                    <Unicode>Harbara Sihst</Unicode>
                </TextEquiv>
            </TextLine>
            <TextLine id="r1l3" custom="readingOrder {index:2;}">
                <Coords points="243,807 253,806 260,810 273,801 291,813 298,810 302,814 310,808 318,809 325,740 309,740 294,745 269,720 253,715"/>
                <Baseline points="251,801 281,801 311,807"/>
                <TextEquiv>
                    <Unicode>1</Unicode>
                </TextEquiv>
            </TextLine>
            <TextLine id="r1l4" custom="readingOrder {index:3;}">
                <Coords points="493,845 784,846 813,824 873,865 937,818 1084,828 1080,756 1029,742 937,791 855,768 775,798 709,789 676,760 617,787 590,767 492,818"/>
                <Baseline points="500,839 528,838 557,836 586,836 615,833 644,832 672,830 701,828 730,827 759,825 788,824 816,822 845,821 874,819 903,818 932,817 960,816 989,816 1018,815 1047,815 1076,815"/>
                <TextEquiv>
                    <Unicode>Auß dem Tshangnauto.</Unicode>
                </TextEquiv>
            </TextLine>
            <TextLine id="r1l5" custom="readingOrder {index:4;}">
                <Coords points="439,976 495,963 553,993 810,945 885,980 933,947 1006,969 1061,945 1149,951 1189,985 1194,859 974,812 716,908 624,900 531,843 434,857"/>
                <Baseline points="444,957 481,952 518,949 555,944 593,942 630,938 667,936 705,935 742,933 779,931 817,930 854,929 891,927 928,927 966,927 1003,926 1040,926 1078,926 1115,926 1152,926 1190,926"/>
                <TextEquiv>
                    <Unicode>Caamen uns Bergichl.</Unicode>
                </TextEquiv>
            </TextLine>
            <TextLine id="r1l6" custom="readingOrder {index:5;} place {offset:22; length:8;}">
                <Coords points="228,1112 704,1122 804,1080 953,1135 1059,1070 1286,1081 1283,1020 1049,1004 898,1041 557,1039 462,977 224,1024"/>
                <Baseline points="234,1100 286,1101 338,1103 390,1103 442,1101 495,1100 547,1097 599,1094 651,1091 703,1088 756,1085 808,1081 860,1077 912,1074 964,1071 1017,1070 1069,1068 1121,1067 1173,1067 1225,1068 1278,1071"/>
                <TextEquiv>
                    <Unicode>Nach danid dieses von deschied man Malo</Unicode>
                </TextEquiv>
            </TextLine>
            <TextLine id="r1l7" custom="readingOrder {index:6;}">
                <Coords points="341,1208 421,1175 543,1226 602,1172 696,1157 851,1210 905,1165 970,1203 1000,1176 1034,1202 1085,1169 1153,1198 1263,1170 1260,1084 1221,1074 1160,1117 1011,1084 954,1135 803,1080 704,1122 338,1117"/>
                <Baseline points="347,1172 392,1172 437,1172 483,1170 528,1169 574,1167 619,1166 665,1164 710,1161 756,1160 801,1157 846,1155 892,1153 937,1151 983,1150 1028,1148 1074,1146 1119,1145 1165,1145 1210,1145 1256,1145"/>
                <TextEquiv>
                    <Unicode>ficanten, als dem zu signant hingerichteten</Unicode>
                </TextEquiv>
            </TextLine>
            <TextLine id="r1l8" custom="readingOrder {index:7;}">
                <Coords points="336,1289 446,1253 540,1294 703,1260 906,1273 1003,1237 1196,1236 1196,1208 1006,1178 969,1203 905,1166 831,1224 765,1186 664,1233 610,1199 517,1231 430,1176 333,1217"/>
                <Baseline points="341,1250 383,1251 425,1251 468,1251 510,1251 553,1250 595,1249 638,1247 680,1246 723,1244 765,1242 807,1241 850,1239 892,1238 935,1236 977,1234 1020,1232 1062,1230 1105,1229 1147,1227 1190,1227"/>
                <TextEquiv>
                    <Unicode>Murgentahler und dem in vertichenen</Unicode>
                </TextEquiv>
            </TextLine>
            <TextLine id="r1l9" custom="readingOrder {index:8;}">
                <Coords points="348,1332 427,1368 609,1336 683,1365 779,1325 898,1375 954,1323 1068,1317 1195,1351 1194,1295 1098,1231 905,1282 857,1255 764,1288 652,1298 591,1271 543,1295 450,1254 347,1286"/>
                <Baseline points="354,1331 395,1331 437,1331 479,1329 520,1329 562,1329 604,1328 645,1328 687,1326 729,1326 771,1325 812,1323 854,1323 896,1322 937,1320 979,1319 1021,1319 1062,1317 1104,1317 1146,1316 1188,1314"/>
                <TextEquiv>
                    <Unicode>Meyen 1120 zu Landschut mit dem</Unicode>
                </TextEquiv>
            </TextLine>
            <TextLine id="r1l10" custom="readingOrder {index:9;}">
                <Coords points="328,1429 942,1404 1091,1439 1143,1409 1211,1448 1283,1417 1283,1332 1192,1351 1066,1315 916,1378 724,1329 583,1373 528,1341 457,1368 328,1339"/>
                <Baseline points="335,1403 382,1404 429,1404 476,1404 523,1404 570,1404 617,1404 664,1403 711,1403 758,1403 806,1403 853,1403 900,1401 947,1401 994,1401 1041,1401 1088,1401 1135,1401 1182,1401 1229,1401 1277,1403"/>
                <TextEquiv>
                    <Unicode>strang excean nierten dieben und falthn muntzer</Unicode>
                </TextEquiv>
            </TextLine>
            <TextLine id="r1l11" custom="readingOrder {index:10;} person {offset:0; length:12;} person {offset:21; length:5;}">
                <Coords points="353,1504 1050,1480 1147,1530 1211,1483 1296,1493 1296,1429 1251,1415 1208,1448 1144,1410 1092,1439 921,1409 742,1471 621,1413 353,1475"/>
                <Baseline points="359,1488 405,1488 452,1488 498,1488 545,1487 591,1487 638,1487 684,1486 731,1485 777,1485 824,1484 871,1484 917,1484 964,1484 1010,1482 1057,1482 1103,1482 1150,1484 1196,1484 1243,1484 1290,1485"/>
                <TextEquiv>
                    <Unicode>Hanns kinder genanns Aufed als complice</Unicode>
                </TextEquiv>
            </TextLine>
            <TextLine id="r1l12" custom="readingOrder {index:11;}">
                <Coords points="607,1539 615,1540 624,1536 636,1537 640,1541 653,1532 658,1535 669,1534 669,1497 658,1497 648,1489 643,1492 640,1490 634,1496 623,1489 607,1492"/>
                <Baseline points="614,1529 662,1529"/>
                <TextEquiv>
                    <Unicode></Unicode>
                </TextEquiv>
            </TextLine>
            <TextLine id="r1l13" custom="readingOrder {index:12;} person {offset:10; length:12;}">
                <Coords points="356,1602 429,1621 502,1576 549,1612 637,1575 696,1612 755,1623 799,1589 854,1620 969,1562 1246,1570 1245,1491 1147,1530 1043,1486 925,1519 885,1484 686,1547 494,1516 356,1536"/>
                <Baseline points="363,1557 406,1561 450,1563 494,1566 538,1568 582,1569 625,1569 669,1571 713,1571 757,1571 801,1571 844,1569 888,1569 932,1568 976,1567 1020,1566 1063,1565 1107,1563 1151,1562 1195,1560 1239,1559"/>
                <TextEquiv>
                    <Unicode>angeseben Barbli Grlih ib seins alters</Unicode>
                </TextEquiv>
            </TextLine>
            <TextLine id="r1l14" custom="readingOrder {index:13;}">
                <Coords points="350,1662 469,1635 589,1668 892,1644 1003,1677 1123,1647 1183,1688 1267,1650 1267,1592 1154,1562 1092,1600 1019,1584 854,1621 794,1589 734,1623 636,1574 549,1612 503,1577 428,1621 350,1606"/>
                <Baseline points="357,1640 402,1640 447,1640 492,1640 537,1640 582,1640 627,1640 673,1640 718,1640 763,1641 808,1641 853,1641 898,1641 943,1641 989,1643 1034,1643 1079,1643 1124,1641 1169,1641 1214,1641 1260,1640"/>
                <TextEquiv>
                    <Unicode>von 23 a 26 jahren im mleyen betsthin</Unicode>
                </TextEquiv>
            </TextLine>
            <TextLine id="r1l15" custom="readingOrder {index:14;}">
                <Coords points="337,1757 392,1769 438,1726 524,1717 1003,1747 1071,1722 1133,1751 1261,1724 1261,1673 1198,1706 1124,1648 1047,1688 898,1647 338,1668"/>
                <Baseline points="344,1716 389,1716 435,1716 480,1715 526,1715 571,1715 617,1715 662,1716 708,1716 753,1716 799,1716 844,1716 890,1718 935,1718 981,1718 1026,1719 1072,1719 1117,1719 1163,1721 1208,1721 1254,1721"/>
                <TextEquiv>
                    <Unicode>Nechso allhie seeer haubtstatt ergrien und</Unicode>
                </TextEquiv>
            </TextLine>
            <TextLine id="r1l16" custom="readingOrder {index:15;}">
                <Coords points="347,1836 419,1809 474,1836 539,1788 671,1828 747,1806 780,1839 968,1795 1104,1846 1279,1790 1250,1755 1024,1733 940,1763 789,1715 695,1776 623,1716 441,1725 387,1771 347,1748"/>
                <Baseline points="354,1794 399,1793 445,1791 491,1791 537,1790 583,1790 629,1790 675,1790 721,1790 767,1790 813,1790 858,1790 904,1790 950,1790 996,1790 1042,1791 1088,1791 1134,1791 1180,1791 1226,1791 1272,1791"/>
                <TextEquiv>
                    <Unicode>gefänglich in verhafft gezogen, volglich auß</Unicode>
                </TextEquiv>
            </TextLine>
            <TextLine id="r1l17" custom="readingOrder {index:16;}">
                <Coords points="353,1881 515,1886 560,1922 624,1876 697,1905 858,1863 963,1913 1007,1884 1081,1905 1125,1867 1269,1884 1268,1839 1094,1848 913,1804 869,1836 724,1804 629,1836 538,1789 474,1837 420,1809 352,1832"/>
                <Baseline points="359,1875 404,1875 449,1875 494,1874 539,1874 584,1872 629,1872 675,1871 720,1869 765,1869 810,1868 855,1867 900,1866 945,1865 991,1865 1036,1865 1081,1865 1126,1865 1171,1865 1216,1865 1262,1866"/>
                <TextEquiv>
                    <Unicode>oberkeitlichem befelch in liestiges gefangen,</Unicode>
                </TextEquiv>
            </TextLine>
            <TextLine id="r1l18" custom="readingOrder {index:17;} place {offset:37; length:9;}">
                <Coords points="330,2008 470,1954 593,1962 666,2006 830,1992 884,1950 968,1979 1088,1944 1220,1993 1270,1973 1268,1896 1129,1868 965,1915 857,1863 697,1905 621,1878 561,1921 471,1880 328,1931"/>
                <Baseline points="336,1959 382,1958 428,1956 474,1956 521,1955 567,1954 613,1953 660,1952 706,1950 752,1949 799,1948 845,1947 891,1946 937,1944 984,1943 1030,1943 1076,1941 1123,1940 1169,1938 1215,1938 1262,1937"/>
                <TextEquiv>
                    <Unicode>schafft durch machl vn Sachztiherren Wylenbach</Unicode>
                </TextEquiv>
            </TextLine>
            <TextLine id="r1l19" custom="readingOrder {index:18;} person {offset:39; length:4;}">
                <Coords points="344,2050 523,2086 601,2033 640,2059 848,2030 1013,2077 1075,2026 1180,2075 1283,2028 1282,1982 1214,1992 1173,1955 1023,2010 896,1951 829,1994 807,1973 652,2013 484,1958 385,2017 343,2005"/>
                <Baseline points="351,2040 397,2040 443,2039 489,2039 536,2039 582,2037 628,2037 675,2036 721,2034 767,2033 814,2031 860,2030 906,2028 952,2027 999,2025 1045,2024 1091,2022 1138,2020 1184,2018 1230,2016 1277,2015"/>
                <TextEquiv>
                    <Unicode>mit zittuhen aigrd aaf dieneren herren Groß,</Unicode>
                </TextEquiv>
            </TextLine>
            <TextLine id="r1l20" custom="readingOrder {index:19;}">
                <Coords points="327,2150 793,2117 932,2163 996,2109 1060,2144 1102,2107 1224,2114 1246,2050 1164,2083 1074,2027 1005,2090 848,2033 724,2036 582,2106 479,2060 427,2091 324,2075"/>
                <Baseline points="333,2127 378,2127 423,2126 469,2125 514,2124 560,2123 605,2121 650,2120 696,2117 741,2115 787,2113 832,2111 877,2110 923,2107 968,2105 1014,2103 1059,2102 1104,2100 1150,2099 1195,2097 1241,2096"/>
                <TextEquiv>
                    <Unicode>Weribel im kaff und deß grihtschreibers</Unicode>
                </TextEquiv>
            </TextLine>
            <TextLine id="r1l21" custom="readingOrder {index:20;}">
                <Coords points="340,2249 533,2219 617,2254 993,2182 1186,2228 1227,2188 1318,2204 1315,2127 1242,2101 1062,2144 1014,2115 930,2164 819,2166 626,2115 480,2162 335,2151"/>
                <Baseline points="344,2207 392,2208 440,2208 488,2208 537,2208 585,2207 633,2205 682,2203 730,2201 778,2199 827,2196 875,2194 923,2191 971,2188 1020,2186 1068,2183 1116,2181 1165,2178 1213,2177 1261,2175 1310,2174"/>
                <TextEquiv>
                    <Unicode>Den 3.tan mai den 14. tag 10br und 2t junii</Unicode>
                </TextEquiv>
            </TextLine>
            <TextLine id="r1l22" custom="readingOrder {index:21;}">
                <Coords points="347,2287 410,2287 482,2344 551,2285 628,2332 698,2292 761,2325 961,2264 1028,2304 1280,2246 1278,2188 967,2254 836,2217 616,2255 531,2222 346,2251"/>
                <Baseline points="353,2280 399,2282 445,2282 491,2282 537,2282 583,2282 629,2282 675,2280 721,2279 767,2277 813,2276 859,2274 905,2271 951,2268 997,2266 1043,2262 1089,2259 1135,2254 1181,2250 1227,2246 1274,2241"/>
                <TextEquiv>
                    <Unicode>N2b. hiemit zu verschiedenen mahlen undt</Unicode>
                </TextEquiv>
            </TextLine>
            <TextLine id="r1l23" custom="readingOrder {index:22;}">
                <Coords points="345,2401 403,2363 568,2411 753,2357 848,2403 973,2341 1044,2376 1156,2333 1194,2366 1290,2323 1289,2289 1213,2249 992,2310 854,2275 660,2344 554,2285 487,2345 381,2287 341,2300"/>
                <Baseline points="350,2357 396,2357 443,2358 489,2358 536,2358 583,2358 629,2358 676,2357 723,2356 769,2355 816,2352 863,2351 909,2348 956,2345 1003,2342 1049,2339 1096,2335 1143,2332 1189,2328 1236,2324 1283,2319"/>
                <TextEquiv>
                    <Unicode>Wad anfangs und güttlich und eonstwörtig</Unicode>
                </TextEquiv>
            </TextLine>
            <TextLine id="r1l24" custom="readingOrder {index:23;}">
                <Coords points="349,2484 411,2440 451,2475 578,2448 625,2491 718,2456 808,2482 870,2432 957,2423 1075,2460 1117,2416 1288,2401 1286,2346 1102,2399 976,2344 762,2417 648,2384 345,2401"/>
                <Baseline points="353,2436 399,2436 445,2436 492,2436 538,2436 585,2435 631,2434 677,2433 724,2432 770,2430 817,2429 863,2427 909,2424 956,2421 1002,2418 1049,2415 1095,2412 1141,2408 1188,2404 1234,2400 1281,2396"/>
                <TextEquiv>
                    <Unicode>hernach aber auch e einlich mit der einfach und</Unicode>
                </TextEquiv>
            </TextLine>
            <TextLine id="r1l25" custom="readingOrder {index:24;}">
                <Coords points="340,2523 769,2511 838,2547 877,2511 964,2527 994,2501 1057,2545 1303,2491 1300,2431 1178,2404 1053,2462 957,2423 807,2483 741,2456 630,2489 575,2449 501,2488 412,2438 339,2483"/>
                <Baseline points="347,2513 394,2514 441,2514 489,2514 536,2514 584,2514 631,2513 678,2511 726,2510 773,2508 821,2507 868,2504 915,2501 963,2497 1010,2495 1058,2492 1105,2488 1152,2484 1200,2480 1247,2476 1295,2471"/>
                <TextEquiv>
                    <Unicode>Lahren Marters über befragte vielfaltige dieb</Unicode>
                </TextEquiv>
            </TextLine>
            <TextLine id="r1l26" custom="readingOrder {index:25;}">
                <Coords points="348,2638 453,2602 533,2650 625,2649 711,2596 953,2635 1008,2589 1050,2618 1297,2562 1295,2511 1249,2494 1126,2544 1010,2509 880,2567 766,2522 709,2565 625,2549 590,2579 344,2519"/>
                <Baseline points="353,2592 399,2592 446,2592 493,2592 540,2592 587,2592 634,2592 680,2591 727,2591 774,2589 821,2588 868,2588 915,2585 962,2583 1008,2581 1055,2578 1102,2576 1149,2571 1196,2568 1243,2563 1290,2559"/>
                <TextEquiv>
                    <Unicode>stähl lärt auch participat ion faltschen nunt end</Unicode>
                </TextEquiv>
            </TextLine>
            <TextLine id="r1l27" custom="readingOrder {index:26;}">
                <Coords points="362,2698 697,2668 830,2712 971,2662 1168,2684 1303,2642 1301,2595 1226,2622 1173,2578 1001,2639 708,2603 635,2657 360,2629"/>
                <Baseline points="368,2667 414,2667 460,2669 507,2669 553,2669 600,2669 646,2669 692,2669 739,2669 785,2667 832,2667 878,2666 924,2664 971,2662 1017,2660 1064,2657 1110,2654 1156,2651 1203,2646 1249,2642 1296,2637"/>
                <TextEquiv>
                    <Unicode>oaminiers und endtlich vieled mißotahten</Unicode>
                </TextEquiv>
            </TextLine>
            <TextLine id="r1l28" custom="readingOrder {index:27;}">
                <Coords points="357,2765 452,2750 516,2787 563,2752 620,2784 827,2740 982,2798 1160,2730 1302,2742 1301,2689 1239,2667 993,2667 827,2715 697,2671 604,2733 499,2670 356,2699"/>
                <Baseline points="363,2745 409,2745 456,2745 502,2745 549,2745 596,2745 642,2745 689,2745 735,2745 782,2745 829,2745 875,2745 922,2744 968,2744 1015,2742 1062,2740 1108,2738 1155,2734 1201,2731 1248,2727 1295,2723"/>
                <TextEquiv>
                    <Unicode>bekantlich, auch daruberlin mughli und obern</Unicode>
                </TextEquiv>
            </TextLine>
            <TextLine id="r1l29" custom="readingOrder {index:28;}">
                <Coords points="360,2828 450,2859 496,2821 652,2832 701,2874 770,2822 907,2867 1012,2818 1309,2812 1307,2757 1234,2732 979,2800 827,2741 731,2773 359,2780"/>
                <Baseline points="366,2817 412,2817 459,2817 506,2817 553,2817 599,2817 646,2817 693,2817 740,2817 786,2817 833,2817 880,2816 927,2816 973,2814 1020,2813 1067,2810 1114,2807 1160,2804 1207,2799 1254,2794 1301,2789"/>
                <TextEquiv>
                    <Unicode>umb seiner verbrachnes halb geneteillet zu werden</Unicode>
                </TextEquiv>
            </TextLine>
            <TextLine id="r1l30" custom="readingOrder {index:29;}">
                <Coords points="354,2901 570,2924 617,2891 736,2948 838,2895 910,2940 1024,2890 1202,2915 1303,2877 1302,2824 1203,2851 1012,2819 921,2868 871,2838 811,2859 770,2823 701,2875 535,2821 438,2872 352,2829"/>
                <Baseline points="360,2894 406,2894 453,2894 500,2894 547,2894 594,2894 640,2894 687,2894 734,2894 781,2892 828,2892 874,2891 921,2889 968,2888 1015,2886 1062,2884 1108,2881 1155,2879 1202,2876 1249,2873 1296,2868"/>
                <TextEquiv>
                    <Unicode>Den 9. juli jung sthin vorgestellt, damahlen</Unicode>
                </TextEquiv>
            </TextLine>
            <TextLine id="r1l31" custom="readingOrder {index:30;}">
                <Coords points="344,2980 590,2980 655,3030 760,2975 850,2974 925,3018 1059,2962 1291,2964 1310,2912 1216,2931 1023,2890 881,2952 827,2923 751,2955 613,2892 537,2949 394,2917 343,2939"/>
                <Baseline points="350,2969 397,2969 445,2970 493,2971 540,2972 588,2972 636,2973 683,2973 731,2973 779,2973 827,2972 874,2972 922,2970 970,2969 1017,2967 1065,2964 1113,2962 1160,2959 1208,2954 1256,2951 1304,2945"/>
                <TextEquiv>
                    <Unicode>aber wegen kon ihme vorgeschuzter schwanger,</Unicode>
                </TextEquiv>
            </TextLine>
            <TextLine id="r1l32" custom="readingOrder {index:31;}">
                <Coords points="333,3100 468,3052 553,3110 695,3053 873,3048 993,3096 1055,3038 1121,3084 1186,3039 1240,3084 1328,3046 1316,2954 1180,2957 1059,3025 782,2973 654,3031 498,2971 331,3016"/>
                <Baseline points="338,3054 387,3052 436,3051 485,3050 534,3048 583,3048 632,3047 681,3047 730,3047 779,3045 829,3044 878,3044 927,3042 976,3041 1025,3039 1074,3036 1123,3033 1172,3029 1221,3025 1270,3021 1320,3015"/>
                <TextEquiv>
                    <Unicode>schafft die Eidt Uteil von Hochgebacht Mnsch</Unicode>
                </TextEquiv>
            </TextLine>
            <TextLine id="r1l33" custom="readingOrder {index:32;}">
                <Coords points="347,3168 402,3132 470,3170 582,3129 658,3168 725,3132 779,3168 888,3127 948,3165 983,3130 1263,3122 1281,3051 1121,3090 1056,3038 987,3104 870,3052 672,3110 407,3080 345,3103"/>
                <Baseline points="353,3131 399,3129 445,3129 491,3129 537,3128 583,3128 629,3128 675,3128 721,3128 767,3128 814,3128 860,3128 906,3126 952,3125 998,3123 1044,3121 1090,3117 1136,3114 1182,3110 1228,3105 1275,3099"/>
                <TextEquiv>
                    <Unicode>biß nach außgang des zeit etc fingestellt und auß</Unicode>
                </TextEquiv>
            </TextLine>
            <TextLine id="r1l34" custom="readingOrder {index:33;}">
                <Coords points="353,3213 437,3211 546,3266 684,3211 1179,3204 1282,3177 1281,3129 1183,3163 1112,3125 1048,3160 983,3131 949,3164 881,3131 825,3171 739,3145 660,3170 620,3139 584,3177 524,3142 469,3169 426,3132 351,3168"/>
                <Baseline points="359,3206 404,3206 450,3206 496,3206 542,3206 588,3206 633,3204 679,3204 725,3203 771,3201 817,3200 862,3199 908,3197 954,3195 1000,3193 1046,3189 1091,3188 1137,3183 1183,3180 1229,3177 1275,3173"/>
                <TextEquiv>
                    <Unicode>dero beselchen die sert mlentsch wider umb in die</Unicode>
                </TextEquiv>
            </TextLine>
            <TextLine id="r1l35" custom="readingOrder {index:34;}">
                <Coords points="1079,3285 1120,3268 1131,3274 1168,3262 1231,3300 1256,3288 1283,3288 1271,3182 1224,3188 1208,3202 1191,3195 1166,3213 1130,3194 1109,3220 1073,3230"/>
                <Baseline points="1082,3260 1109,3261 1136,3259 1163,3257 1190,3254 1217,3250 1244,3246 1271,3242"/>
                <TextEquiv>
                    <Unicode>verbite.</Unicode>
                </TextEquiv>
            </TextLine>
            <TextEquiv>
                <Unicode>1.
Harbara Sihst
1
Auß dem Tshangnauto.
Caamen uns Bergichl.
Nach danid dieses von deschied man Malo
ficanten, als dem zu signant hingerichteten
Murgentahler und dem in vertichenen
Meyen 1120 zu Landschut mit dem
strang excean nierten dieben und falthn muntzer
Hanns kinder genanns Aufed als complice

angeseben Barbli Grlih ib seins alters
von 23 a 26 jahren im mleyen betsthin
Nechso allhie seeer haubtstatt ergrien und
gefänglich in verhafft gezogen, volglich auß
oberkeitlichem befelch in liestiges gefangen,
schafft durch machl vn Sachztiherren Wylenbach
mit zittuhen aigrd aaf dieneren herren Groß,
Weribel im kaff und deß grihtschreibers
Den 3.tan mai den 14. tag 10br und 2t junii
N2b. hiemit zu verschiedenen mahlen undt
Wad anfangs und güttlich und eonstwörtig
hernach aber auch e einlich mit der einfach und
Lahren Marters über befragte vielfaltige dieb
stähl lärt auch participat ion faltschen nunt end
oaminiers und endtlich vieled mißotahten
bekantlich, auch daruberlin mughli und obern
umb seiner verbrachnes halb geneteillet zu werden
Den 9. juli jung sthin vorgestellt, damahlen
aber wegen kon ihme vorgeschuzter schwanger,
schafft die Eidt Uteil von Hochgebacht Mnsch
biß nach außgang des zeit etc fingestellt und auß
dero beselchen die sert mlentsch wider umb in die
verbite.</Unicode>
            </TextEquiv>
        </TextRegion>
        <TextRegion orientation="0.0" id="r2" custom="readingOrder {index:1;}">
            <Coords points="1457,615 1457,3295 2448,3295 2448,615"/>
            <TextLine id="r2l1" custom="readingOrder {index:0;}">
                <Coords points="2356,654 2361,656 2365,655 2369,658 2375,655 2384,657 2397,613 2392,611 2386,611 2381,614 2380,611 2378,611 2376,608 2370,606"/>
                <Baseline points="2364,650 2378,654"/>
                <TextEquiv>
                    <Unicode>71</Unicode>
                </TextEquiv>
            </TextLine>
            <TextLine id="r2l2" custom="readingOrder {index:1;}">
                <Coords points="1462,707 1578,696 1690,747 1828,693 2006,711 2109,777 2248,734 2373,751 2393,713 2229,656 2199,674 2141,627 1965,661 1862,602 1767,637 1655,584 1509,597 1471,561"/>
                <Baseline points="1469,702 1514,697 1560,692 1606,689 1652,689 1698,689 1743,690 1789,693 1835,695 1881,699 1927,704 1972,708 2018,713 2064,718 2110,723 2156,726 2201,729 2247,734 2293,735 2339,737 2385,737"/>
                <TextEquiv>
                    <Unicode>Oberkiten gefaurauß ein gesat, sitheo dann</Unicode>
                </TextEquiv>
            </TextLine>
            <TextLine id="r2l3" custom="readingOrder {index:2;}">
                <Coords points="1462,782 1933,780 1990,834 2031,806 2165,846 2401,819 2403,785 2358,793 2295,735 2139,780 2010,712 1958,748 1829,693 1690,749 1625,745 1577,695 1507,730 1467,703"/>
                <Baseline points="1469,774 1515,770 1561,767 1607,765 1654,764 1700,764 1746,765 1792,768 1839,772 1885,775 1931,779 1977,784 2024,789 2070,794 2116,797 2162,802 2209,807 2255,810 2301,812 2347,814 2394,815"/>
                <TextEquiv>
                    <Unicode>und das der zit keine schwangerschafft hrauß</Unicode>
                </TextEquiv>
            </TextLine>
            <TextLine id="r2l4" custom="readingOrder {index:3;}">
                <Coords points="1449,873 1640,848 1719,893 1958,860 2177,883 2229,928 2267,898 2400,902 2404,833 2329,819 2173,855 1841,793 1777,819 1707,771 1582,817 1526,784 1454,798"/>
                <Baseline points="1457,852 1503,848 1550,846 1597,845 1644,843 1691,845 1738,845 1784,848 1831,851 1878,853 1925,858 1972,861 2019,866 2066,870 2112,874 2159,879 2206,884 2253,888 2300,892 2347,896 2394,899"/>
                <TextEquiv>
                    <Unicode>kommen, auch des vormalen von ihme schilt babi</Unicode>
                </TextEquiv>
            </TextLine>
            <TextLine id="r2l5" custom="readingOrder {index:4;}">
                <Coords points="1473,942 1634,984 1699,935 1785,978 1901,930 2053,945 2112,994 2211,952 2275,1003 2344,1006 2400,986 2405,902 2229,928 2114,875 1827,862 1717,896 1640,847 1543,888 1477,863"/>
                <Baseline points="1479,932 1524,929 1570,926 1616,926 1662,924 1707,926 1753,926 1799,929 1845,930 1890,934 1936,936 1982,940 2028,944 2073,948 2119,951 2165,956 2211,959 2256,962 2302,965 2348,966 2394,968"/>
                <TextEquiv>
                    <Unicode>deß falsch wünz ens halb beklagt uedreg esen</Unicode>
                </TextEquiv>
            </TextLine>
            <TextLine id="r2l6" custom="readingOrder {index:5;}">
                <Coords points="1481,1022 1591,1000 1772,1069 1858,1016 1957,1079 2005,1081 2080,1023 2133,1069 2293,1032 2384,1066 2385,1022 2268,1005 2186,951 2115,995 2053,945 1876,940 1783,980 1726,939 1633,984 1484,958"/>
                <Baseline points="1488,1008 1532,1007 1577,1006 1621,1005 1666,1005 1710,1006 1755,1007 1799,1009 1844,1011 1888,1013 1933,1016 1978,1018 2022,1022 2067,1025 2111,1028 2156,1031 2200,1034 2245,1037 2289,1040 2334,1043 2379,1046"/>
                <TextEquiv>
                    <Unicode>in sb erkeiten band gerachten etc. frschio dingen</Unicode>
                </TextEquiv>
            </TextLine>
            <TextLine id="r2l7" custom="readingOrder {index:6;}">
                <Coords points="1478,1118 1820,1082 2008,1133 2073,1105 2265,1115 2350,1175 2395,1165 2398,1073 2292,1031 2138,1075 2082,1023 2005,1081 1947,1078 1896,1022 1799,1068 1592,1001 1481,1039"/>
                <Baseline points="1485,1089 1530,1086 1575,1085 1620,1083 1666,1082 1711,1083 1756,1083 1802,1085 1847,1088 1892,1089 1938,1092 1983,1095 2028,1098 2073,1100 2119,1103 2164,1106 2209,1108 2255,1110 2300,1112 2345,1113 2391,1113"/>
                <TextEquiv>
                    <Unicode>güt und peinlich mit ein fachie Martes durch</Unicode>
                </TextEquiv>
            </TextLine>
            <TextLine id="r2l8" custom="readingOrder {index:7;}">
                <Coords points="1469,1178 1597,1177 1750,1231 1870,1180 2172,1182 2234,1229 2279,1207 2330,1238 2372,1227 2375,1128 2264,1115 2210,1144 2064,1106 2011,1134 1927,1100 1893,1130 1821,1082 1471,1095"/>
                <Baseline points="1476,1167 1520,1169 1565,1170 1609,1172 1654,1172 1698,1173 1743,1175 1787,1175 1832,1176 1876,1178 1921,1178 1966,1179 2010,1181 2055,1181 2099,1182 2144,1184 2188,1185 2233,1186 2277,1187 2322,1188 2367,1190"/>
                <TextEquiv>
                    <Unicode>lech n sohfhren mut artz als hind</Unicode>
                </TextEquiv>
            </TextLine>
            <TextLine id="r2l9" custom="readingOrder {index:8;}">
                <Coords points="1480,1248 1881,1243 2033,1287 2099,1251 2143,1294 2210,1277 2249,1316 2316,1262 2382,1284 2383,1226 2315,1237 2277,1206 2229,1235 2192,1203 2100,1233 2004,1185 1934,1228 1669,1217 1597,1178 1481,1200"/>
                <Baseline points="1487,1245 1531,1242 1575,1241 1620,1239 1664,1239 1709,1238 1753,1238 1798,1239 1842,1239 1887,1241 1931,1242 1975,1244 2020,1245 2064,1247 2109,1249 2153,1251 2198,1253 2242,1254 2287,1256 2331,1257 2376,1259"/>
                <TextEquiv>
                    <Unicode>verord utem caaminatoren mit zuzeüchen ung</Unicode>
                </TextEquiv>
            </TextLine>
            <TextLine id="r2l10" custom="readingOrder {index:9;}">
                <Coords points="1470,1372 1547,1320 1649,1311 1671,1334 1914,1317 1948,1346 2012,1318 2228,1331 2287,1358 2412,1334 2321,1261 2254,1316 2203,1279 2142,1294 2096,1251 2038,1287 1881,1243 1770,1270 1723,1237 1559,1293 1472,1277"/>
                <Baseline points="1478,1323 1524,1319 1570,1316 1617,1313 1663,1311 1709,1310 1756,1310 1802,1310 1848,1311 1895,1312 1941,1314 1987,1316 2034,1318 2080,1321 2126,1323 2173,1326 2219,1329 2265,1331 2312,1334 2358,1337 2405,1338"/>
                <TextEquiv>
                    <Unicode>gemeldt Gogul. Dieneren den 28. janua</Unicode>
                </TextEquiv>
            </TextLine>
            <TextLine id="r2l11" custom="readingOrder {index:10;}">
                <Coords points="1463,1452 1585,1396 1728,1447 1963,1392 2397,1418 2413,1334 2319,1379 1813,1308 1463,1374"/>
                <Baseline points="1470,1403 1516,1399 1563,1395 1610,1392 1657,1391 1704,1389 1750,1389 1797,1388 1844,1389 1891,1389 1938,1390 1984,1391 2031,1392 2078,1395 2125,1397 2172,1398 2218,1400 2265,1401 2312,1402 2359,1403 2406,1404"/>
                <TextEquiv>
                    <Unicode>1og und 10e februarii 172d examinirt</Unicode>
                </TextEquiv>
            </TextLine>
            <TextLine id="r2l12" custom="readingOrder {index:11;}">
                <Coords points="1468,1498 1655,1467 1721,1513 1919,1491 2058,1533 2251,1477 2414,1492 2375,1435 2239,1422 2165,1452 1965,1390 1735,1454 1686,1425 1623,1441 1566,1397 1469,1449"/>
                <Baseline points="1475,1472 1521,1472 1568,1470 1614,1470 1661,1470 1708,1470 1754,1470 1801,1470 1848,1472 1894,1472 1941,1473 1988,1475 2034,1475 2081,1476 2128,1476 2174,1476 2221,1478 2268,1478 2314,1478 2361,1476 2408,1476"/>
                <TextEquiv>
                    <Unicode>worden. Als ist endtlich nach bescheiebens</Unicode>
                </TextEquiv>
            </TextLine>
            <TextLine id="r2l13" custom="readingOrder {index:12;}">
                <Coords points="1457,1562 1572,1543 1698,1600 1730,1569 1856,1599 1987,1575 2206,1602 2314,1553 2399,1579 2400,1510 2366,1488 2239,1525 2097,1501 2060,1535 1919,1491 1720,1515 1660,1467 1458,1495"/>
                <Baseline points="1463,1547 1509,1542 1556,1539 1602,1538 1649,1536 1695,1536 1742,1536 1788,1538 1835,1539 1881,1541 1928,1542 1974,1544 2021,1545 2067,1548 2114,1550 2160,1551 2207,1551 2253,1551 2300,1551 2346,1549 2393,1547"/>
                <TextEquiv>
                    <Unicode>bekannt nuß herauß kammen und erhalten worden.</Unicode>
                </TextEquiv>
            </TextLine>
            <TextLine id="r2l14" custom="readingOrder {index:13;}">
                <Coords points="1469,1689 1831,1668 2185,1696 2236,1729 2285,1691 2361,1743 2427,1721 2429,1652 2358,1630 2300,1658 2207,1600 2033,1625 1988,1590 1900,1634 1777,1594 1724,1618 1586,1557 1471,1621"/>
                <Baseline points="1476,1679 1523,1676 1570,1674 1617,1674 1665,1674 1712,1674 1759,1675 1806,1676 1854,1677 1901,1679 1948,1682 1995,1683 2043,1685 2090,1688 2137,1689 2184,1691 2232,1693 2279,1695 2326,1695 2373,1697 2421,1697"/>
                <TextEquiv>
                    <Unicode>Namblichatt und fnd das Eeste, fuhe 1lbl</Unicode>
                </TextEquiv>
            </TextLine>
            <TextLine id="r2l15" custom="readingOrder {index:14;}">
                <Coords points="1468,1778 1579,1747 2387,1778 2421,1724 2362,1744 2299,1696 2237,1729 2087,1685 1728,1735 1609,1675 1469,1719"/>
                <Baseline points="1475,1752 1524,1751 1573,1749 1623,1748 1672,1746 1722,1746 1771,1746 1820,1748 1870,1748 1919,1748 1969,1749 2018,1751 2068,1752 2117,1754 2166,1755 2216,1758 2265,1759 2315,1761 2364,1763 2414,1764"/>
                <TextEquiv>
                    <Unicode>scilt drey malen allhet im Schallenerck gsennen und</Unicode>
                </TextEquiv>
            </TextLine>
            <TextLine id="r2l16" custom="readingOrder {index:15;}">
                <Coords points="1484,1830 1588,1860 1680,1823 1788,1860 1910,1821 2123,1873 2219,1834 2272,1875 2423,1836 2357,1763 1484,1767"/>
                <Baseline points="1490,1820 1536,1821 1582,1821 1629,1823 1675,1823 1721,1823 1768,1821 1814,1821 1860,1821 1907,1821 1953,1821 1999,1820 2046,1821 2092,1821 2138,1821 2185,1823 2231,1824 2277,1826 2324,1829 2370,1832 2417,1836"/>
                <TextEquiv>
                    <Unicode>seint abfellung deß fisens ad  sings dat erste</Unicode>
                </TextEquiv>
            </TextLine>
            <TextLine id="r2l17" custom="readingOrder {index:16;}">
                <Coords points="1490,1920 1541,1898 1631,1921 1658,1901 1724,1909 1770,1945 1834,1902 1960,1948 2022,1902 2099,1912 2099,1875 2035,1836 1908,1858 1838,1825 1792,1859 1730,1858 1679,1822 1577,1872 1539,1837 1491,1833"/>
                <Baseline points="1497,1892 1526,1893 1556,1895 1586,1896 1616,1896 1646,1896 1675,1896 1705,1896 1735,1896 1765,1896 1795,1896 1824,1896 1854,1896 1884,1895 1914,1895 1944,1895 1973,1895 2003,1896 2033,1896 2063,1898 2093,1899"/>
                <TextEquiv>
                    <Unicode>und ketste mahl außgwißen</Unicode>
                </TextEquiv>
            </TextLine>
            <TextLine id="r2l18" custom="readingOrder {index:17;} place {offset:28; length:12;}">
                <Coords points="1471,2002 1574,1992 1632,2026 1694,1995 1755,2038 1886,1984 1974,2026 2152,1988 2272,2045 2379,1985 2455,1994 2455,1938 2266,1899 2098,1949 2037,1899 1960,1949 1842,1905 1758,1953 1668,1903 1607,1940 1526,1905 1471,1939"/>
                <Baseline points="1478,1991 1526,1989 1575,1989 1623,1988 1672,1986 1720,1986 1769,1986 1817,1985 1866,1985 1914,1985 1963,1985 2011,1985 2060,1985 2108,1985 2157,1986 2205,1986 2254,1986 2302,1986 2351,1988 2399,1988 2448,1988"/>
                <TextEquiv>
                    <Unicode>Deßfesteng mahls seye es zu Tachselwbald gefane</Unicode>
                </TextEquiv>
            </TextLine>
            <TextLine id="r2l19" custom="readingOrder {index:18;}">
                <Coords points="1477,2113 1629,2062 1735,2110 1860,2066 1946,2099 2099,2063 2394,2076 2415,1995 2273,2044 2189,1997 2079,2044 1876,2000 1826,2044 1477,2018"/>
                <Baseline points="1484,2063 1530,2061 1576,2061 1622,2061 1669,2061 1715,2061 1761,2061 1807,2061 1854,2060 1900,2060 1946,2060 1992,2060 2039,2060 2085,2060 2131,2060 2177,2060 2224,2060 2270,2060 2316,2060 2362,2060 2409,2060"/>
                <TextEquiv>
                    <Unicode>lichen eingezogen und wegen volgendem diebstäben</Unicode>
                </TextEquiv>
            </TextLine>
            <TextLine id="r2l20" custom="readingOrder {index:19;}">
                <Coords points="1487,2138 1617,2189 1758,2147 2108,2186 2301,2129 2421,2133 2421,2068 2213,2089 2103,2065 1957,2103 1863,2075 1678,2116 1589,2071 1487,2113"/>
                <Baseline points="1494,2135 1540,2133 1586,2132 1632,2132 1678,2130 1724,2130 1770,2130 1816,2130 1862,2130 1908,2130 1954,2132 2000,2132 2046,2132 2092,2131 2138,2130 2184,2130 2230,2129 2276,2129 2322,2127 2368,2124 2415,2123"/>
                <TextEquiv>
                    <Unicode>1o ader begangen, allhero ind schallentrk gesandt</Unicode>
                </TextEquiv>
            </TextLine>
            <TextLine id="r2l21" custom="readingOrder {index:20;}">
                <Coords points="1481,2213 1502,2208 1507,2213 1518,2206 1525,2214 1538,2209 1546,2215 1570,2202 1589,2218 1632,2219 1634,2139 1620,2140 1602,2154 1584,2150 1565,2133 1522,2163 1494,2138 1482,2142"/>
                <Baseline points="1487,2201 1514,2198 1542,2198 1570,2199 1598,2201 1626,2202"/>
                <TextEquiv>
                    <Unicode>worden.</Unicode>
                </TextEquiv>
            </TextLine>
            <TextLine id="r2l22" custom="readingOrder {index:21;}">
                <Coords points="1480,2293 1835,2287 1894,2337 1975,2282 2027,2317 2226,2276 2414,2290 2415,2214 2265,2196 1979,2237 1861,2202 1480,2253"/>
                <Baseline points="1487,2285 1533,2283 1579,2283 1625,2283 1671,2283 1717,2283 1763,2283 1809,2283 1855,2283 1901,2283 1948,2283 1994,2282 2040,2282 2086,2282 2132,2282 2178,2282 2224,2282 2270,2282 2316,2282 2362,2280 2409,2280"/>
                <TextEquiv>
                    <Unicode>1. In 2. witt it ofrig habe es 1 jupen 3 klutt,</Unicode>
                </TextEquiv>
            </TextLine>
            <TextLine id="r2l23" custom="readingOrder {index:22;}">
                <Coords points="1483,2411 1643,2386 1677,2411 1733,2374 1830,2410 1871,2369 1962,2408 2071,2360 2164,2394 2217,2345 2408,2347 2408,2272 2344,2306 2306,2278 2261,2318 2157,2287 2107,2330 1980,2285 1894,2337 1835,2287 1771,2292 1725,2340 1597,2283 1481,2295"/>
                <Baseline points="1488,2358 1533,2358 1579,2358 1625,2357 1670,2357 1716,2357 1762,2357 1807,2357 1853,2355 1899,2355 1945,2354 1990,2354 2036,2352 2082,2352 2127,2351 2173,2349 2219,2348 2264,2347 2310,2345 2356,2343 2402,2342"/>
                <TextEquiv>
                    <Unicode>2 hlnder 1 kettli und  pubrfemel entwrendt.</Unicode>
                </TextEquiv>
            </TextLine>
            <TextLine id="r2l24" custom="readingOrder {index:23;} place {offset:22; length:4;}">
                <Coords points="1481,2487 1742,2470 1800,2515 2050,2457 2178,2508 2299,2501 2413,2448 2412,2390 2284,2420 2193,2378 2058,2414 1919,2385 1826,2426 1732,2375 1605,2431 1479,2414"/>
                <Baseline points="1487,2453 1535,2455 1583,2457 1632,2459 1680,2459 1728,2460 1777,2460 1825,2460 1873,2459 1922,2459 1970,2457 2019,2456 2067,2454 2115,2453 2164,2451 2212,2449 2260,2448 2309,2446 2357,2444 2406,2442"/>
                <TextEquiv>
                    <Unicode>2 einr srauken hinder trub 14 lb garn, so sie</Unicode>
                </TextEquiv>
            </TextLine>
            <TextLine id="r2l25" custom="readingOrder {index:24;}">
                <Coords points="1485,2582 1614,2538 1756,2566 2004,2535 2070,2581 2158,2528 2442,2522 2440,2454 2396,2443 2288,2503 1912,2477 1821,2524 1734,2472 1655,2514 1546,2474 1483,2488"/>
                <Baseline points="1491,2526 1538,2531 1585,2534 1632,2535 1679,2537 1727,2537 1774,2537 1821,2537 1868,2536 1915,2535 1963,2534 2010,2532 2057,2531 2104,2529 2151,2528 2199,2525 2246,2524 2293,2523 2340,2522 2387,2520 2435,2520"/>
                <TextEquiv>
                    <Unicode>ihmme nach trössen brinnern zuwragen andertaud</Unicode>
                </TextEquiv>
            </TextLine>
            <TextLine id="r2l26" custom="readingOrder {index:25;}">
                <Coords points="1493,2642 1780,2610 1946,2658 2084,2627 2111,2649 2157,2607 2220,2614 2220,2534 2113,2545 2070,2582 2038,2552 1752,2562 1620,2537 1492,2579"/>
                <Baseline points="1499,2600 1534,2601 1570,2603 1606,2604 1641,2604 1677,2606 1713,2607 1748,2607 1784,2607 1820,2607 1856,2607 1891,2607 1927,2607 1963,2606 1998,2605 2034,2604 2070,2603 2105,2601 2141,2600 2177,2598 2213,2597"/>
                <TextEquiv>
                    <Unicode>behalten und umb 14 ll verkaufft</Unicode>
                </TextEquiv>
            </TextLine>
            <TextLine id="r2l27" custom="readingOrder {index:26;} person {offset:7; length:13;} place {offset:29; length:8;}">
                <Coords points="1487,2715 1643,2733 2103,2696 2166,2722 2264,2682 2444,2685 2442,2629 2278,2673 2157,2607 2085,2653 1655,2618 1485,2654"/>
                <Baseline points="1493,2705 1540,2706 1587,2708 1634,2708 1682,2708 1729,2708 1776,2706 1823,2705 1871,2703 1918,2702 1965,2699 2012,2697 2060,2695 2107,2693 2154,2691 2201,2688 2249,2688 2296,2687 2343,2685 2390,2685 2438,2685"/>
                <TextEquiv>
                    <Unicode>3. Der Elesbeth Gals auß dem Tloneeen, graben</Unicode>
                </TextEquiv>
            </TextLine>
            <TextLine id="r2l28" custom="readingOrder {index:27;}">
                <Coords points="1486,2788 1588,2774 1711,2832 1793,2778 2006,2777 2090,2814 2129,2775 2189,2805 2262,2757 2426,2751 2391,2686 2325,2723 2269,2683 2130,2741 1999,2705 1886,2743 1828,2707 1714,2709 1565,2761 1485,2730"/>
                <Baseline points="1493,2774 1539,2777 1585,2779 1632,2780 1678,2781 1724,2781 1771,2780 1817,2778 1863,2777 1910,2775 1956,2773 2002,2771 2049,2768 2095,2766 2141,2763 2188,2762 2234,2760 2280,2757 2327,2757 2373,2757 2420,2757"/>
                <TextEquiv>
                    <Unicode>ein paas suhe 2 leider s paar strumpf.</Unicode>
                </TextEquiv>
            </TextLine>
            <TextLine id="r2l29" custom="readingOrder {index:28;}">
                <Coords points="1494,2899 1708,2855 1896,2893 2012,2840 2108,2883 2177,2854 2217,2879 2276,2831 2419,2844 2416,2765 2320,2753 2206,2813 2147,2781 2090,2814 2001,2788 1902,2832 1765,2781 1711,2833 1588,2774 1490,2794"/>
                <Baseline points="1499,2852 1544,2853 1590,2853 1635,2853 1681,2853 1727,2852 1772,2852 1818,2850 1864,2849 1909,2847 1955,2846 2001,2844 2046,2842 2092,2840 2138,2837 2183,2835 2229,2834 2275,2832 2320,2830 2366,2828 2412,2826"/>
                <TextEquiv>
                    <Unicode>Hafen 2 kehrnlungen 20 b an gelt undet</Unicode>
                </TextEquiv>
            </TextLine>
            <TextLine id="r2l30" custom="readingOrder {index:29;}">
                <Coords points="1490,2931 1505,2921 1578,2982 1705,2925 1777,2929 1835,2961 1898,2923 2024,2925 2062,2948 2059,2854 2043,2849 2006,2869 1953,2844 1885,2901 1829,2867 1763,2877 1732,2856 1489,2900"/>
                <Baseline points="1496,2924 1523,2925 1551,2925 1579,2925 1607,2925 1635,2925 1663,2925 1691,2924 1719,2924 1747,2922 1775,2922 1802,2921 1830,2919 1858,2918 1886,2918 1914,2916 1942,2915 1970,2913 1998,2912 2026,2910 2054,2909"/>
                <TextEquiv>
                    <Unicode>welche handtbletzli entwendt</Unicode>
                </TextEquiv>
            </TextLine>
            <TextLine id="r2l31" custom="readingOrder {index:30;} person {offset:6; length:15;} place {offset:26; length:9;}">
                <Coords points="1491,3051 1629,3025 1713,3055 1783,3022 1919,3060 2236,2994 2338,3035 2435,2981 2433,2920 2350,2888 2306,2925 2219,2889 2072,2979 1928,2922 1767,2986 1660,2945 1597,2983 1486,2964"/>
                <Baseline points="1496,3014 1542,3017 1589,3018 1635,3018 1682,3018 1729,3018 1775,3018 1822,3015 1869,3014 1915,3012 1962,3009 2009,3007 2055,3003 2102,3001 2149,2997 2195,2994 2242,2990 2289,2987 2335,2984 2382,2980 2429,2978"/>
                <TextEquiv>
                    <Unicode>1 Dem Peter Mostinann von zurgspach</Unicode>
                </TextEquiv>
            </TextLine>
            <TextLine id="r2l32" custom="readingOrder {index:31;}">
                <Coords points="1488,3128 1552,3101 1619,3145 1679,3091 1800,3132 1845,3093 1989,3079 2095,3127 2173,3066 2376,3101 2435,3071 2430,2981 2339,3036 2271,2992 2138,3047 2088,3023 1898,3061 1784,3023 1726,3062 1630,3028 1484,3047"/>
                <Baseline points="1493,3081 1539,3086 1586,3089 1633,3092 1679,3092 1726,3093 1773,3092 1819,3090 1866,3089 1913,3085 1960,3082 2006,3078 2053,3074 2100,3070 2146,3066 2193,3063 2240,3059 2286,3056 2333,3053 2380,3050 2427,3048"/>
                <TextEquiv>
                    <Unicode>z welchem es fur ein gahr lang als dienstmagd</Unicode>
                </TextEquiv>
            </TextLine>
            <TextLine id="r2l33" custom="readingOrder {index:32;}">
                <Coords points="1500,3184 1996,3157 2045,3182 2120,3142 2203,3177 2249,3140 2302,3169 2374,3144 2371,3085 2297,3103 2219,3072 2093,3127 1918,3089 1798,3134 1674,3091 1620,3144 1550,3101 1497,3137"/>
                <Baseline points="1505,3155 1548,3159 1591,3162 1634,3165 1677,3167 1720,3167 1763,3167 1806,3165 1849,3164 1892,3161 1935,3159 1978,3155 2021,3151 2064,3147 2107,3143 2150,3139 2193,3133 2236,3130 2279,3124 2322,3120 2366,3116"/>
                <TextEquiv>
                    <Unicode>gedinnet in den erstng dreyen wuchen aber</Unicode>
                </TextEquiv>
            </TextLine>
            <TextLine id="r2l34" custom="readingOrder {index:33;}">
                <Coords points="1504,3260 1610,3297 1698,3260 1774,3296 1873,3231 2210,3239 2357,3183 2447,3201 2444,3088 2307,3169 2236,3149 2194,3178 2117,3143 1967,3189 1838,3160 1696,3198 1611,3162 1499,3185"/>
                <Baseline points="1508,3228 1554,3233 1601,3237 1648,3238 1695,3239 1742,3239 1788,3239 1835,3236 1882,3233 1929,3230 1976,3225 2022,3220 2069,3215 2116,3210 2163,3204 2210,3199 2256,3194 2303,3189 2350,3184 2397,3179 2444,3176"/>
                <TextEquiv>
                    <Unicode>Nachts hinbeggelafken, und diesen seiner Mister¬</Unicode>
                </TextEquiv>
            </TextLine>
            <TextLine id="r2l35" custom="readingOrder {index:34;}">
                <Coords points="2264,3287 2291,3278 2303,3283 2312,3276 2319,3282 2328,3282 2357,3265 2345,3187 2328,3197 2281,3259 2260,3258"/>
                <Baseline points="2270,3278 2297,3274 2324,3269 2351,3266"/>
                <TextEquiv>
                    <Unicode>mb</Unicode>
                </TextEquiv>
            </TextLine>
            <TextEquiv>
                <Unicode>71
Oberkiten gefaurauß ein gesat, sitheo dann
und das der zit keine schwangerschafft hrauß
kommen, auch des vormalen von ihme schilt babi
deß falsch wünz ens halb beklagt uedreg esen
in sb erkeiten band gerachten etc. frschio dingen
güt und peinlich mit ein fachie Martes durch
lech n sohfhren mut artz als hind
verord utem caaminatoren mit zuzeüchen ung
gemeldt Gogul. Dieneren den 28. janua
1og und 10e februarii 172d examinirt
worden. Als ist endtlich nach bescheiebens
bekannt nuß herauß kammen und erhalten worden.
Namblichatt und fnd das Eeste, fuhe 1lbl
scilt drey malen allhet im Schallenerck gsennen und
seint abfellung deß fisens ad  sings dat erste
und ketste mahl außgwißen
Deßfesteng mahls seye es zu Tachselwbald gefane
lichen eingezogen und wegen volgendem diebstäben
1o ader begangen, allhero ind schallentrk gesandt
worden.
1. In 2. witt it ofrig habe es 1 jupen 3 klutt,
2 hlnder 1 kettli und  pubrfemel entwrendt.
2 einr srauken hinder trub 14 lb garn, so sie
ihmme nach trössen brinnern zuwragen andertaud
behalten und umb 14 ll verkaufft
3. Der Elesbeth Gals auß dem Tloneeen, graben
ein paas suhe 2 leider s paar strumpf.
Hafen 2 kehrnlungen 20 b an gelt undet
welche handtbletzli entwendt
1 Dem Peter Mostinann von zurgspach
z welchem es fur ein gahr lang als dienstmagd
gedinnet in den erstng dreyen wuchen aber
Nachts hinbeggelafken, und diesen seiner Mister¬
mb</Unicode>
            </TextEquiv>
        </TextRegion>
        <TextRegion orientation="0.0" id="r3" custom="readingOrder {index:2;}">
            <Coords points="2442,944 2442,1094 2457,1094 2457,944"/>
            <TextLine id="r3l1" custom="readingOrder {index:0;}">
                <Coords points="2435,1059 2449,1059 2452,1061 2454,1058 2464,1057 2464,1003 2457,1003 2456,1005 2451,1002 2435,1005"/>
                <Baseline points="2442,1044 2457,1044"/>
                <TextEquiv>
                    <Unicode></Unicode>
                </TextEquiv>
            </TextLine>
            <TextEquiv>
                <Unicode></Unicode>
            </TextEquiv>
        </TextRegion>
    </Page>
</PcGts>
