3024 4032
490 603 1071 751 Jacob Gneths
323 702 1230 852 seinem vorgeben nach gebührtig auß
607 788 905 906 der pfalt.
443 849 1184 1008 Bekantnuß vnd Vergicht.
224 1006 1303 1152 Nach demen ihr gndt hinderbracht worden
339 1117 1270 1237 Waßmaßen sburtz verlachener tagen eines
352 1191 1266 1296 von dasell kömmnden durchreisenden herren
340 1254 1269 1387 bey sich gehabter knecht im araulo soltz auff
343 1328 1274 1463 offenes straß von einem unbekonten Kerli
351 1411 1254 1507 mörderischer weil angegriffen und mit
351 1476 1280 1601 einem biel schlerlich verlorndet worden.
331 1556 1285 1689 habend hochgedacht ihr geden zu Erhaltung
358 1633 1296 1765 allgemeiner sicherheit alsobald die erforder
352 1705 1267 1841 liche veranstallt gethon dem häteren aer
357 1778 1242 1916 ohrten nachzuforschen gestallten harauff
363 1865 1287 1981 selbiger drunden im Ornhegberg ergriffen
352 1927 1300 2071 gefäncklich eingesetzt examiniert und auff
360 2014 1323 2139 gethane bekanntnuß zu volg dar mit lobliche
351 2087 1291 2216 standt solothurn habenden vertragen und ihr
324 2163 1293 2289 Bede der fuden zustahenden hochen gerichts
348 2220 1300 2372 herrlichkeit dem Freyweibel zu Hindelbanck
358 2304 1315 2407 lauf Urkundts de dato 23tn decembris 1717.
357 2371 1297 2486 remittiert und durch denselben zu oberkeitlichen
339 2450 1279 2591 banden gelahrsamlich allhar gelieferet worden
344 2526 1260 2666 Da dann volgendts den 28ten dito dieser
366 2602 1311 2731 Kerli sich Jacob Gulth nemmend in allliesiger
344 2680 1272 2814 oberkeitlichen gefangenschafft anfängetlich
347 2733 1306 2898 durch ihr grede dienere herren Ggroßwibel
355 2827 1284 2957 Im Hooff und grichtschreiberen Wyltenbad
344 2881 1300 3052 nachwerts aber auß oberkeitlicher vergestallt
350 2975 1284 3109 auch durch mühhli rahtsherren von Graffen.
357 3048 1281 3191 wildt mit zutlun fost gemelt ihr Budl
352 3122 1279 3253 Dieneren den 3 und 17 januarii dieses
351 3196 1274 3319 angetrettenen d748 jahrs und also zu
329 3279 1277 3435 verschidenen mahlen über die zu Buchegg
1104 3343 1308 3441 Bered
2255 618 2425 735 410
1508 669 2384 817 Bereits von ihme bekandten Vnd annoch ver¬
1517 771 2340 885 ruhtlich begangenen mordthaten gantz
1523 834 2413 955 ernstwortig auch mit aeldenoner der einfachen
1489 901 2391 986 und jähren Marter examiniert und dardurch
1528 962 2383 1080 olgende bekanntnuß von ihme erhalten worden
1531 1048 2412 1198 erstlichen, daß er in seiner juarnd im Murten
1531 1148 2412 1260 oberger landt und zu schatthausen einhandt-
1513 1221 2382 1332 Warck und zwar an diesem letsterenohrt das
1909 1286 2024 1336 dot
1501 1288 2382 1400 gerber handtwerck zelenen sollen, welches
1516 1348 2450 1469 er aber nit gethan sonderen dem Bottel nachge
1501 1414 2420 1558 zogen. Nachwerts sich schlimmer cameradin
1509 1483 2404 1608 angenomen, die gleich wie er keine handwerek
1500 1553 2387 1698 gelahrnet die dann der Luthen hie vnd wider
1514 1628 2382 1729 auff den Märckten die jächlin oder fecinet
1509 1701 2418 1805 auß von sacken entwonden und bißweilen gelt
1509 1766 2400 1892 darinnen bekommen, welches diebs handtlorck
1503 1845 2219 1963 nach der zeit er sich noch mehr bedient
1516 1932 2434 2090 Daß er auff dem schwartzwald vorgsellschafftet
1427 1988 1512 2097 2
1508 2035 2379 2164 mit einer wanden von 40 seines chleichen
1424 2067 1486 2146 r
1512 2100 2398 2216 viel von daselbst durch paßierenden franbosen
1506 2164 2403 2272 Underweihen d0 j2 biß 15 mithiandeen
1501 2230 2378 2338 anpacken und Nidermachen Helffen allda sy
1532 2322 1560 2362 16
1505 2295 2425 2428 auch einem mätzger a0b thren in gelt abgenommen
1492 2373 2234 2493 und harnach denselben lauffen laßen.
2140 2443 2237 2555 a
1390 2491 2360 2647 3. Habe er mit zuthun seines cameraden
1477 2589 2353 2705 Michel Rueff eines eranadierers aus
1499 2658 2368 2777 dem Sohaffhauser gebieth vor ohngefahr
1505 2727 2398 2846 einem jahr drey steisende handtwercks kerli
1504 2789 2363 2925 en odenwald umbgebracht und beraubet.
1490 2895 2427 3058 Mit hulff Erstgemalten seines cameraden
1431 2959 1492 3063 4
1502 2987 2396 3123 deß granadierers habe er vor ohngefelrdt
1516 3047 2440 3186 3 ovor 7 Wuchen glöüschen Zürich und winter
1486 3125 2352 3253 thue einen pbalianischen kramer so einen
1484 3187 2334 3332 Inwersach bey sich gehabt erschlägen
2177 3259 2383 3391 wolchen
