3024 4032
272 531 1274 708 Augezeigt, So hat dennoch darselbe, die bey Ihm
278 619 1274 745 Verborgannn Perli Schwer, Diamans Ringen und
294 681 1277 812 Medacclles, biß Auff das Allerletste verhalten, und
287 741 1280 859 an Ansehen des ohrts wo erselbe verstecket wehr¬
286 804 1279 924 mahlen variert, endtlichen aber ausfersechene
290 864 1287 994 Ernst, und beforgende mehrere Marter, solchehervor¬
297 926 1278 1058 geben, Worauff dann Auch Alle diehe entwandte
300 993 1261 1129 sachen, außert dem weinigen delt, dem Eigen¬
304 1056 915 1166 thumbsherln widerumb zukommen
259 1134 1285 1296 Endtlichen ist Auch dieer Allionid über den einge¬
297 1231 1275 1342 ladgten Bericht und Catracl auc dem Crioninal
308 1297 1272 1393 Auch der vogthey hlren vermag deßen er mit und ne
314 1346 1267 1454 einem Iewüßen Deniana Duproz ainer Mord¬
317 1404 1272 1507 that aeinem archer begangen, beschuldiget, und
328 1462 1293 1565 deßwegen par essigie acequert, ernstlich zu
319 1517 1288 1625 Red gestößen und examiniert worden; Der aber
323 1574 1289 1687 deßen dar nicht geständig seyn wollen, Mitvorgen
328 1630 1290 1742 daß nit er, sondern der bemelte Dupres btesaier
335 1693 1285 1784 mit dem umbgebrachten Arcker instreitt erahte
335 1746 1275 1861 und daß beÿyde der Archeruns Dupres auff ein¬
317 1811 1274 1914 andern Peuwe geben, der Duprer clessiert und
322 1874 1058 1982 Der Archer todt geschoßen worden
259 1950 1278 2080 Diedes ist Also das jenige So dieser Deroome¬
311 2048 1283 2160 Alliond, so wohl mit als ohne Marter, In dene
248 2099 298 2157 0
317 2113 1276 2231 mit shner gehaltenen caaminibris gestanden und
320 2179 905 2291 bekannt. Alte obstahte
2237 601 2362 695 98
1644 604 2156 745 Irminal Process
1408 669 2412 851 Herorme Alliord vines Resugierten zranzyn
1625 764 1920 859 Sohn von Cit
1397 816 2394 961 Wie selbiger den 1. t. juli 1716. an der Crei
1486 902 1944 1022 Gaßen verlesen worden
1463 1001 2391 1145 Viel uns Mancherley hattung Merschen
1453 1096 2390 1211 befinden sich auff diesem Sterdischen weltgebanng
1454 1160 2363 1264 Da dann einiche den Schaublatz deßelben mit
1453 1218 2361 1331 dem sumlichen Vorsatz betretten, Sich Ehrlich zu¬
1464 1281 2385 1390 ernehren, gottens ihrem nebensmenschen zu¬
1452 1344 2382 1453 dienen, Ligen dannenhero Gute Kunsten und An¬
1467 1410 2400 1495 deren loblichen Verrichtungen Ob, Mit denen Sie
1466 1474 2411 1586 anderen Leüten an die Land Jehen, Andern Aber
1464 1531 2393 1650 so bey dieser großen Veramblung erscheine, Sind¬
1466 1596 2358 1703 bloß der Meinma, daß Sie Eßen und trinken,
1478 1662 2390 1764 Cnstig und guter dingen seyn mögen. Nach diesen
1474 1723 2403 1834 Arten der Menschen Aber befindet sich eine Große
1479 1788 2393 1888 Inzahl, böser und gewüßenloser Leüthen, welche
1475 1850 2390 1952 Auf alles übel abgerichtet, dem Mußiggang und
1475 1910 2380 2021 Allen Castern ergeben, und zum höchsten Schaden¬
1487 1976 2349 2059 des Nebens Menschen Leben. Also daß auch
1472 2042 2384 2146 Der Allerweihiste nicht Klug Gangist, die Schalche¬
1477 2103 2388 2210 heit solcher bösen Leüthen auszulehrnen, und der¬
1481 2162 2358 2258 jeinge so mit ihnen umb zugehen genöhtiget, Sich
1478 2222 2397 2318 iimmer jungsamb vorsehen noch verhüeten kan, daß
1463 2310 2388 2393 Ernicht überlistet, und mit mercklicher Nachtheil
1469 2359 2387 2458 seiner ehren oder Guths von hnen betrogen
1481 2416 2322 2520 werde, wie nun an dergleichen Leüthen zu
1478 2475 2412 2590 keiner Zeit eincher Mangel ist verspührt worden
1475 2544 2343 2653 Also ist solcheren Auch noch Setz die wult Voll¬
2086 2597 2402 2690 sagt, durch das
1457 2609 1950 2692 dann wie der Apostel
1479 2636 2411 2774 Leustels Neys tist der Todt,sund die Sindsin die
1472 2727 2357 2807 wilt gekommen, und die eines Theilshind Kelsfen
1475 2785 2398 2883 darzu, Und im Ouch der Weißheit 11. Cap. v. 24.
1472 2837 2424 2942 Sie werden nicht ablaßen, soldern das bohe befurde
1462 2905 2394 2993 helffen, so Lang dieses welt gebauw stechen wirt
1464 2956 2428 3074 Gleichwie aber gute Arbeit herrlichen Lohn Gibet
2120 3016 2148 3061 S
1469 3007 2345 3124 Also van auch wohl gesagt werden, dose arbet
1467 3051 2436 3175 gbt betrubten Lohn. Dieses thut mit vorbeygehund
1487 3131 2425 3245 Aller andern Exeniplen Auff diesen heütigen Tag
1483 3188 2406 3319 eefahren, jugenwertiger in oberkeitlichen Banden
1475 3245 2382 3383 Allsier vor Angenstachende übel Phäter, Nahmens
2148 3322 2430 3422 Serosme etc.
