3024 4032
363 636 449 705 162
338 646 1281 808 Hab er gebättet heyg. R er wuße es nit.
241 690 321 809 4
317 758 870 895 Ob er auch werchen könne
246 781 322 892 2
320 848 1291 952 ja, er könne schneiden, neme die sichlen in
323 915 1288 993 die rechtshand, er könnt mähen mit der sägeßen.
320 984 1296 1077 er trösche rechts, könne werchen eben so wohl als andere
332 1036 1297 1156 wo er noch mehr gesehen, also mit den schnaßdenman
236 1030 318 1165 A
346 1104 1290 1225 Es heyg neuer noch mehr also gemacht. Ein weltschen
251 1135 304 1199 N.
329 1174 1299 1296 bekenne ihn nicht, er fegg z kauß darf ghöuschen
253 1201 305 1282 6
245 1255 1059 1374 Den ob er ihne gschin habe also machen.
338 1333 1291 1465 Nein weder der Hanßi hab ihms gsagt, Erhieg
233 1365 307 1441 N.
331 1427 529 1514 ihn gsehen.
329 1492 670 1592 it lang es seygn.
245 1469 310 1567 3
322 1521 1074 1673 Etloann dreÿ Jahr an einem Sonntag.
255 1585 322 1667 4.
256 1638 780 1750 Dn ob er bey ihm gsin.
337 1660 1275 1807 In er heyg gsezt, es wöll zu den schaaßen
249 1728 329 1831 2
327 1758 1317 1885 und heyg sich mit einem weißen schaaßhinder
325 1842 1299 1943 den zanngemacht, der weybel heyg ihn gsehen
340 1899 1280 2007 und sey da einsmahls oben aben gspungen
335 1959 697 2058 und hab ihn guetet.
341 2017 1321 2147 Diesers ist also das jenige bramen, so mit diesem
317 2087 1309 2214 fleiden unerkannten könschen verrichtet worden.
303 2166 737 2285 Actum obstaht etc.
495 2267 1067 2423 Zloeytes ccamen mit
232 2364 1233 2499 Gristi dbt Butzer von Kaußdorff.
326 2477 1317 2601 Aber vorgefragens caamen mit diesem elenden
333 2553 1319 2678 Menscher ehrihtBuber von kauß dorf habend e
345 2627 1314 2743 gul der nohtwendigkeit zu seyn erachtet meinen hohe
340 2686 1314 2800 ehrten herren salz directoren müller aufzutragen
354 2748 1323 2871 mit zuthun merhl großloriböls und grichtschreibers den
320 2813 1312 2926 selbigen nochmahlen loogen deß begangenen unmenscht
335 2863 1321 2981 ihen lasers zu caaminieren, da dann dieselbigen mhulchen
353 2928 1314 3043 Den 27. dcembris 720 sich in die gefangenschafft verfügt,
354 3005 1185 3102 und ihne folgender gestalten questioniet haben.
382 3074 1185 3177 Wie alt und waher er seye, auch löie er heiße.
247 3068 365 3169 ege
232 3103 1306 3250 anklort er heiße Christin Bucher szuor sagte er benz sey
346 3196 1017 3313 außdorff dahrim sey 20 jährig.
2349 625 2456 729 163
1494 626 1996 758 Wie sein vatter gheißen
1404 662 1471 755 A.
1484 731 1639 815 Hans
1465 778 2445 909 Replicirt, er habe vormahls gsagt, sein vatterheyg
1485 859 1818 954 christi gheißen.
1424 920 2026 1046 Whi der Hansen seyg sein götti
1411 1002 2061 1116 B. Wie sein vatter gheißen hab.
1420 1067 2404 1198 R seinvatter sey langist gstorben, lanße mut
1447 1137 1955 1225 odrum bie er gheißen.
1413 1193 2425 1324 een whas er mit dem schaaf gemacht, so er an dem
1465 1262 2423 1394 zann anbunden gehabt, da fuwver ihne angefroßen.
1413 1340 2441 1452 Rh: er habs nit an dem zanm anbunden gheben, sonder
1419 1422 1472 1481 6
1486 1401 2460 1532 d einerstanden, er heygs in der hand gheben heyg
1474 1460 2315 1563 ihm laub ohin geben. heygnadist nut gmacht.
1400 1529 2171 1654 d ob nit im schaaß innen etlab gheben.
1423 1597 2100 1705 H janzeigte seines fingers lang.
1411 1661 1912 1770 e. was er drinnen gheben.
1968 1686 2226 1782 R soden
1414 1720 2304 1860 d ober nit den spiz drinnen gheben. R ja
1413 1809 1966 1916 H Warnen er das gethan.
1990 1827 2434 1914 obes ihne glset heyg
1461 1867 1924 1965 zmachen wir der wideren.
2003 1869 2184 1975 R a
1420 1942 1944 2039 l ob es ihne nit gkuzlet
2005 1949 2199 2055 H Wohl
1415 2015 2108 2136 e ob er damahls hab laßen gahn.
1419 2074 2005 2180 R Ja heygnit lang gheben.
1429 2135 2456 2263 den ob, da er den spih im schaaf innen gheben, es ihn damahls
1432 2217 1730 2309 akuzlet heyg.
1912 2226 2086 2306 Rl: Ja.
1434 2260 2212 2383 e ob erdann hab laßen gahn R ja
1419 2357 2008 2454 E: ob er noch mehr also gemacht.
2072 2356 2435 2461 R nein nüt mehr.
1431 2410 2280 2529 ob nit noch in deß Hansis Weyd so gemacht
1422 2484 1594 2561 R ja.
1435 2547 2299 2644 2: ob es ihn damahls auch gküzlet? R Ja
1434 2601 2411 2714 R. Was das für ein schnaff gsin in deß Weybels weyd
1425 2678 2203 2796 h Eis schwarzes heyg vier horner gheben.
1439 2738 2050 2853 e. Wie das in deß Hansis Weyd?
1431 2805 2455 2926 N auch ein schlarzes Heyg nur 2 hörner gheben sey ein
1486 2880 2067 2983 gleich gsin der bucht heygens gseyt
1420 2950 2449 3063 D ob er nit geloußt, daß es mit große sund seyt, wann
1487 3019 1796 3101 man also macht.
1896 3012 2092 3108 R. Nein.
1422 3066 2071 3170 t. ob er nit in die schuhl gangen.
1420 3108 2478 3243 he Jaro heyg im namen buch gelehrt, aber man heyg ihm
1482 3194 1751 3295 das nit glehrt.
