3024 4032
366 604 817 757 Joh. Jost Sulß
364 676 1136 821 auß dem Endtlibuch Luierner gebiets
222 795 1239 920 So, draußen zu Cappelen im Wuhrtshauß
243 881 1215 974 sich voll und voll gefoffen  darbey greüwlich
229 947 1237 1048 gefluchet und vollerweis ruchlose worth auß
218 991 1214 1110 gegoßen, ist neben scharpfer cenous mit
225 1056 1228 1185 dem eydt von ihr guden statt und landt
225 1117 1206 1243 vereiesen worden. Acium 3ten martii
210 1220 407 1321 4712.
381 1299 986 1459 Madee Müller
389 1412 520 1503 Von
223 1430 1244 1580 Ist als eine im s. k. hurenleben Vmbher¬
223 1527 1266 1636 lauffende unerbeßerliche dirnen, so zu ihrer
225 1589 1207 1694 tragenden unehelichen leibsfrucht einen
226 1659 1191 1764 frombden Papistischen Vatter er nambset
233 1721 1235 1831 ist zum anderen mahl mit demhöltzernen
218 1784 1242 1899 kragen zur statt hinaußgeführt und zu
226 1854 1275 1957 gleich von ihr gul statt und landt eydt
237 1911 1248 2035 lich verwiesen worden. Actum 9ten martii
244 2011 395 2098 1710
426 2128 1116 2271 anid Stauser
403 2249 838 2364 von Röhtenbach
229 2314 1287 2449 so michte wenner Frisching auff seinem
242 2403 1284 2534 guht zu Langnauw eingebrochen, auch an
243 2461 1257 2586 dere nächtliche und gewalthätige Einbruch
246 2517 1272 2642 und diebstähl begangen, ist zu seiner be
243 2590 1308 2713 straffung mit ruchten außgeschmeitzt gebrant
255 2646 1266 2790 zeichnet und von mr hhren statt und landt
243 2716 1244 2836 bannisiert worden. Actum 5tn aprilio
246 2822 406 2917 1722
2246 541 2360 651 13.
1538 602 2139 738 Anna Waßer
1688 696 2109 800 von Wallkringen
1410 716 2349 865 Ist wegen verdächtigen teür einlegens
1417 799 2377 931 bey der neüwen brügg, auch in betrachtung
1414 866 2341 983 es schon hievorinnen wegen begangenen
1418 929 2312 1042 diebstählen außgeschmeitst bannisiert
1427 994 2408 1109 und eydt brüchig worden nochmahlen auß
1417 1059 2412 1192 geschmeitzt und auß hntig bannisiert worden
1430 1138 2385 1244 Actum a6. aug den 12. ihme aber diß
1434 1200 1916 1319 mahlen nit intimiert.
1660 1285 2232 1438 Dictor Meyer der
1544 1391 2208 1525 Schloßer Burger allhier
1420 1490 2427 1621 Weilen derselbe des Cäuster Lang
1438 1566 2344 1689 Hannßen tochter einen trog geoßnet
1449 1635 2418 1760 übgigens auch schon mehrmahlige dieb
1437 1697 2413 1839 stähl begangen auch darumb abgestrafft
1453 1776 2407 1885 worden, sich aber nit mehr gebeßeret alß
1449 1817 2352 1964 daß er in diesem bösen leben vorthae
1444 1917 2394 2039 fahren, habend ihr genn nochmahlen
1457 1970 2388 2084 von dero statt und landtbannisiert
1455 2045 2145 2180 Actum 27. septb 1712.
1545 2214 2133 2372 Johanna Post
1534 2345 1722 2432 von
1447 2379 2354 2516 Weilen selbiges mit Hannß Blin
1454 2458 2442 2583 und Peter Gfeller sich im ehebruch ver¬
1458 2519 2362 2642 trabt ist laut oberkeitlicher ordnung
1468 2581 2391 2720 für drey jahr lang sydtlich von ihr
1471 2639 2387 2793 ju statt und landt gewiesen worden.
1471 2752 2082 2871 Actum 2. novembris 1712.
