3024 4032
149 2997 227 3108 E
144 3152 210 3254 R.
243 605 1265 752 halt sein Müllers Lohn für die sempche
246 710 1260 834 seyn sollen, Nach demes er nun von
243 767 1251 896 dem Buhler lange Jahr nichts bekomen
231 833 1221 978 habe Er vor engefahr 3 Jahren die
240 929 1215 1029 Obligation verkaufft, da dann die
231 991 1254 1103 Leuth so selbige erhandlet, den Buhler
234 1051 1253 1164 Angefangen zutreiben, deß wegen der
241 1112 1231 1232 Bechler Ihne Müller gescholten und
225 1202 1218 1305 gedrauwet die sach außzubringen,
221 1274 1261 1364 Worauff ihme Müller Angst worden
226 1338 1265 1439 so daß er dem Bühler einstuck gelt
229 1398 1267 1507 geben, daß er Ihme den Botzen stemp¬
241 1460 1241 1578 fel wider einhändigen, darzu schweigen
236 1547 1267 1645 und Ihne widerumb entschlachen solle,
239 1597 1271 1729 mit versprechen, daß er dem Lühler
233 1677 1237 1804 auch seine obligation ohne entgelt
237 1748 1236 1878 Aiderumb zur hand stellen wolle
239 1854 1272 1948 Als aber er die Obligationnicht al¬
231 1898 1230 2023 so bald widrumb zur handbringen
240 1981 1209 2096 und dem bühler zustellen können,
233 2065 1255 2174 habe derselbe ihn biderumb auff ein
217 2129 1260 2252 Neuwes gescholten, und gedrantet
224 2211 1225 2323 die sach auszubrungen, deßttegen
232 2279 1276 2399 er ihme Abermahlen ein stuck gelt
225 2362 1260 2480 sambt seiner Obligation geben, daß
229 2426 1251 2558 erschloeige, und die sach außmachen
237 2504 1254 2625 Also das er in beiden mahlen dem
236 2565 1237 2701 Rühler (Ohne die 30 lb so er ihme
245 2641 1231 2758 entlehnt) nach 31 thaler geben, Es
229 2726 1237 2845 habe zwar der Buhler versprochen
250 2762 1249 2912 nach seines schmächers tod ihme 50l.
231 2871 711 2979 zu restiticieren
249 2974 1250 3109 Ob er nit begehrt, daß mann ihm wehre
250 3077 423 3172 gieße.
258 3122 1281 3253 le habe von dem Iungold, als er seinen
229 3205 1216 3317 knecht Gein begehrt, daß er ihn solle
221 3256 1217 3409 lehrnen Beschlecht und fahil Schloß
237 3389 458 3480 Zießen
1043 3374 1303 3479 Di Ob
2333 596 2396 683 3
1336 627 2430 745 2 Ob nitein gewūser Herr von Basel
1420 708 2430 805 offtmahls zu ihme kommen, und was
1432 773 2378 880 derselbe bey Ihme zu thun gehabt.
1435 835 2364 985 die sach mit dem Herren von Bahel
1328 851 1416 992 R
1429 933 2413 1051 verhalte sich also: Es seye zu erst der
1426 1006 2445 1122 Andres Zimmermann von Thieracheren
1423 1071 2439 1197 zu Ihme komen, und Ihne bey hauß
1429 1152 2427 1250 abgeholt mit berdenten, daß ein he
1423 1215 2444 1327 von Basel sich im wihrtshauß zur Su
1432 1279 2419 1376 deron befinde, und mit Ihme Reden
1433 1364 2454 1453 wolle, Als er dahin komen, habe der
1420 1420 2460 1519 herr von Basel, deßen Namen Haūß¬
1432 1501 2461 1600 mann seye, ihne Gegen einer Spring¬
1430 1553 2398 1673 wurtzen gefragt und ihne ersucht
1417 1644 2398 1752 zutrachten daß er eine Zur hand
1430 1691 2430 1822 bringen könne; Emnche Zeit hernach
1421 1798 2360 1901 habe er Ihn Abermahlen nach
1441 1855 2437 1967 signauw zum Jären beschickt, und
1432 1928 2436 2043 ihme widerumb von der Spring laur
1438 2009 2455 2141 en geredt mit versprechen, 20000 thale
1451 2081 2472 2202 und mehr zugeben, bann er einen
1438 2154 2431 2284 bekomen könne, habe ihme auch et¬
1435 2236 2422 2365 liche mahl deßwegen zugeschrieben
1430 2316 2451 2442 darvon er noch ein Brieff daheim in
1412 2409 2462 2508 seinem Trog habe, Zween brieffen aber
1427 2476 2436 2574 habe er ihm vneröffnet widerumb
1417 2553 1925 2652 Zzuruck geschickt;
1997 2566 2457 2691 iser Hauß¬
1435 2629 2398 2764 mann von Basel nun seye zum
1426 2699 2444 2814 Drittenmahl und deßen sohn ein¬
1438 2777 2456 2899 mahl zu sein Müllers haußkommen
1434 2841 2456 2965 und Ihne alwegen vmb dise Wur¬
1429 2920 2440 3044 zen ersucht, mit verdeuten daß sie
1432 3001 2452 3115 selbige zu darinstat brauchen wolle
1445 3073 2440 3179 Alda ein Schaz, über dem eine eier¬
1432 3136 2427 3228 inethuren im Boden vergraben
1429 3210 2428 3295 deye, und habe ein Geist, so selbigen
2190 3330 2458 3422 er- etc.
