3024 4032
395 667 1288 854 Caspar Sering
498 779 1114 931 Von Stäffisburg
523 874 776 984 Vergicht
202 941 1253 1094 Nach demme CCaspar Pripg von
230 1042 1276 1144 Späsis Burg seines Alters bey funst oder
223 1109 1242 1233 sechs und zwantzig jahren wegen vere
228 1172 1253 1286 übten diebstahls und vermeßenen Brandt
225 1241 1248 1355 treüwens drunden zu Buchegg in verhafft
208 1300 1254 1433 gezogen, daselbsten examiniert und über
228 1373 1246 1488 gethane bekandtnuß von dem underRich¬
222 1433 1218 1569 ter zu Atigen malesiti erkannt. Ist
221 1503 1194 1636 selbiger darauffhin krafft der mit loben
231 1571 1255 1675 standt sollothüri außgerichteten verträen
228 1643 1230 1761 gen. allhiesigem hochloblichen standt
216 1718 1235 1835 Bern wegen der enden habenden hochen
219 1776 1252 1897 gerichtsherrlichkeit mit leiband giht zu
228 1833 1226 1934 erkennt und durch den Freyweibel von
212 1892 1234 2004 kindelbanck zu oberkeitlichen banden
225 1967 1240 2083 gewahrsamblich alhar gelieferet worden
212 2016 1231 2150 Da dann volgends dieser spring auß
231 2094 1256 2223 oberkeitlicher Verordnung anfengklich
226 2165 1239 2287 durch muherren rahts herren Frisching
210 2248 1251 2385 nachwehrts auch durch muhhren generalen
232 2299 1230 2434 und rahtsherren tscharner mit zu thun
201 2366 1263 2521 ihr gnl Dieneren her Großweibel im¬
229 2438 1234 2574 Hooffs und grichtschreiberen Wyttenbachs
219 2501 1279 2633 Den 4 und e4 martii 7 a 26 und
224 2566 1244 2703 2osten aprilis dieses 27 N44: jahrs mndt
228 2640 1249 2781 also zu verschiedenen mahlen und zwar
209 2695 1270 2861 erstlichemr ernstwöhrtig hernach aber auch
232 2756 1267 2917 peinlich mit einfach und schwahrer Marter
233 2832 1270 2968 über die auf ihne bekandten und verdäch¬
218 2888 1269 3035 tigen diebstähl und gefährlichen brandt
221 2976 1246 3105 treüwens, Crafft oberkeitlichen befelchen
213 3048 1227 3186 examiniert und endtlich volgende be
236 3120 1195 3259 kandtnuß von ihme erhalten worden
1007 3260 1243 3373 Vndt
1352 2583 1395 2667 3
2195 579 2336 698 62.
1425 688 2390 817 und zwar erstlichen seine ellteren belang
1435 768 2396 882 end, so habe sein vatter Hanns Spring gebühr
1423 820 2346 942 tig von Stäsisburg vor diesem zu olten
1434 886 2329 999 sich zu der Papistischen Religion begeben
1437 950 2354 1052 und sich im sollothur nischen verhenrahtet
1422 1009 2387 1112 Er Caspar Spring aber seye im Lucerner
1439 1063 2379 1171 gebieth gebohren und zu auffhausene
1430 1135 1796 1242 taufft worden.
1425 1174 2380 1300 Ansehand dann seine Auferzeuchung
1441 1260 2380 1382 seye Er anfangs mit seinem Vatter und
1435 1317 2320 1437 als der selbe zeitlich gestorben mit der
1433 1387 2375 1504 Mutter ein Zeitlang im Bättel umbherge¬
1439 1447 2390 1557 zogen bey seinen etwas erwachßenen
1597 1528 1656 1579 ber
1436 1497 2371 1619 tagen, habe er drey jahr lang zu Sollo¬
1443 1556 2391 1693 thurn im wührtshauß zum prentz ge
1447 1650 1621 1743 dienet.
1432 1710 2404 1841 Nach der zeit seye er mit denen drun
1437 1779 2392 1904 den zu Arburg hingerichteten allenfrid
1441 1839 2389 1961 Ein und Schuethoni, wie auch dem Roht
1450 1897 2371 2018 Geyger in bekandtschafft gerahten und
1456 1950 2374 2046 mit und neben denen selben, volgendt¬
1455 2014 2381 2133 diebstähl hin und wider verüben helsen
1459 2077 2388 2227 Alß erstlicher zu Schonenwerth Allda
1448 2158 2403 2283 der Allenfridlin der Schuthoni Er Spring
1450 2224 2421 2349 Caspar Wie auch das Barbli Mooser, nacht
1459 2294 2409 2426 licherwyl, in des Pfasten Kellergebrochen
1450 2345 2430 2476 und auß demselben ein gantzes eingefaltze
1459 2402 2388 2510 nes schwein 60 lb ancken 7 leiben
1457 2478 2393 2603 Brodt 7 citronen und wein gestohlen
1456 2579 2409 2712 Jenne und zum Anderen habe Er mit
1454 2640 2371 2773 zithun des allenfridlib schuethönis,
1431 2694 2442 2827 so zu arburg hangen auch des so genanten
1450 2752 2406 2901 Rohtgeygers, im Licerner Gebieth, zwü¬
1452 2811 2361 2982 schen cammersfählen und altershoffen
1471 2874 2439 2998 nachts ab einer Speicher lauben 2. Jurils
1465 2945 2377 3094 und ein jeder von ihnen 4 hembder
1464 3051 1726 3150 geraubet
2224 3108 2319 3197 3
