3024 4032
239 668 302 755 s
353 706 1260 804 nervos epticos oder gesichts nerden
351 764 1272 866 sambt underschiedelichen Blutgefäßen
363 826 1269 925 durchgeschnitten, ja selbsten die sub¬
354 886 1248 970 stantiam Corticalem des Gehirns in
353 939 1290 1023 Welcher die Lebens geister gezeuget
369 999 1241 1086 werden und die ventriculos secebri.
357 1051 1245 1146 biß an die Calvariam welche annoch
355 1111 1208 1210 marquiert worden, durch getrungen
383 1166 1274 1273 annenhero eine urplötzliche Blut
353 1235 1265 1329 stürtzung, deren durch keine Mensch
366 1287 1278 1410 liche hulff noch kunst gesteüret werden.
360 1359 1277 1453 den können, entstanden; die sich in eine
347 1423 1236 1520 Apopleaiam Sanquinolentam et
357 1478 1260 1573 violentam geendet, und volglich der
357 1537 1253 1651 blessierte nohtwendig todtes verblei¬
353 1599 1275 1695 chen müßen: Welchem nach auch, das
351 1668 1281 1765 sambtliche Collegium Insulenum auß
360 1726 1273 1822 gehaltene umbfrage einmichtig ge¬
350 1780 1278 1882 schloßen und erkennt. Daß diesere
344 1846 1289 1931 Letstere wunden allein perse, timpli¬
366 1902 1190 1987 iter et absolute tödtlich gewesen.
346 1964 1275 2059 Welche Retation und declaration also
343 2024 1266 2126 er gnn hinterbringen sollen. Actum
341 2093 873 2200 47: Januarii 1719.
478 2164 1256 2294 Hochgeachte gnädige herren
520 2262 786 2386 Er gnl.
628 2387 1203 2496 In namen des Collegii
613 2468 1247 2564 Iusulani underthänigst¬
740 2525 1251 2634 gehorsambster diener
731 2610 1284 2703 Martinus Bogdan 131.
767 2678 1244 2783 Secret: Insulanus.
350 2767 1308 2884 Nachdeme diesere gegen wehrtige In¬
341 2844 1100 2935 formation mughe den rähten den
343 2893 1278 2969 Febrii 1723 durch dero Dienere Herren
358 2947 1268 3032 Großweibel und gehoos und mich dem
358 2992 1278 3086 grichtschreiberen vorgetragen und von
359 3038 1314 3138 wohrt zu wohrt abgelesen wworden. Habend
338 3093 1274 3201 mrghren die raht nach reisfer erwägung
358 3161 1287 3250 aller umbstanden, und auf vernommenen
1064 3207 1239 3319 Bericht
1344 1767 1478 1843 Informa¬
1361 1813 1435 1873 tion
2334 631 2391 715 16
1478 703 2413 803 bericht, daß der thäter flüchligen füeßge
1470 757 2415 846 setzet, erkennt: daß über diesen trauw
1490 821 2406 909 eigen cadum drey offentliche landtagen
1484 868 2429 955 angestellt und zwar der 4 und j landt
1472 920 2412 1010 tag auß einen tag, namblichen auß zin
1469 991 2408 1082 stag den 31 januarii 1779 gehalten
1491 1045 2436 1149 und nach dißmahl üblicher form verführt
1462 1108 1870 1206 werden sollend.
1462 1179 2429 1305 estalten darauffhir zinnstagsden
1478 1261 2399 1376 31 januarii a1n3 mr gen und oberen
1468 1329 2432 1439 räht und Bürger Morgens umb 20 Uhren
1487 1390 2432 1484 in der großen stuben auß dem rahthauß
1472 1438 2366 1550 versamblet und durch mehhr ambts.
1474 1501 2438 1603 Schultheißen die Ursach dieser versaml
1494 1556 2433 1652 ung und warumb es zu thun seye, kartz
1483 1617 2404 1724 lich angezeiget darauffhin durch mich den
1487 1670 2424 1776 Grichtschreiber die eydtlich auffgenomene
1480 1728 2384 1823 abgelesen worden, und als solchem nach
1486 1777 2435 1892 Mochn Renner Tillier, als jüngste Hre enner
1493 1838 2433 1942 in die mitte der großen stuben getretten
1480 1890 2426 1986 und wider den thäter das recht begehrt.
1480 1938 2427 2060 Ist daraufhin nach beschenen offentlichen
1493 1997 2421 2112 küeffen der ersten und andere landtag
1489 2058 2415 2173 nach der dem dißmahligen Stylo gemas
1493 2126 2418 2218 eingerichteten und von mr ghen den rähten
1489 2170 2444 2278 zuvor guht geheißenen form Consecutive
1484 2219 2450 2327 Vollführt, und Weilen der Thäter Albreche
1491 2288 2396 2376 von Wattenwyl weder ain Ersten noy
1483 2340 2385 2435 anderen Landtag nit erschinnen; dar
1490 2400 2336 2491 auf von Mn Gh raht und Burgeren
1480 2441 2400 2534 Erkennt, und durch den weibel auß
1494 2502 2401 2613 dem rahthauß offentlich außgeruffen
1501 2579 1679 2645 worden.
1472 2633 2422 2763 Wer den Thäteren Albrecht von
1483 2712 2410 2809 Wattenwyl sechen und antreffen
1492 2753 2447 2868 wirdt in statten oder dörfferen in
1485 2822 2432 2933 Holtzeren oder Wälderen zu Waßer
1498 2888 2435 2997 oder zuLandt, oder woes imer seye
1480 2946 2430 3048 ihme verfhunden solle, daß der Erst
1492 3013 2427 3105 und andere Landtag umb den Tot¬
1487 3065 2428 3181 schlag, den er an hein albrecht müller
1490 3123 2397 3247 begangen, auf heut offentlich ge¬
2181 3178 2404 3254 halten etc.
