3024 4032
131 618 219 702 16.
136 696 235 819 17.
147 802 228 883 2d
163 972 261 1067 19.
153 1421 265 1548 20
169 1876 289 1952 21
160 2267 277 2364 22
179 2410 294 2538 23
265 588 1283 752 Habe er eine Stundt oben für Burgdorszwey Schaff
284 679 484 797 bey del
808 681 1252 796 zwey Schaaff, und
284 769 649 862 zu Niderlindach
806 770 1266 890 Ein schaaff entwendt
306 846 641 953 und gemetzget
299 924 1266 1033 zu Waberen habe er einen jungen stier gegen
308 985 1275 1097 unbrechendem Tag ab der Weydt genomen selbige
315 1045 1278 1164 indan auß in einer Matten vor der Statt ge¬
300 1112 1266 1216 meyget, und das fleisch in der Statt verkauffen
305 1177 1281 1294 laßen, darvon er aber nur 12 thel bekommen
304 1254 1274 1368 Weilen des Balßigers weib und Ein Maydtlin
300 1315 867 1431 das übrige geldt behalten.
298 1423 1267 1542 Habe er auch dem Peter Hoofer geholffen zu
316 1501 1269 1607 camblon der 6fferten zwüschen tag und nacht
319 1566 1274 1685 Vier Schaaff auß einen Stallstehlen, darvon
318 1643 1255 1762 Aber der hoofer ihme für seinen antheil mir
329 1729 627 1840 40 bz geben.
317 1799 1282 1928 Als er verwichenen Winter einahr seinemge
327 1891 1259 2001 habten Mstr dem Wähetli geholffen im schloß
324 1948 1297 2092 Reichenbach etwelche (h h schwein und einkuhe
335 2027 1255 2172 netzgen, habe er damahlen bey 4oder 5. lb.
334 2118 1005 2237 unschlitt von der kuhe entwendt.
327 2174 1290 2350 verwichenen herbst habe er 2 stundt hiehar St da
334 2303 1005 2424 N: zimerne Landten genomen.
333 2411 1286 2551 Seye er mit zuthun des GJohännis ohnlangsten
334 2476 1285 2627 im mahetshauß zu Gumennen, des nachts auff
337 2576 1280 2700 einer leiteren ins obere gemach gestigen und
341 2613 1293 2757 darauß 2. dackbett sambt den ziechen, und eir
338 2732 1291 2846 Stuck von einem vmbhang genomen, Welches
333 2788 1294 2960 zeug sie alhar in die statt getragen und eine
335 2867 1167 3025 schnemacherin umb 87 bz verkaufft.
2223 631 2361 771 6
1548 703 2276 845 Janns Baumann
1460 832 2362 938 Außem Bucholterberg der Kilchöri dieß bach
1583 887 2228 977 von 36 biß in 38 jahren act
1470 963 2405 1111 Welcher wegen geführten liederlichen läbwesens
1470 1060 2403 1172 und darauff gehabten geldtstag in welchem seine
1447 1129 2424 1240 Cxeditoren verlürstig werden müßen, auß der herr
1449 1186 2106 1300 schafftn dieß sach verwiesen worden.
1398 1292 2421 1439 Ist wegen eines im verwichenen a714 jahr vor
1453 1394 2404 1508 gehabten Roß diebstahls zu kersrly angehalten i
1448 1448 2439 1566 allhieige gefangenschafft gebracht, daselbsten examinicit
1476 1525 2423 1638 und von shr gush in daß Schallenwerck zu Schmieden
1442 1584 2435 1682 erkennt worden. Nach demme aber volgends der
1469 1646 2427 1751 entwichene Burcki in verhafft gerahten und in seiner
1454 1707 2429 1812 gethanen vergicht angezeigt, daß diger Banmann
1453 1775 2438 1874 an dem zu Montin Lacoste Mechh Venner Wur¬
1468 1844 2418 1947 Temberger beschechenen diebstahl auch antheil ge¬
1466 1910 2425 2010 habt, auß dem Schallenwerck widrumb in diege
1453 1979 2405 2097 fangenschafft tranoferiert worden, da er dann in
1467 2044 2421 2154 denen anfängklich durch er urt dieners mahen
1445 2122 2413 2236 Großweibel und grichtschreiberen den 16. martii
1454 2184 2436 2306 Den 8ten und 12. aprilio mit ihme gehaltenen güet
1454 2258 2417 2380 lichen und darauff durch machren rahtsherren und
1443 2325 2412 2455 Eaaminatoren Engel beyseyn vorgemelten ihr
1451 2403 2420 2529 Aul Dieneren den 26. dcto, verrichteten Peinlichen
1454 2485 2386 2606 Aamen bekennt und an der Marter erhalten.
1478 2586 2432 2701 aß als er sich verwichenen sommer in lacoste auf
1462 2656 2445 2773 gehalten, habe der Burcki sihme Banmann Angen
1451 2730 2436 2844 zeigt und gesagdt, er wolle in einem hauß zu Mont
1476 2799 2424 2926 unbrechen, seyend darauff des nachts gegen e0
1457 2874 2397 2996 Uhren mit einanderen dahin gangen, da habe
1453 2941 2424 3065 Der Bürcki am Eggen eines felladens gebohret und
1469 3019 2412 3141 in das hauß gebrochen, ynzwüschen er Banmann
1456 3093 2412 3208 obenfür dem hauß in einer gäßen gewahrtet;
1464 3159 2341 3286 Wie der Burcki Widrumb auß dem Hauß¬
2241 3258 2403 3369 kommen
