3024 4032
260 2871 314 2977 6
281 588 1279 747 Wolchen Puncken Er so wohl in Ansehen die
359 693 1267 817 persohn als der zei und des ohrts mit
351 768 1300 900 ngeeschiedelichen variationen angezeigt,
377 863 1293 1024 daß vor ohngefahrdt 3 in 4 wuchendie
219 904 380 1035 6
366 972 1271 1085 Granadierer sein camerad und er zu
362 1049 1294 1172 Fraulobrunnen mit einanderen abgeredt
363 1114 1284 1241 n Grane holtz den durchreisenden auff zu
354 1186 1302 1328 spaßen gestallten sy harauff abendts haben
337 1262 1295 1399 sich ins graulholtz begeben, einen zu ihrem
347 1340 1285 1479 vorhabten bagnkomen ohrt außgeschor und
370 1423 1274 1551 entschloßen allda zuwahrten biß auff
352 1500 1274 1643 die nacht und schaulden ob gemandts komme
371 1582 1274 1726 der das ansehen habe, daß etwas bey ihm
364 1658 1266 1796 anzetreffen seyen, dadann sy nicht weit
370 1755 1289 1883 son der straß in einem busch eine stund lang
364 1823 1269 1967 gewartet, Seyen aber mur Baulorleüthe
360 1903 1281 2033 vorbey gangen wenen sy nichts thun wollen.
334 1986 1314 2105 Damallen habe sein camerad einen arladen
349 2057 1288 2195 sack Bonfferl fulter und kugler Wierech
366 2128 1305 2279 ein baionet, er Burth aber eine schaufflen
361 2211 1259 2362 ein hackle oder viel ein bstecke meßer
348 2290 1293 2425 sambt noch einem anderen spitzigen meßer
357 2369 1249 2510 so er darzu gebrauchen wollen bey sich
352 2447 1263 2597 gehabt der schonfflen haben sy sich auff
357 2535 1274 2658 angeben seines Cameraden bedienere
363 2605 1298 2749 Wollen zum eingraben, Wann sy jemandts
337 2707 723 2836 umbgebracht.
354 2796 1272 2996 Alß er gueth nach dem hinlogscheiden
352 2931 1276 3054 des granadierers seines cameraden
355 2990 1305 3138 don von dasell kommenden herren in einem
358 3059 1288 3220 Caislin sambt dorbey gehenden Fulß.
338 3138 1274 3292 knecht auff der straaß angetroffen, sage
349 3220 1282 3361 er denselben anfängeklich biß nach jegen
346 3258 1285 3461 storff und von dannen biß ins grauwholz
1057 3333 1291 3465 gevolget.
1413 1731 1464 1866 2
1413 1930 1487 2055 9
1411 2341 1473 2444 8.
2262 612 2428 747 109.
1498 640 2365 796 gevolget, All da in dem wahs er dem knecht
1520 750 2416 880 hind errucke mit dem Bielin ein streich auff
1512 816 2404 920 die achßel und einen anderen neben an halß
1526 880 2406 996 gaben darauff ins haar gesprungen ihne zu
1533 942 2401 1055 boden gelorffen, also daß er auff den knecht
1520 1007 2415 1127 zuligen kommen, wie nun der knecht umb hülff
1514 1076 2441 1192 gernffen habe er demselben die hand auffemaul
1505 1134 2433 1260 gehalten der knecht aber ihne in zinger gebißen
1484 1210 2399 1316 und irn ingehilt verklatzt, auff das hin der
1498 1273 2400 1383 herr auß der chaize lerauß kommen mit dem
1513 1336 2372 1449 dagen ihne über den kopff geschlagen und
1510 1406 2402 1526 gesagdt du er dambler keren vas macdstu
1485 1482 2378 1596 Weilen nun er guht verent, er seha noch
1514 1544 2397 1663 gemandte mehr auff der straaß deber komen
1519 1614 2399 1746 habe er mit hindarloßung seines zuets eines
1502 1692 2402 1808 Schue vnd das bielins dnoch den Wald hinein
1507 1770 2078 1881 sich darson geracht w
1519 1870 2403 2030 Ware ed auch bekantlich, aß er gedacht der
1519 1981 2417 2101 Herr seye ein alter mann wann er einmahl
1528 2050 2394 2160 mit dem knechtfartig, wolle er den herreil
1515 2120 2376 2252 in einen busch führen und auch bald mit ihme
1523 2199 1829 2318 hirtig seyn
1517 2287 2358 2443 edtlichen beknnte Er daß damallin als
1524 2393 2413 2513 er mit dem knacht im werck begriscfen gelsen
1509 2466 2381 2587 er wegen vollheit vergeßen sein spitziges
1489 2532 2404 2674 Mößer, so er in der taschen gehabt hersorgezichen.
1478 2649 2421 2813 Dieses ist also das jennige so dieser Jacob Kirth
1514 2743 2390 2877 theills freywillig, theillo, dann auch an der
1486 2824 2437 2947 Marter bekernt. Actum vorstath .
