3024 4032
1001 649 1282 804 a
749 715 817 806 5
257 740 1257 878 Die geingen verhörten kandtschafften, so vohl mann
224 831 1256 942 Alls weibspersohnen nochmahlen in hrer außtagg zuvor
223 887 1237 1013 nemmen und dar auff mit würcklichem Eÿdt zu belegen,
230 970 1279 1095 Als sind zu gebührender volgleistung angezognen ihrgt
229 1044 1255 1184 Sofelch, alle dieselben kundschafften, auff zu endt ge¬
230 1147 1265 1260 meltem dato nochmahlen, bescheiden, und denenselben dero
220 1217 1264 1339 gethane außsaagen vorgelesen worden, Welche dann auch
233 1300 1276 1423 selbige sambt sienach volgenden zusätzen mit einem Corper¬
239 1387 658 1515 lichen eudt bestahtiget.
190 1520 1261 1674 Deisabet aggi Selze aut dißmahl Ihrer Außsate
250 1618 1252 1715 nochbey. Daß der habals zu dem fluß gesagt )
257 1697 1259 1828 bitte dich sammel fang jetz frey mit an, es möchte onst
257 1773 1264 1886 ein groß unglück geben, sich will die garn ain ander
250 1848 685 1974 mahl ein halbe kauffen.
218 1938 1273 2079 Luc wig etter füegse zu seiner ausjaag. Er nimmr
244 2030 1284 2165 sich noch, daß der Habald zu dem fluß gesagt, er solle halse
254 2120 1060 2246 reden, sonstmöchten die leüth sie außlachen.
164 2201 1280 2327 Werners habe der pluß den Stoß dem Habold auff die keist
243 2278 1285 2397 geben und als der pluß hinweg gehen wollen habe erge
247 2359 1109 2485 sagt, Ich wolte daß du das genick eingeheitest.
823 2440 914 2570 1
255 2464 1275 2646 anis götti sahte seiner außsaagden, E habe de
583 2591 617 2617 1
273 2578 1275 2686 fluß den Habald bey den armen gefaßt, umbgekehrt und
265 2669 834 2771 ihmme ein stoß auf die brust geben.
240 2758 1288 2892 Beath Lußwige Hißen der Steinhauwer zeigte in bistahli
265 2843 1285 2951 seiner außsaag mit der hand, wie daß der pluß dem splo
255 2892 1278 3049 den stoß wohl oben an die brus geben, so zum theilan da
259 3026 604 3129 Achßlen gangen,
238 3079 1297 3228 Barbara Welß erleütherte in ihrer außsagg die
260 3139 1285 3324 ambstand, daß als der fluß zu Obrist auff der Kellerstage
245 3190 1303 3390 sich befunden, abe er gurich gelugdteund damasten dar
259 3270 1303 3485 gesagt, gang du kätzer ich wolt daß du das genüken igfee
2178 596 2300 710 96.
1367 669 2373 796 Asr Sammel Eggemann sagte auch daß der fluß zu
1408 728 2345 857 ohrist auf der kellerstägen gegen gemand geredt und
1403 796 2403 923 ihm vor beygehen hinab in Keller gelagdt und gesagt, du 8 k
1399 865 2281 986 gundts ete es schadt die mit es ist dem verdienter lohn.
1366 993 2403 1126 Asbeth Gär Wer sekhe sinzu, der pluß habe noch gesagdt
1382 1068 2257 1183 Dusundtse. Ich vill die einest den lohn gebene.
1391 1207 2387 1360 Sammel nohtiger füegte bey, daß der pluß die wohrt er
1415 1296 2364 1428 Wolte daß dem Habold daß gennk brochen wäre, gesagdt,
1405 1375 2376 1511 ehe er gezeug mit ihmme geredt und auch selbige sernach noch
1412 1451 1738 1551 einmahl widerholt.
1411 1545 2402 1702 JJohanna Bernhardt bestähtigte, gleichfahr ihre vorge auß
1397 1650 2393 1775 Jaag mit beyfüegen sie glaube, daß der Haußler so allermase
1408 1729 2404 1861 bey den steinhauweren geseßen zu dem fluß gesagt sie wollen
1409 1801 2009 1919 seine schelmen sey der wacht dulden.
1372 1930 2391 2074 Jacob Haußler der Todtengräber Jacob Schutz und Anna
1407 2021 2386 2139 Maria Keller confirmierten ihre vorige außsagen ohne
1413 2089 1663 2194 einichen zusal.
1406 2168 1762 2306 Actum vortahtl
1414 2324 2367 2440 ochdeme nun dasmit ihme flüß obbe¬
1429 2421 2383 2505 schreiben baamen, sambt der aufgenomnenn
1424 2469 2353 2574 information müghly und oberen käht undt
1428 2519 2384 2624 Biergeren vorgetragen worden habend die
1428 2574 2370 2688 selben in behertzigung eint und anderen
1428 2632 2386 2737 umbständen erkent undt gesprochen, daß
1424 2696 2379 2805 er Sammel Plüß wegen dieser seiner be-
1414 2751 2382 2858 gangenen missenthat für Eloig von Mryhl
1442 2819 2370 2908 und oberen statt und landen eydtleich
1418 2877 2398 2984 verlorisen werden solle. Act coram 200
1425 2952 1832 3048 den 2. octembris 1714.
