3024 4032
377 654 1281 793 been und ketren, sunft batt leb gewassen
371 730 1276 873 hab auch zuetmelen zu Solttuchen und zu
345 811 1271 952 Rangentahl materi zum gelt machen gekauffts
343 882 1251 1020 Dem seynn sie beide saben schilt und zahnd
357 967 1290 1099 darbey gsin und habind zugesehen, da ed Gufer
356 1031 1255 1179 zu Nieded, loschen die abbrneke in das lähelin
336 1129 519 1246 gemacht.
328 1147 1296 1332 N. Hat nachsorts den 28n jannari 18 21 den
342 1255 1284 1404 Görg hofen deß geotwachens halb entschlagen,
345 1341 1268 1472 und bedeutet, daß er voad nit zugegengstig
344 1413 1322 1556 da deßen gemacht worden, durich vag dem faltsen
333 1505 1054 1630 gelt von dem Gufed empfangene
338 1579 1306 1734 von obigen faltschen gelteren, so der gufer gemacht,
336 1665 1278 1807 habe vr iher schillli anfänglich   und
341 1747 1267 1876 Nachsorek, als syr sollee gefangen werden, nach
346 1814 1262 1956 ein ganerd naguer alles in Cümbb bleren
346 1884 1291 2037 ungestelt. Darvon es eine anzahl selbsten, die
342 1959 1317 2094 übrigen aber durch das Babi zeheder von meiten
327 2041 1321 2191 hrn und her in stätten und dorfkeren debitiren
342 2112 1274 2263 und verweihrlen laßßen, auch das verbecholete
342 2202 1137 2354 gelt allwegen mit einnanderen geteillt.
335 2294 1281 2462 endtlichen habe es schelt Babi am Mley murit
328 2397 1296 2555 Ad 112 ß. huElach mit Adannheltes einem
347 2489 1294 2626 Hermat, wosen glaß wräger fleischliche gemein,
335 2567 1286 2698 gschafft getrieben, darvon er pfoanger zu seyn
359 2665 553 2776 Vorgeben
297 2731 1315 2896 Die ad ist also die eige bekennt auß sönn deshie,
330 2837 1314 2959 denen mit diesen buli schalt gehaltenen war,
325 2903 1152 3034 iminibus von ihme erhalten worden.
1343 591 1446 679 195
2400 530 2457 598 77
1567 549 2280 714 Hanns Gurg Hosens
1488 630 2483 810 Deß sogenammten dolst mletzgers von Habli sy
1514 761 2002 910 Suorfe gebührtig
1649 837 2418 997 Baul aush und Vericht
1396 952 2457 1125 Aachs mir diser Hanns Buor sofer
1482 1075 2440 1211 sonst rtoht metger genant, seines alters bey
1484 1133 2492 1276 32 jahren von Jagli grbührtig seit des zib da erd
1485 1215 2466 1352 auß der Tueckschen peleveren zueie allhero
1481 1284 2489 1427 wilderumb ind land kommen nicht allein von dem
1494 1354 2485 1496 r landshat mit dem strang uingerichteten land
1473 1431 2503 1553 Linder und dem diß mahlen allhied in oberkeith
1488 1502 2484 1646 bander sich befindend din sabe stilt einicher statthero
1490 1591 2496 1707 begangener diebstahlen beklagt, sonderen von dem
1474 1659 2490 1787 Retsteren deß mit dem aufer vorgenommenen
1488 1738 2499 1866 faltsch vlunt und habb beschuldiget und des senen
1489 1810 2507 1952 auß ler gal vorgefehrten anstalt zu Pieter,
1490 1890 2446 2030 ilen in dem bishaff Barler gebitt vernommen,
1498 1977 2490 2106 daselbsten angehalten, verbamiert und gewahr,
1492 2049 2493 2186 samlich allhero zu üoberkeith  banden gebracht,
1499 2128 2507 2275 Volelic durch Mlichsn salsteherren Mlutart
1491 2199 2491 2345 als hierzu verordnetem caaminatoren wie auch
1493 2271 2496 2431 glr gul dienert mirthl Groß weibel im
1487 2341 2505 2500 Hoff und den grihtswreiben zu deruen under,
1491 2447 2435 2587 schiedlichen mahlen den 10 28 januarii
1499 2520 2472 2660 und 10 februarii 1721 anfangs güetlich
1493 2588 2517 2745 und nachwaerts mit antwend ung des kähren und
1487 2651 2483 2800 einfachen streibi examiniert worden. Ald
1498 2736 2517 2895 ist endtlich nachbeschriebenen vergicht und bekannt,
1492 2810 2216 2963 nuß vor ihme erhalten worden
1487 2919 2508 3068 Und zar lestrich seine zr Grörg Hofer und erd
1487 3014 2506 3140 zweizen mahlen allswo und schallenwerck geweßen.
1511 3074 2230 3198 und vatterlich abgestrafft worden.
1481 3148 2480 3302 . Daß feste mahl e 171 wilenso mit dem
2171 3233 2355 3365 dentlerd
