<?xml version="1.0" encoding="UTF-8" standalone="yes"?>
<PcGts xmlns="http://schema.primaresearch.org/PAGE/gts/pagecontent/2013-07-15" xmlns:xsi="http://www.w3.org/2001/XMLSchema-instance" xsi:schemaLocation="http://schema.primaresearch.org/PAGE/gts/pagecontent/2013-07-15 http://schema.primaresearch.org/PAGE/gts/pagecontent/2013-07-15/pagecontent.xsd">
    <Metadata>
        <Creator>prov=University of Rostock/Institute of Mathematics/CITlab|PLANET AI GmbH/Gundram Leifert/gundram.leifert@planet-ai.de:name=German_Kurrent_XVI-XVIII_M1(htr_id=19584)::::v=2.6.7
prov=University of Rostock/Institute of Mathematics/CITlab|PLANET AI GmbH/Tobias Gruening/tobias.gruening@planet-ai.de:name=de.uros.citlab.module.baseline2polygon.B2PSeamMultiOriented:v=2.6.7
prov=University of Rostock/Institute of Mathematics/CITlab|PLANET AI GmbH/Tobias Gruening/tobias.gruening@planet-ai.de:name=/net_tf/LA73_249_0mod360.pb:de.uros.citlab.segmentation.CITlab_LA_ML:v=2.6.7
Transkribus</Creator>
        <Created>2021-03-11T14:07:48.589+01:00</Created>
        <LastChange>2022-09-12T15:09:18.270+02:00</LastChange>
        <TranskribusMetadata docId="1334842" pageId="52362110" pageNr="81" tsid="114643908" status="IN_PROGRESS" userId="9570" imgUrl="https://files.transkribus.eu/Get?id=DYIJNCLUPIDOLCCKLIPOQIVV&amp;fileType=view" xmlUrl="https://files.transkribus.eu/Get?id=LQEPKXDPIGWPBGWAPLMICLAW" imageId="19038928"/>
    </Metadata>
    <Page imageFilename="IMG_9162.jpg" imageWidth="3024" imageHeight="4032">
        <ReadingOrder>
            <OrderedGroup id="ro_1687513672991" caption="Regions reading order">
                <RegionRefIndexed index="0" regionRef="r1"/>
                <RegionRefIndexed index="1" regionRef="r2"/>
                <RegionRefIndexed index="2" regionRef="r3"/>
            </OrderedGroup>
        </ReadingOrder>
        <TextRegion orientation="0.0" id="r1" custom="readingOrder {index:0;}">
            <Coords points="186,602 186,761 201,761 201,602"/>
            <TextLine id="r1l1" custom="readingOrder {index:0;}">
                <Coords points="185,722 191,719 191,715 198,716 202,713 204,714 214,710 188,667 182,672 171,671 168,674 164,673 158,677"/>
                <Baseline points="186,711 201,702"/>
                <TextEquiv>
                    <Unicode>2</Unicode>
                </TextEquiv>
            </TextLine>
            <TextEquiv>
                <Unicode>2</Unicode>
            </TextEquiv>
        </TextRegion>
        <TextRegion orientation="0.0" id="r2" custom="readingOrder {index:1;}">
            <Coords points="243,655 243,3440 1298,3440 1298,655"/>
            <TextLine id="r2l1" custom="readingOrder {index:0;}">
                <Coords points="248,701 370,727 608,693 652,738 853,738 947,695 1176,777 1262,755 1265,678 1099,627 936,656 825,593 603,622 404,593 326,634 251,601"/>
                <Baseline points="255,695 305,695 355,695 405,695 455,695 505,695 555,693 605,693 655,692 705,692 756,692 806,693 856,695 906,696 956,699 1006,702 1056,707 1106,712 1156,720 1206,728 1257,737"/>
                <TextEquiv>
                    <Unicode>D , daß de sachtans dem Cheisteg igend</Unicode>
                </TextEquiv>
            </TextLine>
            <TextLine id="r2l2" custom="readingOrder {index:1;}">
                <Coords points="251,786 305,817 542,792 664,833 722,793 903,827 1039,782 1199,845 1254,833 1255,762 1175,779 943,694 853,742 485,763 366,726 251,757"/>
                <Baseline points="257,777 306,779 356,779 405,779 455,777 504,776 554,775 603,774 653,773 702,771 752,770 801,770 851,770 900,771 950,774 999,777 1049,782 1098,787 1148,796 1197,805 1247,818"/>
                <TextEquiv>
                    <Unicode>angehalten und angeben eine Rustig löie in bls-</Unicode>
                </TextEquiv>
            </TextLine>
            <TextLine id="r2l3" custom="readingOrder {index:2;}">
                <Coords points="238,916 308,881 482,908 665,856 790,905 884,855 1208,923 1256,901 1257,860 1019,787 902,828 724,793 660,833 563,797 306,817 241,783"/>
                <Baseline points="246,861 296,862 346,863 396,861 446,861 497,860 547,858 597,858 647,857 697,855 748,855 798,855 848,855 898,857 948,859 999,862 1049,866 1099,872 1149,879 1199,887 1250,897"/>
                <TextEquiv>
                    <Unicode>zug zumächen, zinmalng ihne bedumket, daß se</Unicode>
                </TextEquiv>
            </TextLine>
            <TextLine id="r2l4" custom="readingOrder {index:3;}">
                <Coords points="241,982 456,932 508,970 650,950 720,1002 817,947 917,990 1011,956 1263,995 1265,928 972,870 898,903 627,870 455,913 304,885 243,917"/>
                <Baseline points="249,938 299,939 349,939 400,939 450,939 501,939 551,939 601,938 652,938 702,938 753,938 803,939 853,939 904,941 954,944 1005,947 1055,950 1105,956 1156,961 1206,968 1257,977"/>
                <TextEquiv>
                    <Unicode>iher einen großen gewalt habe und zu dem Munge</Unicode>
                </TextEquiv>
            </TextLine>
            <TextLine id="r2l5" custom="readingOrder {index:4;}">
                <Coords points="245,1019 522,1042 587,1016 724,1052 868,1029 1256,1079 1258,1022 1189,985 1017,958 924,991 821,948 757,977 545,955 439,997 317,956 246,988"/>
                <Baseline points="252,1008 304,1010 357,1011 409,1013 462,1013 514,1013 567,1013 620,1013 672,1013 725,1013 777,1014 830,1014 882,1016 935,1019 988,1021 1040,1025 1093,1030 1145,1036 1198,1043 1251,1053"/>
                <TextEquiv>
                    <Unicode>machen rummlich gebraucht werden könne, Weilen</Unicode>
                </TextEquiv>
            </TextLine>
            <TextLine id="r2l6" custom="readingOrder {index:5;}">
                <Coords points="251,1092 402,1146 531,1097 1074,1122 1175,1156 1274,1144 1276,1082 1042,1041 982,1070 868,1030 781,1064 590,1019 530,1053 438,1024 252,1048"/>
                <Baseline points="258,1085 308,1087 359,1089 409,1091 460,1091 510,1091 561,1091 611,1091 662,1089 712,1089 763,1089 814,1089 864,1089 915,1091 965,1092 1016,1095 1066,1098 1117,1103 1167,1109 1218,1117 1269,1125"/>
                <TextEquiv>
                    <Unicode>aber sie ingold eingezogen worden, habe er selbigen</Unicode>
                </TextEquiv>
            </TextLine>
            <TextLine id="r2l7" custom="readingOrder {index:6;}">
                <Coords points="266,1184 786,1187 863,1226 1077,1177 1195,1228 1248,1221 1250,1154 560,1096 386,1151 267,1117"/>
                <Baseline points="273,1166 321,1167 369,1169 418,1170 466,1170 515,1172 563,1172 612,1172 660,1172 709,1172 757,1172 805,1172 854,1173 902,1173 951,1175 999,1176 1048,1178 1096,1181 1145,1184 1193,1188 1242,1193"/>
                <TextEquiv>
                    <Unicode>in einem alten Tlingherron schloß vergraben</Unicode>
                </TextEquiv>
            </TextLine>
            <TextLine id="r2l8" custom="readingOrder {index:7;}">
                <Coords points="252,1250 391,1289 588,1259 908,1290 947,1252 1092,1321 1263,1292 1264,1239 1170,1207 989,1194 933,1233 766,1186 729,1215 584,1178 471,1216 253,1199"/>
                <Baseline points="258,1245 310,1248 363,1251 415,1253 468,1254 520,1256 573,1256 626,1256 678,1256 731,1256 783,1256 836,1256 888,1256 941,1257 994,1258 1046,1260 1099,1263 1151,1267 1204,1272 1257,1278"/>
                <TextEquiv>
                    <Unicode>und sich ins riederland begeben, so daß er selbigen</Unicode>
                </TextEquiv>
            </TextLine>
            <TextLine id="r2l9" custom="readingOrder {index:8;}">
                <Coords points="251,1327 327,1354 439,1329 572,1365 625,1338 729,1365 788,1343 893,1385 931,1367 932,1295 859,1276 802,1306 757,1271 698,1293 662,1263 619,1296 496,1288 435,1315 302,1252 252,1264"/>
                <Baseline points="258,1323 291,1325 324,1326 357,1329 391,1331 424,1332 457,1332 491,1332 524,1334 557,1334 591,1334 624,1334 657,1334 690,1334 724,1334 757,1334 790,1334 824,1334 857,1334 890,1335 924,1335"/>
                <TextEquiv>
                    <Unicode>damalen noch nicht viel gebraucht</Unicode>
                </TextEquiv>
            </TextLine>
            <TextLine id="r2l10" custom="readingOrder {index:9;} place {offset:26; length:9;}">
                <Coords points="237,1476 416,1438 526,1495 603,1438 729,1433 1132,1476 1256,1457 1257,1400 1148,1371 1001,1402 942,1358 860,1394 788,1343 578,1399 238,1337"/>
                <Baseline points="243,1436 293,1436 343,1436 394,1436 444,1436 494,1434 545,1434 595,1434 645,1434 696,1434 746,1436 796,1436 847,1436 897,1437 947,1439 998,1440 1048,1442 1098,1444 1149,1446 1199,1449 1250,1452"/>
                <TextEquiv>
                    <Unicode>Nachdemne Er alls aud dem Niderland vndern</Unicode>
                </TextEquiv>
            </TextLine>
            <TextLine id="r2l11" custom="readingOrder {index:10;}">
                <Coords points="254,1531 501,1510 736,1551 1022,1520 1278,1546 1278,1486 1214,1458 1132,1476 1035,1444 699,1476 603,1438 512,1499 417,1438 339,1496 254,1471"/>
                <Baseline points="261,1514 311,1515 362,1515 412,1517 463,1517 513,1517 564,1517 614,1517 665,1517 715,1517 766,1517 817,1517 867,1517 918,1517 968,1517 1019,1518 1069,1520 1120,1521 1170,1524 1221,1526 1272,1529"/>
                <TextEquiv>
                    <Unicode>heimkommen und den bey zug auf dem alten</Unicode>
                </TextEquiv>
            </TextLine>
            <TextLine id="r2l12" custom="readingOrder {index:11;} person {offset:0; length:10;}">
                <Coords points="261,1595 366,1630 486,1593 571,1631 741,1589 812,1622 1015,1592 1171,1653 1277,1618 1278,1573 1178,1539 1054,1575 890,1533 782,1572 628,1522 549,1557 262,1521"/>
                <Baseline points="267,1590 317,1590 367,1590 417,1590 467,1590 518,1589 568,1589 618,1587 668,1587 718,1586 769,1586 819,1586 869,1586 919,1587 969,1588 1020,1590 1070,1593 1120,1596 1170,1600 1220,1605 1271,1611"/>
                <TextEquiv>
                    <Unicode>Töigherren scploß wider hervor gegraben, seyen</Unicode>
                </TextEquiv>
            </TextLine>
            <TextLine id="r2l13" custom="readingOrder {index:12;}">
                <Coords points="261,1681 364,1676 405,1717 478,1671 591,1701 713,1682 807,1716 861,1677 965,1697 1011,1667 1199,1693 1281,1673 1281,1625 1149,1652 1003,1594 950,1632 740,1589 644,1641 441,1594 360,1639 317,1607 261,1633"/>
                <Baseline points="267,1674 317,1673 367,1673 418,1672 468,1671 519,1670 569,1670 619,1669 670,1668 720,1668 771,1667 821,1667 871,1667 922,1667 972,1667 1023,1668 1073,1668 1123,1670 1174,1671 1224,1673 1275,1674"/>
                <TextEquiv>
                    <Unicode>Die pfräg alle verrostet gewesen, deß twegen er sie</Unicode>
                </TextEquiv>
            </TextLine>
            <TextLine id="r2l14" custom="readingOrder {index:13;}">
                <Coords points="281,1746 417,1780 520,1747 609,1779 664,1746 893,1779 1121,1745 1192,1782 1260,1751 1230,1700 1139,1724 1009,1668 844,1720 713,1684 600,1726 510,1674 407,1718 362,1673 281,1676"/>
                <Baseline points="287,1745 335,1745 383,1744 432,1743 480,1743 528,1743 577,1742 625,1742 673,1742 722,1742 770,1742 818,1742 867,1742 915,1742 963,1742 1012,1742 1060,1742 1108,1743 1157,1743 1205,1745 1254,1746"/>
                <TextEquiv>
                    <Unicode>nit einer feilen abgestosßen, Nachwerts mit wache</Unicode>
                </TextEquiv>
            </TextLine>
            <TextLine id="r2l15" custom="readingOrder {index:14;}">
                <Coords points="264,1877 386,1821 675,1862 764,1820 963,1820 1016,1865 1265,1831 1265,1769 1071,1791 932,1749 879,1780 666,1746 608,1780 492,1753 442,1794 264,1746"/>
                <Baseline points="270,1823 319,1823 368,1821 418,1820 467,1820 517,1818 566,1818 616,1817 665,1817 715,1815 764,1815 813,1815 863,1815 912,1815 962,1815 1011,1817 1061,1817 1110,1818 1160,1820 1209,1821 1259,1824"/>
                <TextEquiv>
                    <Unicode>überzogen und mit erwaßer widerum gelt, Vol,</Unicode>
                </TextEquiv>
            </TextLine>
            <TextLine id="r2l16" custom="readingOrder {index:15;}">
                <Coords points="251,1928 455,1894 593,1932 648,1902 890,1928 960,1902 1005,1937 1063,1894 1159,1943 1265,1907 1265,1856 1200,1823 1144,1870 1026,1868 924,1820 594,1869 385,1822 251,1872"/>
                <Baseline points="257,1898 307,1896 357,1895 407,1895 457,1893 507,1893 557,1893 607,1895 657,1895 707,1895 758,1896 808,1897 858,1898 908,1898 958,1899 1008,1899 1058,1899 1108,1899 1158,1899 1208,1899 1259,1898"/>
                <TextEquiv>
                    <Unicode>gends mit einem grabstickel die Aed gemacht, so</Unicode>
                </TextEquiv>
            </TextLine>
            <TextLine id="r2l17" custom="readingOrder {index:16;}">
                <Coords points="269,1992 329,1981 383,2018 506,1968 771,2012 933,1977 1031,2010 1069,1975 1116,2001 1272,1975 1272,1912 1178,1955 1051,1900 1006,1937 823,1900 677,1942 463,1895 268,1921"/>
                <Baseline points="275,1979 324,1976 374,1973 423,1971 473,1971 522,1970 572,1970 621,1970 671,1971 720,1971 770,1971 819,1973 869,1973 918,1973 968,1973 1017,1973 1067,1971 1116,1970 1166,1968 1215,1965 1265,1961"/>
                <TextEquiv>
                    <Unicode>daß er die präg alle selbsten ausgestochen, und</Unicode>
                </TextEquiv>
            </TextLine>
            <TextLine id="r2l18" custom="readingOrder {index:17;}">
                <Coords points="278,2062 554,2049 628,2095 724,2095 804,2054 900,2100 1039,2052 1102,2083 1143,2051 1271,2057 1271,2008 1190,1972 1032,2010 897,1981 758,2029 615,1975 501,2023 453,1982 397,2017 277,1995"/>
                <Baseline points="284,2057 333,2055 382,2054 431,2052 480,2051 529,2051 578,2049 627,2049 676,2048 725,2048 774,2048 823,2048 872,2046 921,2046 970,2046 1019,2046 1068,2046 1117,2046 1166,2046 1215,2045 1265,2045"/>
                <TextEquiv>
                    <Unicode>Darauf ohne daß ihme gemand Geholgken, so wal</Unicode>
                </TextEquiv>
            </TextLine>
            <TextLine id="r2l19" custom="readingOrder {index:18;}">
                <Coords points="267,2139 406,2179 452,2143 645,2155 709,2125 1253,2156 1281,2075 1030,2068 900,2102 803,2054 628,2095 558,2051 453,2097 413,2061 367,2097 267,2096"/>
                <Baseline points="273,2132 323,2130 373,2128 423,2127 473,2126 523,2124 573,2124 623,2123 673,2123 723,2123 774,2121 824,2121 874,2121 924,2121 974,2123 1024,2123 1074,2123 1124,2124 1174,2126 1224,2127 1275,2129"/>
                <TextEquiv>
                    <Unicode>am Plappart, hobeÿ und einfache Schillinger, gerdg</Unicode>
                </TextEquiv>
            </TextLine>
            <TextLine id="r2l20" custom="readingOrder {index:19;} person {offset:0; length:7;} person {offset:25; length:15;}">
                <Coords points="239,2203 469,2206 562,2243 631,2206 752,2232 866,2193 916,2222 1237,2218 1263,2174 1037,2129 975,2161 935,2129 834,2182 724,2129 691,2162 521,2137 444,2185 238,2124"/>
                <Baseline points="245,2199 295,2201 346,2201 396,2201 447,2201 498,2201 548,2201 599,2201 649,2201 700,2199 751,2199 801,2199 852,2199 902,2198 953,2198 1004,2198 1054,2198 1105,2198 1155,2198 1206,2198 1257,2198"/>
                <TextEquiv>
                    <Unicode>Butzern und zugerBatzen, drey Kränzleren</Unicode>
                </TextEquiv>
            </TextLine>
            <TextLine id="r2l21" custom="readingOrder {index:20;}">
                <Coords points="263,2306 366,2317 425,2281 465,2311 500,2282 912,2302 956,2268 1209,2318 1274,2285 1274,2208 1116,2208 1030,2252 893,2203 732,2254 674,2216 562,2243 262,2223"/>
                <Baseline points="269,2276 321,2277 374,2279 426,2279 479,2279 531,2279 584,2279 637,2279 689,2277 742,2277 794,2276 847,2274 899,2273 952,2273 1005,2271 1057,2271 1110,2270 1162,2270 1215,2270 1268,2270"/>
                <TextEquiv>
                    <Unicode>seyburges halb batzen und keützeren awanig bey</Unicode>
                </TextEquiv>
            </TextLine>
            <TextLine id="r2l22" custom="readingOrder {index:21;}">
                <Coords points="245,2381 628,2360 874,2388 963,2346 1038,2390 1134,2356 1204,2385 1270,2345 1269,2284 1014,2292 953,2332 792,2283 597,2331 504,2280 470,2311 244,2323"/>
                <Baseline points="251,2363 301,2363 352,2363 402,2361 453,2360 504,2360 554,2358 605,2357 655,2356 706,2354 757,2352 807,2352 858,2350 908,2349 959,2348 1010,2346 1060,2345 1111,2343 1161,2343 1212,2342 1263,2342"/>
                <TextEquiv>
                    <Unicode>300 pffundern währts gepräget, so Er teills alhie</Unicode>
                </TextEquiv>
            </TextLine>
            <TextLine id="r2l23" custom="readingOrder {index:22;} place {offset:18; length:5;} place {offset:28; length:10;}">
                <Coords points="265,2446 611,2486 786,2431 1097,2464 1270,2428 1245,2346 1205,2386 1135,2357 1038,2390 962,2347 872,2388 519,2363 264,2405"/>
                <Baseline points="272,2438 321,2438 371,2438 420,2437 470,2436 519,2435 569,2435 618,2433 668,2432 717,2430 767,2430 817,2428 866,2427 916,2426 965,2424 1015,2423 1064,2421 1114,2420 1163,2418 1213,2417 1263,2415"/>
                <TextEquiv>
                    <Unicode>im Land, Talls zu Bäsel und Neütenburg do-</Unicode>
                </TextEquiv>
            </TextLine>
            <TextLine id="r2l24" custom="readingOrder {index:23;}">
                <Coords points="254,2532 598,2525 663,2577 759,2528 855,2547 963,2506 1163,2538 1280,2495 1278,2428 1020,2474 786,2430 613,2487 337,2434 251,2451"/>
                <Baseline points="260,2523 310,2523 361,2523 412,2523 462,2523 513,2523 564,2522 614,2522 665,2520 716,2519 767,2517 817,2516 868,2513 919,2511 969,2508 1020,2506 1071,2504 1121,2500 1172,2497 1223,2493 1274,2489"/>
                <TextEquiv>
                    <Unicode>bitiert und verbraucht, doch habe sr im Lindtld</Unicode>
                </TextEquiv>
            </TextLine>
            <TextLine id="r2l25" custom="readingOrder {index:24;}">
                <Coords points="254,2632 375,2595 462,2633 565,2589 740,2629 998,2613 1057,2578 1260,2593 1281,2503 1105,2549 953,2506 877,2559 750,2532 668,2576 535,2532 252,2566"/>
                <Baseline points="260,2600 310,2598 361,2597 412,2595 463,2594 514,2594 565,2592 615,2591 666,2591 717,2589 768,2588 819,2586 870,2585 921,2583 971,2581 1022,2579 1073,2576 1124,2572 1175,2570 1226,2566 1277,2561"/>
                <TextEquiv>
                    <Unicode>Gar wornig für Gut Auß geboren, wol abler den zweyen</Unicode>
                </TextEquiv>
            </TextLine>
            <TextLine id="r2l26" custom="readingOrder {index:25;} person {offset:12; length:5;} person {offset:22; length:14;}">
                <Coords points="259,2727 430,2681 528,2711 699,2676 772,2706 898,2663 1065,2661 1115,2694 1199,2647 1233,2678 1290,2658 1288,2603 1229,2569 842,2636 685,2606 639,2652 542,2594 477,2642 371,2597 256,2632"/>
                <Baseline points="263,2676 314,2673 365,2671 416,2669 467,2669 518,2666 569,2666 620,2664 671,2663 722,2661 773,2660 824,2658 875,2657 926,2655 977,2654 1028,2651 1079,2648 1130,2646 1181,2643 1232,2639 1283,2636"/>
                <TextEquiv>
                    <Unicode>Schwösteren Catri und Verena Gfeller bey 3  Cronti</Unicode>
                </TextEquiv>
            </TextLine>
            <TextLine id="r2l27" custom="readingOrder {index:26;}">
                <Coords points="267,2787 390,2741 492,2773 766,2749 824,2790 884,2735 1157,2756 1281,2700 1280,2665 1181,2653 1127,2698 1065,2662 916,2669 835,2717 705,2678 583,2712 431,2681 398,2714 264,2719"/>
                <Baseline points="273,2754 323,2750 373,2747 423,2744 473,2742 523,2741 573,2739 623,2738 673,2738 723,2736 774,2735 824,2735 874,2733 924,2731 974,2729 1024,2725 1074,2721 1124,2717 1174,2712 1224,2705 1275,2697"/>
                <TextEquiv>
                    <Unicode>geben, e aber wol müßen gelaust haben, daß das</Unicode>
                </TextEquiv>
            </TextLine>
            <TextLine id="r2l28" custom="readingOrder {index:27;}">
                <Coords points="268,2868 565,2827 650,2862 777,2809 1000,2802 1086,2847 1180,2786 1273,2795 1270,2738 1208,2714 1162,2755 1042,2735 993,2774 880,2744 827,2792 738,2768 602,2799 391,2740 265,2810"/>
                <Baseline points="273,2835 322,2831 372,2828 421,2825 471,2823 521,2820 570,2818 620,2816 669,2813 719,2812 769,2810 818,2807 868,2805 917,2801 967,2799 1017,2795 1066,2792 1116,2787 1165,2782 1215,2777 1265,2772"/>
                <TextEquiv>
                    <Unicode>gelt faltsch, weilen sie ihme aus einem ehen nit nicht</Unicode>
                </TextEquiv>
            </TextLine>
            <TextLine id="r2l29" custom="readingOrder {index:28;}">
                <Coords points="289,2913 373,2934 484,2903 626,2946 709,2888 766,2920 815,2886 1017,2876 1079,2918 1200,2853 1291,2859 1287,2796 1222,2786 1083,2847 1000,2801 930,2853 862,2820 793,2863 651,2862 605,2826 516,2862 382,2838 286,2864"/>
                <Baseline points="294,2906 343,2901 392,2898 442,2894 491,2892 541,2890 590,2888 640,2886 689,2885 739,2883 788,2881 837,2880 887,2877 936,2874 986,2871 1035,2868 1085,2864 1134,2858 1184,2853 1233,2845 1283,2837"/>
                <TextEquiv>
                    <Unicode>als bey 20 bz laßen gehne und haben sonderelich</Unicode>
                </TextEquiv>
            </TextLine>
            <TextLine id="r2l30" custom="readingOrder {index:29;} person {offset:4; length:13;}">
                <Coords points="282,2989 407,2989 467,3027 618,2977 716,3008 787,2971 825,2998 1011,2959 1060,2986 1155,2935 1279,2939 1273,2837 1121,2926 1007,2882 647,2960 568,2914 278,2928"/>
                <Baseline points="287,2979 336,2979 385,2979 434,2978 483,2978 533,2977 582,2976 631,2975 680,2973 729,2972 779,2970 828,2966 877,2964 926,2960 975,2957 1025,2952 1074,2946 1123,2941 1172,2935 1221,2927 1271,2919"/>
                <TextEquiv>
                    <Unicode>die Catri gfeller wol gelaufft, daß er mit solchen</Unicode>
                </TextEquiv>
            </TextLine>
            <TextLine id="r2l31" custom="readingOrder {index:30;}">
                <Coords points="266,3095 333,3063 437,3096 496,3062 552,3099 816,3035 1046,3070 1223,3042 1302,2974 1298,2934 1164,2949 1124,2994 944,3003 874,2972 570,3028 261,3009"/>
                <Baseline points="270,3053 321,3051 372,3048 423,3048 475,3047 526,3045 577,3045 628,3044 680,3042 731,3042 782,3040 833,3038 885,3036 936,3033 987,3028 1038,3023 1090,3018 1141,3011 1192,3004 1243,2995 1295,2984"/>
                <TextEquiv>
                    <Unicode>sachen ungehe, In ansehen dann des gelts, so inde</Unicode>
                </TextEquiv>
            </TextLine>
            <TextLine id="r2l32" custom="readingOrder {index:31;} place {offset:0; length:16;}">
                <Coords points="260,3140 470,3172 635,3122 752,3166 1014,3098 1101,3137 1156,3088 1211,3109 1301,3073 1295,2976 1217,3047 1039,3078 710,3085 642,3055 476,3108 333,3062 258,3103"/>
                <Baseline points="266,3128 317,3126 368,3126 420,3124 471,3123 522,3122 574,3120 625,3120 676,3118 728,3116 779,3114 830,3113 882,3110 933,3106 984,3101 1036,3097 1087,3092 1138,3085 1190,3078 1241,3070 1293,3060"/>
                <TextEquiv>
                    <Unicode>Reütoenburgische kommen, habe er einem geloußens zu</Unicode>
                </TextEquiv>
            </TextLine>
            <TextLine id="r2l33" custom="readingOrder {index:32;} place {offset:0; length:7;} place {offset:11; length:7;} place {offset:26; length:6;}">
                <Coords points="269,3219 392,3206 476,3252 541,3199 658,3226 819,3187 1064,3193 1304,3133 1291,3102 1097,3140 919,3108 785,3164 686,3125 448,3182 266,3164"/>
                <Baseline points="275,3206 326,3203 377,3202 428,3201 479,3200 530,3198 581,3197 633,3197 684,3195 735,3194 786,3192 837,3189 888,3187 939,3183 991,3179 1042,3175 1093,3169 1144,3164 1195,3156 1246,3148 1298,3137"/>
                <TextEquiv>
                    <Unicode>Ullmann zr Krzertz im amt murten in 2 male</Unicode>
                </TextEquiv>
            </TextLine>
            <TextLine id="r2l34" custom="readingOrder {index:33;}">
                <Coords points="260,3289 517,3265 642,3303 852,3250 943,3283 1285,3208 1278,3159 913,3214 746,3193 551,3247 256,3221"/>
                <Baseline points="266,3281 316,3276 367,3274 417,3271 468,3269 519,3267 569,3264 620,3263 670,3261 721,3260 772,3257 822,3255 873,3253 923,3250 974,3246 1025,3242 1075,3237 1126,3230 1176,3224 1227,3214 1278,3204"/>
                <TextEquiv>
                    <Unicode>bey 2t wronen zugestellt, des auch getoußt, daß es</Unicode>
                </TextEquiv>
            </TextLine>
            <TextLine id="r2l35" custom="readingOrder {index:34;}">
                <Coords points="269,3377 371,3347 474,3386 550,3341 776,3366 833,3322 1025,3338 1136,3300 1208,3321 1274,3287 1269,3211 1154,3262 1117,3233 1025,3246 970,3290 851,3250 619,3305 515,3266 265,3319"/>
                <Baseline points="273,3348 322,3344 372,3340 421,3336 471,3333 521,3330 570,3328 620,3326 670,3323 719,3321 769,3320 819,3317 868,3314 918,3310 968,3306 1017,3302 1067,3297 1117,3291 1166,3284 1216,3276 1266,3267"/>
                <TextEquiv>
                    <Unicode>altsch und deß wegen ihme für einen sahled nit nacht</Unicode>
                </TextEquiv>
            </TextLine>
            <TextLine id="r2l36" custom="readingOrder {index:35;}">
                <Coords points="263,3418 381,3437 476,3420 509,3438 632,3416 654,3427 741,3402 739,3364 684,3351 662,3371 642,3357 610,3366 558,3340 466,3383 371,3346 330,3373 261,3377"/>
                <Baseline points="269,3408 294,3408 320,3408 346,3407 372,3407 398,3405 424,3404 449,3403 475,3401 501,3400 527,3399 553,3398 579,3396 604,3395 630,3393 656,3392 682,3390 708,3389 734,3389"/>
                <TextEquiv>
                    <Unicode>als 20 batzer geben</Unicode>
                </TextEquiv>
            </TextLine>
            <TextLine id="r2l37" custom="readingOrder {index:36;}">
                <Coords points="1084,3454 1106,3445 1115,3434 1124,3434 1138,3419 1170,3415 1156,3331 1145,3334 1134,3344 1123,3343 1092,3381 1072,3384"/>
                <Baseline points="1085,3422 1111,3418 1137,3413 1163,3410"/>
                <TextEquiv>
                    <Unicode></Unicode>
                </TextEquiv>
            </TextLine>
            <TextEquiv>
                <Unicode>D , daß de sachtans dem Cheisteg igend
angehalten und angeben eine Rustig löie in bls-
zug zumächen, zinmalng ihne bedumket, daß se
iher einen großen gewalt habe und zu dem Munge
machen rummlich gebraucht werden könne, Weilen
aber sie ingold eingezogen worden, habe er selbigen
in einem alten Tlingherron schloß vergraben
und sich ins riederland begeben, so daß er selbigen
damalen noch nicht viel gebraucht
Nachdemne Er alls aud dem Niderland vndern
heimkommen und den bey zug auf dem alten
Töigherren scploß wider hervor gegraben, seyen
Die pfräg alle verrostet gewesen, deß twegen er sie
nit einer feilen abgestosßen, Nachwerts mit wache
überzogen und mit erwaßer widerum gelt, Vol,
gends mit einem grabstickel die Aed gemacht, so
daß er die präg alle selbsten ausgestochen, und
Darauf ohne daß ihme gemand Geholgken, so wal
am Plappart, hobeÿ und einfache Schillinger, gerdg
Butzern und zugerBatzen, drey Kränzleren
seyburges halb batzen und keützeren awanig bey
300 pffundern währts gepräget, so Er teills alhie
im Land, Talls zu Bäsel und Neütenburg do-
bitiert und verbraucht, doch habe sr im Lindtld
Gar wornig für Gut Auß geboren, wol abler den zweyen
Schwösteren Catri und Verena Gfeller bey 3  Cronti
geben, e aber wol müßen gelaust haben, daß das
gelt faltsch, weilen sie ihme aus einem ehen nit nicht
als bey 20 bz laßen gehne und haben sonderelich
die Catri gfeller wol gelaufft, daß er mit solchen
sachen ungehe, In ansehen dann des gelts, so inde
Reütoenburgische kommen, habe er einem geloußens zu
Ullmann zr Krzertz im amt murten in 2 male
bey 2t wronen zugestellt, des auch getoußt, daß es
altsch und deß wegen ihme für einen sahled nit nacht
als 20 batzer geben
</Unicode>
            </TextEquiv>
        </TextRegion>
        <TextRegion orientation="0.0" id="r3" custom="readingOrder {index:2;}">
            <Coords points="1373,636 1373,2965 2406,2965 2406,636"/>
            <TextLine id="r3l1" custom="readingOrder {index:0;}">
                <Coords points="2263,727 2277,728 2285,721 2291,724 2342,680 2345,683 2352,676 2361,675 2360,599 2351,601 2338,593 2329,598 2321,595 2306,599 2291,607 2270,591 2261,593"/>
                <Baseline points="2268,671 2297,674 2326,672 2355,671"/>
                <TextEquiv>
                    <Unicode></Unicode>
                </TextEquiv>
            </TextLine>
            <TextLine id="r3l2" custom="readingOrder {index:1;}">
                <Coords points="1379,754 1560,762 1615,726 1753,758 1797,728 2020,783 2122,738 2281,777 2375,769 2377,670 2154,665 2100,708 1981,650 1801,633 1712,673 1596,621 1380,686"/>
                <Baseline points="1386,741 1435,735 1484,729 1533,727 1582,724 1631,722 1680,722 1730,722 1779,722 1828,723 1877,725 1926,726 1975,728 2024,730 2074,732 2123,735 2172,737 2221,739 2270,741 2319,743 2369,743"/>
                <TextEquiv>
                    <Unicode>Geag vnd abes das Kurfer, wor mit er die faltche</Unicode>
                </TextEquiv>
            </TextLine>
            <TextLine id="r3l3" custom="readingOrder {index:2;}">
                <Coords points="1859,775 1870,776 1872,775 1875,777 1881,774 1888,774 1888,740 1879,740 1875,736 1872,736 1868,740 1859,739"/>
                <Baseline points="1866,767 1881,767"/>
                <TextEquiv>
                    <Unicode>2</Unicode>
                </TextEquiv>
            </TextLine>
            <TextLine id="r3l4" custom="readingOrder {index:3;} person {offset:30; length:5;} person {offset:40; length:7; continued:true;}">
                <Coords points="1388,833 1543,804 1704,811 1754,846 1819,813 1882,855 2021,806 2120,840 2381,834 2403,792 2222,774 2172,738 2028,787 1915,752 1875,777 1797,728 1706,780 1608,737 1389,784"/>
                <Baseline points="1395,813 1445,810 1495,806 1545,805 1595,803 1645,803 1695,803 1745,803 1795,803 1845,804 1895,806 1945,808 1995,810 2045,812 2095,815 2145,816 2195,818 2245,821 2295,823 2345,824 2396,825"/>
                <TextEquiv>
                    <Unicode>muntz fabriciert, habind ihme Catri und Vermnan</Unicode>
                </TextEquiv>
            </TextLine>
            <TextLine id="r3l5" custom="readingOrder {index:4;} person {offset:0; length:7; continued:true;} person {offset:40; length:6;}">
                <Coords points="1390,937 1550,884 2268,923 2409,903 2410,856 2343,871 2290,826 2182,820 2040,866 1787,815 1688,863 1552,806 1391,837"/>
                <Baseline points="1397,894 1447,890 1497,885 1547,882 1598,879 1648,878 1698,878 1749,878 1799,878 1849,880 1900,882 1950,884 2000,887 2050,888 2101,891 2151,893 2201,895 2252,896 2302,897 2352,897 2403,896"/>
                <TextEquiv>
                    <Unicode>Pfellis, wie auch das verstorbenen prtr Rebers</Unicode>
                </TextEquiv>
            </TextLine>
            <TextLine id="r3l6" custom="readingOrder {index:5;}">
                <Coords points="1397,988 1466,1004 1524,972 1569,1008 1654,976 1712,1003 1900,962 2032,1005 2347,988 2347,941 2303,925 2132,902 2078,928 2021,891 1934,940 1639,884 1397,933"/>
                <Baseline points="1403,974 1449,971 1496,968 1543,964 1590,962 1637,960 1684,959 1730,957 1777,957 1824,957 1871,957 1918,958 1965,959 2012,960 2058,962 2105,963 2152,965 2199,967 2246,969 2293,973 2340,975"/>
                <TextEquiv>
                    <Unicode> frauw jegliche eim Tßeli darzu geben.</Unicode>
                </TextEquiv>
            </TextLine>
            <TextLine id="r3l7" custom="readingOrder {index:6;}">
                <Coords points="1382,1072 1533,1084 1580,1043 1649,1072 1711,1040 1948,1082 2163,1047 2303,1075 2412,1062 2413,985 2021,1014 1678,978 1572,1011 1523,972 1382,1002"/>
                <Baseline points="1388,1049 1438,1047 1489,1045 1540,1043 1591,1043 1642,1041 1693,1041 1744,1040 1795,1040 1846,1040 1897,1040 1947,1041 1998,1041 2049,1043 2100,1043 2151,1044 2202,1046 2253,1047 2304,1049 2355,1050 2406,1052"/>
                <TextEquiv>
                    <Unicode>Mit welches außaag dann obiges zweyer schwösteren</Unicode>
                </TextEquiv>
            </TextLine>
            <TextLine id="r3l8" custom="readingOrder {index:7;}">
                <Coords points="1422,1135 1737,1113 1896,1155 1982,1114 2021,1145 2088,1119 2395,1146 2407,1102 2176,1051 1923,1097 1808,1044 1622,1077 1579,1043 1521,1093 1422,1088"/>
                <Baseline points="1428,1119 1476,1118 1525,1116 1573,1115 1622,1113 1671,1112 1719,1112 1768,1112 1816,1112 1865,1112 1914,1113 1962,1113 2011,1115 2059,1115 2108,1116 2157,1118 2205,1119 2254,1120 2302,1121 2351,1122 2400,1124"/>
                <TextEquiv>
                    <Unicode>vergicht, in so weit selbige sie anstiehet, auch überem</Unicode>
                </TextEquiv>
            </TextLine>
            <TextLine id="r3l9" custom="readingOrder {index:8;}">
                <Coords points="1404,1213 1615,1195 1786,1234 2061,1192 2272,1241 2410,1211 2411,1150 2323,1167 2168,1130 2063,1174 1947,1130 1817,1166 1732,1111 1404,1158"/>
                <Baseline points="1410,1194 1459,1193 1509,1190 1558,1190 1608,1188 1658,1188 1707,1188 1757,1188 1807,1188 1856,1188 1906,1188 1956,1190 2005,1191 2055,1191 2105,1193 2154,1194 2204,1196 2254,1197 2303,1199 2353,1200 2403,1202"/>
                <TextEquiv>
                    <Unicode>sönnt und sint die prag, wormit sein faltsche muntz</Unicode>
                </TextEquiv>
            </TextLine>
            <TextLine id="r3l10" custom="readingOrder {index:9;} place {offset:15; length:7;} place {offset:33; length:7;}">
                <Coords points="1397,1300 1507,1267 1865,1308 2050,1276 2182,1319 2370,1292 2372,1218 2151,1246 2065,1185 2035,1213 1564,1249 1457,1195 1399,1216"/>
                <Baseline points="1404,1271 1452,1269 1500,1268 1548,1266 1596,1266 1644,1266 1692,1266 1740,1268 1788,1269 1836,1270 1884,1271 1932,1272 1980,1274 2028,1275 2076,1277 2124,1278 2172,1280 2220,1280 2268,1280 2316,1281 2364,1280"/>
                <TextEquiv>
                    <Unicode>Fabriniert von Mintohl lvogt von Signauw</Unicode>
                </TextEquiv>
            </TextLine>
            <TextLine id="r3l11" custom="readingOrder {index:10;}">
                <Coords points="1406,1375 1559,1393 1611,1348 1773,1341 2051,1389 2229,1367 2248,1329 1993,1277 1958,1300 1923,1276 1849,1320 1768,1274 1643,1304 1499,1271 1408,1287"/>
                <Baseline points="1413,1341 1454,1340 1495,1338 1537,1338 1578,1337 1620,1337 1661,1337 1702,1338 1744,1338 1785,1340 1827,1340 1868,1341 1909,1343 1951,1344 1992,1346 2034,1347 2075,1349 2116,1350 2158,1352 2199,1353 2241,1355"/>
                <TextEquiv>
                    <Unicode>allhieo geschickt und meistens verhanden.</Unicode>
                </TextEquiv>
            </TextLine>
            <TextLine id="r3l12" custom="readingOrder {index:11;}">
                <Coords points="1394,1472 1585,1450 1845,1514 2035,1458 2188,1491 2373,1468 2373,1377 2204,1429 2031,1419 1913,1355 1606,1353 1505,1401 1457,1361 1394,1367"/>
                <Baseline points="1400,1455 1448,1455 1496,1454 1545,1454 1593,1454 1641,1454 1690,1453 1738,1452 1786,1452 1835,1452 1883,1452 1931,1452 1980,1452 2028,1452 2076,1454 2125,1454 2173,1455 2221,1455 2270,1457 2318,1458 2367,1460"/>
                <TextEquiv>
                    <Unicode>Weiters bekennte er mit iner verhenrchsteten,</Unicode>
                </TextEquiv>
            </TextLine>
            <TextLine id="r3l13" custom="readingOrder {index:12;}">
                <Coords points="1406,1579 1488,1535 1660,1581 1882,1536 2295,1562 2387,1530 2387,1496 2095,1494 2034,1460 1745,1518 1655,1480 1405,1476"/>
                <Baseline points="1412,1536 1460,1536 1508,1536 1557,1536 1605,1536 1654,1536 1702,1535 1751,1535 1799,1535 1848,1534 1896,1533 1944,1533 1993,1533 2041,1532 2090,1532 2138,1532 2187,1532 2235,1532 2284,1532 2332,1532 2381,1532"/>
                <TextEquiv>
                    <Unicode>und auch einer ledigen treibs person sich zu vor</Unicode>
                </TextEquiv>
            </TextLine>
            <TextLine id="r3l14" custom="readingOrder {index:13;}">
                <Coords points="1394,1664 1640,1617 1690,1644 1778,1625 1824,1666 2013,1613 2189,1649 2231,1611 2352,1606 2351,1556 2138,1536 2044,1568 1999,1535 1816,1545 1752,1584 1496,1549 1393,1582"/>
                <Baseline points="1400,1619 1447,1619 1494,1617 1541,1617 1589,1616 1636,1616 1683,1615 1730,1614 1778,1614 1825,1613 1872,1613 1919,1613 1967,1612 2014,1611 2061,1611 2108,1611 2156,1611 2203,1611 2250,1611 2297,1613 2345,1613"/>
                <TextEquiv>
                    <Unicode>schiedenen malee mit ehebauch vertrabet zu haben.</Unicode>
                </TextEquiv>
            </TextLine>
            <TextLine id="r3l15" custom="readingOrder {index:14;}">
                <Coords points="1403,1721 1536,1698 1793,1749 1864,1698 2040,1698 2312,1730 2388,1702 2387,1636 2239,1611 2188,1650 2097,1614 1825,1666 1787,1632 1635,1622 1402,1655"/>
                <Baseline points="1409,1697 1457,1695 1506,1694 1554,1691 1603,1689 1652,1689 1700,1688 1749,1688 1798,1688 1846,1686 1895,1686 1944,1686 1992,1686 2041,1686 2090,1686 2138,1686 2187,1686 2236,1686 2284,1685 2333,1684 2382,1683"/>
                <TextEquiv>
                    <Unicode>welche beide treibs persoren auch der Reht gestendig</Unicode>
                </TextEquiv>
            </TextLine>
            <TextLine id="r3l16" custom="readingOrder {index:15;} person {offset:32; length:14;}">
                <Coords points="1367,1835 1490,1817 1625,1849 1660,1821 1833,1856 1981,1816 2183,1844 2375,1828 2375,1753 2153,1721 2083,1764 2007,1743 1910,1784 1596,1739 1541,1770 1366,1710"/>
                <Baseline points="1373,1824 1422,1823 1472,1823 1522,1823 1572,1821 1622,1821 1671,1820 1721,1820 1771,1818 1821,1818 1871,1817 1920,1817 1970,1815 2020,1815 2070,1815 2120,1815 2169,1815 2219,1815 2269,1815 2319,1817 2369,1817"/>
                <TextEquiv>
                    <Unicode>D0 Jugte Er auch an, daß es den Nichauß Rechtl</Unicode>
                </TextEquiv>
            </TextLine>
            <TextLine id="r3l17" custom="readingOrder {index:16;}">
                <Coords points="1391,1937 1555,1890 1678,1949 1783,1896 2244,1927 2362,1906 2384,1864 2112,1818 1853,1859 1656,1822 1472,1880 1390,1840"/>
                <Baseline points="1397,1896 1446,1896 1495,1895 1544,1895 1593,1895 1642,1895 1691,1895 1740,1893 1789,1893 1838,1893 1887,1893 1936,1893 1985,1892 2034,1892 2083,1892 2132,1892 2181,1892 2230,1892 2279,1892 2328,1892 2378,1890"/>
                <TextEquiv>
                    <Unicode>vfergers als derselbe vor Moaß zeits etliche säßler</Unicode>
                </TextEquiv>
            </TextLine>
            <TextLine id="r3l18" custom="readingOrder {index:17;}">
                <Coords points="1412,1990 1491,2009 1555,1971 1767,1966 1925,2008 1997,1971 2380,1967 2379,1931 2202,1952 2082,1899 1917,1924 1756,1903 1678,1950 1554,1891 1412,1941"/>
                <Baseline points="1419,1971 1466,1970 1514,1970 1562,1968 1609,1968 1657,1968 1705,1968 1752,1968 1800,1968 1848,1968 1896,1968 1943,1968 1991,1968 2039,1968 2086,1968 2134,1967 2182,1967 2229,1966 2277,1965 2325,1964 2373,1962"/>
                <TextEquiv>
                    <Unicode>mit pfulrer in die statt führen sollen, in eines</Unicode>
                </TextEquiv>
            </TextLine>
            <TextLine id="r3l19" custom="readingOrder {index:18;}">
                <Coords points="1400,2078 1497,2049 1701,2086 1856,2054 2017,2080 2076,2045 2397,2049 2397,2013 2318,1974 2042,1968 1921,2008 1772,1971 1647,2024 1400,1997"/>
                <Baseline points="1406,2045 1455,2046 1504,2046 1553,2046 1603,2046 1652,2046 1701,2046 1750,2046 1800,2045 1849,2045 1898,2045 1947,2043 1997,2043 2046,2042 2095,2042 2144,2040 2194,2039 2243,2039 2292,2037 2341,2036 2391,2036"/>
                <TextEquiv>
                    <Unicode>derselben gebohret und bey 30 lb pultes darans</Unicode>
                </TextEquiv>
            </TextLine>
            <TextLine id="r3l20" custom="readingOrder {index:19;}">
                <Coords points="1404,2139 2088,2160 2135,2131 2284,2162 2402,2133 2402,2065 2311,2098 2183,2041 2095,2093 1928,2056 1700,2086 1607,2050 1403,2085"/>
                <Baseline points="1410,2124 1459,2123 1508,2121 1557,2121 1607,2120 1656,2120 1705,2120 1755,2119 1804,2118 1853,2118 1903,2118 1952,2118 2001,2118 2050,2117 2100,2117 2149,2117 2198,2116 2248,2115 2297,2115 2346,2114 2396,2112"/>
                <TextEquiv>
                    <Unicode>entwendt, so er in das kutzerner gebiet getragen und</Unicode>
                </TextEquiv>
            </TextLine>
            <TextLine id="r3l21" custom="readingOrder {index:20;}">
                <Coords points="1412,2260 1485,2222 1653,2218 1697,2235 1772,2201 1809,2218 1857,2196 2001,2203 2000,2144 1830,2159 1731,2138 1667,2169 1569,2129 1409,2141"/>
                <Baseline points="1418,2201 1446,2204 1475,2204 1504,2205 1533,2205 1562,2205 1590,2204 1619,2204 1648,2202 1677,2201 1706,2201 1734,2199 1763,2198 1792,2196 1821,2195 1850,2195 1878,2194 1907,2193 1936,2193 1965,2195 1994,2195"/>
                <TextEquiv>
                    <Unicode>daselbsten verkausenn wollen</Unicode>
                </TextEquiv>
            </TextLine>
            <TextLine id="r3l22" custom="readingOrder {index:21;}">
                <Coords points="1407,2351 1543,2311 1601,2330 1634,2297 2143,2317 2271,2284 2314,2315 2379,2295 2378,2227 1649,2217 1406,2260"/>
                <Baseline points="1413,2298 1461,2298 1509,2297 1557,2297 1605,2297 1653,2295 1701,2295 1749,2294 1797,2294 1845,2292 1893,2292 1941,2291 1989,2291 2037,2291 2085,2289 2133,2289 2181,2289 2229,2289 2277,2289 2325,2289 2373,2289"/>
                <TextEquiv>
                    <Unicode>Endtlich eit bekennte er noch, daß verloichenen herbst</Unicode>
                </TextEquiv>
            </TextLine>
            <TextLine id="r3l23" custom="readingOrder {index:22;} person {offset:13; length:13;} person {offset:42; length:3; continued:true;}">
                <Coords points="1409,2406 2001,2380 2064,2418 2175,2389 2266,2412 2402,2395 2401,2319 2237,2314 2197,2351 2155,2311 1980,2294 1867,2356 1814,2317 1688,2335 1635,2298 1601,2330 1542,2311 1408,2349"/>
                <Baseline points="1415,2366 1464,2369 1513,2370 1562,2372 1611,2372 1660,2373 1709,2373 1758,2372 1807,2372 1856,2372 1905,2370 1954,2369 2003,2369 2052,2367 2101,2366 2150,2365 2199,2364 2248,2364 2297,2363 2346,2363 2396,2363"/>
                <TextEquiv>
                    <Unicode>d mit zufuhr Hanns Pfentis in das Gulter, Ma-</Unicode>
                </TextEquiv>
            </TextLine>
            <TextLine id="r3l24" custom="readingOrder {index:23;} person {offset:0; length:4; continued:true;} place {offset:11; length:9;}">
                <Coords points="1403,2469 1676,2452 1910,2486 1969,2454 2238,2474 2285,2444 2346,2471 2397,2457 2397,2396 2063,2417 1860,2389 1801,2436 1574,2387 1402,2414"/>
                <Baseline points="1409,2444 1458,2445 1507,2447 1556,2448 1605,2449 1654,2450 1703,2450 1752,2450 1801,2450 1850,2450 1899,2450 1948,2448 1997,2448 2046,2447 2095,2447 2144,2447 2193,2445 2242,2444 2291,2444 2340,2444 2390,2444"/>
                <TextEquiv>
                    <Unicode>garn in zu Langnanto nächtlicher weile eingebrochen</Unicode>
                </TextEquiv>
            </TextLine>
            <TextLine id="r3l25" custom="readingOrder {index:24;}">
                <Coords points="1403,2521 1578,2533 1620,2569 1711,2523 2023,2549 2106,2521 2171,2551 2381,2515 2381,2463 2284,2445 2241,2479 2130,2459 1998,2487 1949,2459 1889,2492 1835,2458 1403,2469"/>
                <Baseline points="1410,2517 1458,2517 1506,2519 1554,2519 1603,2519 1651,2520 1699,2520 1747,2520 1796,2520 1844,2520 1892,2520 1940,2520 1989,2520 2037,2519 2085,2518 2133,2517 2182,2516 2230,2513 2278,2511 2326,2508 2375,2507"/>
                <TextEquiv>
                    <Unicode>und famenthaft bey 2 under ein halben zeitner d</Unicode>
                </TextEquiv>
            </TextLine>
            <TextLine id="r3l26" custom="readingOrder {index:25;}">
                <Coords points="1386,2630 1456,2594 2025,2614 2102,2590 2160,2616 2310,2587 2310,2519 2280,2512 2160,2561 2063,2526 2007,2566 1752,2524 1545,2565 1386,2515"/>
                <Baseline points="1392,2592 1437,2592 1483,2592 1528,2592 1574,2592 1619,2592 1665,2592 1710,2592 1756,2592 1801,2592 1847,2592 1893,2592 1938,2592 1984,2592 2029,2591 2075,2591 2120,2591 2166,2589 2211,2589 2257,2588 2303,2588"/>
                <TextEquiv>
                    <Unicode>Pfulrer entlaendt und seinen anteill meistend in</Unicode>
                </TextEquiv>
            </TextLine>
            <TextLine id="r3l27" custom="readingOrder {index:26;}">
                <Coords points="1381,2672 1430,2695 1509,2670 1564,2703 1660,2670 1815,2670 1851,2694 1903,2667 1935,2687 2021,2671 2021,2609 1874,2612 1820,2590 1786,2615 1714,2597 1637,2620 1572,2596 1542,2622 1456,2594 1381,2628"/>
                <Baseline points="1388,2658 1419,2660 1450,2661 1482,2663 1513,2664 1544,2664 1576,2666 1607,2666 1638,2666 1670,2666 1701,2667 1732,2666 1764,2666 1795,2666 1826,2666 1858,2666 1889,2666 1920,2666 1952,2666 1983,2666 2015,2666"/>
                <TextEquiv>
                    <Unicode>Ketzerner gebut vertaucket habe</Unicode>
                </TextEquiv>
            </TextLine>
            <TextLine id="r3l28" custom="readingOrder {index:27;} person {offset:33; length:21;}">
                <Coords points="1395,2749 1793,2739 1878,2773 2031,2734 2247,2766 2409,2728 2408,2650 2340,2626 2095,2686 2028,2658 1882,2716 1813,2670 1559,2706 1395,2681"/>
                <Baseline points="1401,2730 1451,2732 1501,2734 1551,2735 1601,2736 1651,2737 1701,2738 1751,2738 1801,2736 1851,2736 1902,2736 1952,2735 2002,2735 2052,2733 2102,2732 2152,2732 2202,2730 2252,2729 2302,2729 2352,2727 2403,2727"/>
                <TextEquiv>
                    <Unicode>Wbird wolchen festeren diebstahl Riclauß Rohtlisherger</Unicode>
                </TextEquiv>
            </TextLine>
            <TextLine id="r3l29" custom="readingOrder {index:28;}">
                <Coords points="1401,2828 1534,2804 2180,2829 2405,2791 2393,2725 2007,2781 1946,2746 1878,2774 1793,2739 1572,2767 1400,2743"/>
                <Baseline points="1407,2802 1456,2802 1506,2804 1555,2804 1605,2805 1655,2805 1704,2805 1754,2805 1803,2804 1853,2804 1903,2802 1952,2801 2002,2801 2051,2799 2101,2798 2151,2796 2200,2794 2250,2792 2299,2790 2349,2789 2399,2786"/>
                <TextEquiv>
                    <Unicode>der die 30 lb pulter verlahren, vernommen und uuc</Unicode>
                </TextEquiv>
            </TextLine>
            <TextLine id="r3l30" custom="readingOrder {index:29;}">
                <Coords points="1410,2901 1540,2879 1638,2931 2060,2929 2177,2868 2351,2888 2402,2832 2030,2809 1976,2858 1833,2811 1674,2847 1409,2808"/>
                <Baseline points="1416,2871 1465,2873 1514,2874 1563,2876 1612,2876 1661,2876 1710,2876 1759,2876 1808,2876 1857,2874 1906,2874 1955,2873 2004,2871 2053,2871 2102,2869 2151,2868 2200,2867 2249,2865 2298,2865 2347,2864 2396,2864"/>
                <TextEquiv>
                    <Unicode>deßen aussaag die geouß heit deßelben an tag ge-</Unicode>
                </TextEquiv>
            </TextLine>
            <TextLine id="r3l31" custom="readingOrder {index:30;}">
                <Coords points="1399,2971 1454,2980 1470,2993 1496,2981 1515,2998 1580,2981 1641,2987 1645,2929 1612,2914 1590,2921 1538,2877 1495,2895 1444,2885 1403,2906"/>
                <Baseline points="1407,2936 1432,2938 1458,2940 1483,2942 1509,2943 1534,2944 1560,2946 1585,2946 1611,2948 1637,2949"/>
                <TextEquiv>
                    <Unicode>bracht worden.</Unicode>
                </TextEquiv>
            </TextLine>
            <TextEquiv>
                <Unicode>
Geag vnd abes das Kurfer, wor mit er die faltche
2
muntz fabriciert, habind ihme Catri und Vermnan
Pfellis, wie auch das verstorbenen prtr Rebers
 frauw jegliche eim Tßeli darzu geben.
Mit welches außaag dann obiges zweyer schwösteren
vergicht, in so weit selbige sie anstiehet, auch überem
sönnt und sint die prag, wormit sein faltsche muntz
Fabriniert von Mintohl lvogt von Signauw
allhieo geschickt und meistens verhanden.
Weiters bekennte er mit iner verhenrchsteten,
und auch einer ledigen treibs person sich zu vor
schiedenen malee mit ehebauch vertrabet zu haben.
welche beide treibs persoren auch der Reht gestendig
D0 Jugte Er auch an, daß es den Nichauß Rechtl
vfergers als derselbe vor Moaß zeits etliche säßler
mit pfulrer in die statt führen sollen, in eines
derselben gebohret und bey 30 lb pultes darans
entwendt, so er in das kutzerner gebiet getragen und
daselbsten verkausenn wollen
Endtlich eit bekennte er noch, daß verloichenen herbst
d mit zufuhr Hanns Pfentis in das Gulter, Ma-
garn in zu Langnanto nächtlicher weile eingebrochen
und famenthaft bey 2 under ein halben zeitner d
Pfulrer entlaendt und seinen anteill meistend in
Ketzerner gebut vertaucket habe
Wbird wolchen festeren diebstahl Riclauß Rohtlisherger
der die 30 lb pulter verlahren, vernommen und uuc
deßen aussaag die geouß heit deßelben an tag ge-
bracht worden.</Unicode>
            </TextEquiv>
        </TextRegion>
    </Page>
</PcGts>
