3024 4032
106 599 1194 721 E. Ob ihme nit bekant seye, mit wein
268 683 1077 784 der Vlli Sigethaler vmbgangen
247 745 1203 843 Er lauße mit anders, außert das
142 743 202 851 .
260 804 1253 921 er gehört, daß der Ulli Sigethaler dem
251 875 1246 977 Christen Langenegger ein Keße geben
259 928 1230 1040 gelt darauß zumachen, mann habe
260 992 1255 1102 Auch gesagt, der Sigethaler habe enen
263 1067 1246 1168 im hauß gehabt, der ihm muntzge
254 1119 466 1212 macht.
271 1163 1206 1302 Ob nit auch einer zu Röhtenbach
127 1207 231 1290 A
257 1272 1261 1381 seye, der weiß Kupffer gemacht habe
269 1338 1231 1467 Er luße von keinem der da Coeiß
121 1348 219 1483 R.
257 1420 754 1528 kupfer gemacht.
261 1477 1266 1622 Ob er den Ullen müller von Röttenbach
141 1488 220 1623 E.
278 1598 444 1666 enne.
267 1646 1233 1745 Ja erkenne Ihn und habe ihm etliche
128 1652 224 1761 R
270 1718 1085 1824 mahl fiil schloßer gemacht
246 1770 1248 1918 Ob er bey dem Pll Müller nüt gesehen
146 1792 239 1902 E
259 1866 742 1965 oder gelehrt habe.
264 1944 1211 2053 Nein er habe von demselben mit
136 1936 219 2078 R.
259 2003 1258 2130 gelehrt und woüße mit von ihme zu¬
262 2068 1233 2188 Jagen außert, daß als er jungald ein
278 2121 1251 2232 mahl gedeüten Vllj Müller L. Fugil
270 2186 1267 2311 schlößer zu kauffen gebracht, habe ihme
266 2259 1260 2349 derselbe nur 30 bz darfur geben wolle
291 2324 1229 2421 vnd darbey gesagt, er muße jetzund
289 2389 1179 2499 noch Jorg haben, wann er dann der
269 2419 1260 2548 emahlen einst Jede wochen ein 5. Pfund¬
284 2509 1245 2607 ler mit gewerben verdienen könne,
277 2565 1221 2678 wolle er das handwerck aūfgeben.
253 2623 1260 2740 Im vbrigen beharrete diser jnngold
274 2691 1250 2805 daß er mit dem schnethönn nichts
269 2751 1200 2865 zuschaffen gehabt, und daß seine
282 2810 1196 2919 letstere Bekantnuß vor dem Ir
275 2869 1288 3006 landvogt zu Trachßelwald die Bloße
284 2958 1277 3068 Wahrheit seye darbey er auch verblei¬
293 3010 1231 3151 ben thuye, bette anbey Gott und
280 3107 1245 3226 ein hoche oberkeit wegen seines
277 3179 1261 3307 begangenen großen fehlers vmb
267 3258 1066 3365 gnad und vmb verzeichung
1322 1161 1420 1268 R
1328 1471 1380 1557 2
1325 1569 1402 1679 R:
1323 1701 1412 1797 R.
1331 2035 1418 2128 2
1326 2413 1420 2512 E
1334 2603 1389 2711 A
2251 581 2377 672 .
1355 616 2379 755 Als nun der i6 dito Mehhhl die
1415 719 2421 836 Examinatores das mit diesem Christen
1403 787 2368 898 Inngold angefangene txamen in
1414 875 2412 959 fernerem fort gesezt, hat derselbe nach
1417 911 2381 1014 Abermahls beschechener Kräfftigen
1418 979 2409 1099 vermahnung folgende bekantnuß
1407 1066 1648 1162 gethan.
1438 1126 2413 1272 Was er sich seith hero Gesinnet, ob Er
1423 1225 2351 1349 nun mehro sein hertz zuraumer
1414 1293 2398 1422 gedenke, oder fernere Martter er¬
1439 1384 1844 1469 warten wolle.
1433 1465 2334 1553 Er habe alles gesagt lonser lonße
1446 1523 2428 1657 Ob er keine mehrere Stampfel gemacht
1437 1627 2414 1721 Als die jenigen vier so er bereits bekent
1445 1681 2387 1815 Nein Er habe nit mehr dann zigen
1430 1754 2409 1874 Rappen Stampfel gemacht, einen fur
1445 1823 2418 1910 seinen Vatter und einen fur Ihn, den
1419 1891 2457 2008 Kreutzer Stempfel habend sie Ins gemein¬
1438 1959 1678 2079 gehabet.
1450 2020 2394 2127 die viel er von denen falschen Kreu¬
1435 2113 1941 2216 zeren verbraucht.
1457 2192 2392 2299 Er habe etwann fur 9 b davon ge¬
1450 2260 2388 2363 nomen und den Leuthen geben
1439 2340 2426 2445 die vbrigen habe Er dem Vatter gelaßen
1472 2417 2440 2497 Ob nit andere mehr dort herumbfal¬
1451 2491 2410 2591 Iche muntz gemacht: vnd was gottung
1448 2547 2023 2655 Muntz sie geschlagen.
1450 2634 2440 2750 Es habe der Langenegger vnd Schuethoni
1459 2720 2434 2817 in deß Langeneggers Hanß 11. Schilliger
1450 2778 2407 2868 und 3 krenzler gemacht und haben
1452 2841 2431 2954 angefangen darvon vnder den Leu¬
1448 2910 2413 3019 sthen außgeben, under anderem in
1443 2970 2436 3081 deß Weinschencken hauß zu Langnauw
1452 3023 2416 3138 da habe der Weinschenck die falschen
1443 3093 2441 3224 drey Krützler zusamen gethan, und dem
1442 3154 2349 3299 Langenegger Bottschafft geschickt
1440 3230 2430 3368 Er wolle ihn und den schuethöni eer
1454 3320 2416 3436 klagen, darvff sie geflochen, dises
2276 3386 2431 3477 habe
