3024 4032
263 651 1258 785 20. Der wetzer Güffer Murgenthaler und Glaser Ull
371 736 1286 846 der frau landtvögtin Freüdenreich im Sumpffver
366 802 1263 897 lichonen herbst 2 jahr nachts eingebrochen, ein
363 866 1264 984 bott ziechen und einsaschen mit Jorg gestohlen
359 910 966 1036 und zesamen umb 5 l verkauffen.
605 1016 696 1063 11.
234 1036 304 1099 21.
338 1009 1282 1144 uffgemelter Weger güffer und Murgenthaler
354 1093 1279 1210 habend zu keiben ein belt, welches sy dem wehrt
349 1144 1267 1267 zu Bieterlen umb 4 s verhandlet und zu lysach
229 1176 323 1267 sere
350 1213 1267 1320 ein kaffen und pfaren genommen, so sy einem
352 1277 481 1348 Kupff
613 1277 821 1368 sb 3 l
518 1280 607 1377 hm
154 1300 219 1373 22
221 1289 478 1386 daß hieler
839 1279 1303 1398 verkont auch noch deß
667 1327 866 1375 eles vryge
254 1354 348 1397 weyer.
652 1347 807 1400 u dase
881 1337 1029 1400 r
405 1354 650 1408 Bheggberg
1110 1363 1257 1407 estollen.
246 1379 289 1415 der
596 1368 1321 1453 nd eb dem wihrt zu leüpligen, alda sie beyeinanderen
153 1375 290 1476 3
309 1375 463 1451 hel
464 1382 961 1454 et ein darbett ent
422 1421 1184 1521 vermog extraet Giern Büchs
323 1485 1300 1651 Vom Lobl Standt Soloklurn bekennte dar dn
341 1582 1294 1712 Aa. epembris 1717 daselbsten hingerichtete Hanns
332 1655 1312 1787 Caspar Horniger von Donischwyll Leitz burger ambto
332 1753 1309 1893 daß als er zu Uhestorff sich bey dem Treyer befunden,
336 1832 1306 1963 Jomelter weyer nachts bey der ammen oben zug
347 1913 1303 2014 geholt, habe auch zong gebracht und einem müller
360 1974 975 2075 3. Impon verkauffen wollen.
342 2054 1285 2191 Danne seyee tretzer mit einer weibspersohn
350 2152 1307 2263 nachts außgangen garn zeholen und als sy wider
347 2210 1314 2336 komon haben sy garn gebracht und anbey gereidet
340 2293 927 2404 daß sy schon 3 thrl bekommen.
288 2374 1283 2511 Vorners habe des weyer einem mann zu Salm
341 2465 1273 2579 im Bucheggberg 30 jhren in srento solz genommen.
303 2568 1317 2711 Nochdemme nun dieher hannb wreger letstverlichen
349 2672 1315 2773 25. martii drunden hinder landtshuet ergeffe
343 2721 1312 2844 und allhär in hochoberkeitliche bond und gefangen.
333 2784 1283 2927 schafft gebracht worden, ist selbiger daruff anß
346 2849 1311 2996 oberkeitlicher verordnung durch mulhhen rahts
330 2924 1295 3066 Herren steiger den gregeren mit zethun ihr
324 3006 1285 3125 gnde dieneren herren großweibel giHooffs
337 3053 1301 3199 und grichtschreibwrer Wyldenbachs den 20. und
339 3135 1278 3264 25. aprilis item den 16. 48 und 30 may
332 3190 1307 3341 diß touffenden d743 jahrs und also zu perschin
324 3265 1311 3426 denenmahlen und zwar erstlichen nur ernstwren
1095 3365 1299 3470 hernach
1361 1607 1408 1668 2.
2227 589 2392 717 22.
1446 671 2438 843 Hernach aber auch pimlich mit anzickung deß 45 lb
1496 751 2416 897 60 lb und centuariam Stins über sietor gedach
1489 816 2375 938 bereits auff ihne bekandte und andere verrichtlich
1478 894 2372 994 begangene diebstähl, wie auch nächtliche einbruchen
1478 931 2367 1054 examiniert, jedoch von demselben ohngeacht aller
1484 999 2391 1137 angewendter Marter nichts als diese bekanntnuß
1487 1061 1809 1179 gebracht worden.
1373 1141 2362 1287 1. Namlichen und für das erste, aß w allein und ohne
1487 1243 2397 1348 Hulff no 1713 dem khnyer im Sumpff bey Jurg
1482 1311 2376 1416 dorff eine kalbeten nachts auß dem stall genommen,
1488 1363 2386 1474 her Jurgdorff Holtz geschlachtet ein theill vom fleisch
1473 1425 2365 1530 daselbst vergraben und das übeige sambt dem
1496 1488 2106 1596 eeschlitt nach haus getragen
1481 1564 2416 1704 daß er mit hulff des Hanns Frey eines schniders
1493 1658 2371 1757 on hulzligen und des Rohfdis bey Cappelen
1475 1722 2351 1818 obenhar Riederen einem bouren der Bekg daur
1478 1784 2351 1882 genont seine impen deren 6 gelesen gestohlen
1487 1845 2367 1959 das hong in des schneiders haus außgelaßen
1487 1908 2391 2029 und deßere bey 244 maßen zu Langnonen verkaufft
1384 2025 1436 2121 3
1487 2002 2365 2140 habe er mit hulff des Murgenthalers dem
1451 2094 2095 2204 Müller im dach 3 oder 14 und
1398 2190 1440 2254 4
1466 2175 2398 2302 Nit weit von Ruffenachs 5 oder 6 jungen genommen.
1399 2278 1449 2351 5.
1477 2260 2336 2384 Obenhar Neuwmegg mit zetlun gedachten
1450 2339 2412 2443 Mergenthalers ung des rohtelis ein Mas pfrüreli
1486 2400 2403 2513 bey 20 ellen raules tuch und eine Jophen gestohlen
1393 2462 2400 2602 6. Mit hülff obgedachten Hanns Frey zu Oberscheeli
1488 2567 1899 2666 hween impen, und
1390 2627 2391 2752 7 zu Wolken 3 oder u gmpen verderb und genommen
1394 2734 1421 2798 8
1474 2706 2338 2850 zu gedachter wohlen noch bey 23 lb garn
1506 2798 1855 2906 ab einer stangen
1455 2867 2412 3000 Im obersten haus zu Buchsgg Solothurner gebiete
1380 2902 1435 2979 9.
1466 2959 1926 3065 widrumb 2 jugen
1379 3033 1446 3123 10
1484 3029 2426 3151 und drunden auff dem suchßor berg noch zon
1477 3106 2389 3236 Impen gestohlen, ob wilchen detsteren sy aber
1485 3187 2367 3294 verragt worden, deßtwagen sy die gripen im
1478 3258 1834 3363 holh stehen laßen.
2190 3273 2403 3378 bekennte,
