3024 4032
136 1239 228 1335 D
144 1405 219 1510 R.
160 1501 238 1603 E
105 1753 242 1871 Roo.
137 2581 230 2720 R.
245 592 1230 743 Sagte er, er besinne sich, daß er vor
245 707 1221 830 ohngefehrd 12 Jahren dem Stiffel
239 774 1252 894 macher Hauß Leemann habe geholden
253 833 1246 953 an einem Batzen stempfel machen
261 915 1229 1028 auch habe er demselben Leemann et
267 978 1257 1096 was auß einem Büchlin abgeschrieben
273 1040 1245 1173 welches Ihme der Jacob Vungold geben
250 1115 1257 1268 so von Kupffer weiß zumachen rede
268 1236 1236 1356 Was er an demselbigen Batzenstamp¬
268 1306 631 1414 fel Gemacht
262 1405 1233 1517 Er habe den Ring darumb gestochen
265 1490 1246 1595 Ob er sonsten nichts weiters darann
262 1563 679 1662 gemacht habe?
254 1634 708 1751 Nei gar nicht.
263 1719 1237 1843 Mann habe ihne so offt auff der vn¬
284 1806 1247 1926 wahrheit befunden, daß mann ihme
266 1873 1238 1992 nicht könne glauben zustellen
260 1959 1257 2072 es konne nicht anders seyn, Als daß
251 2029 1241 2149 Er noch andere stempffel mehr, als
251 2091 1252 2227 aber nur den Zuger stempffel und
262 2174 1258 2301 gantz Batzen stempffel muße ge¬
259 2242 1229 2380 macht haben, dann sonsten er nit
248 2318 1237 2440 häte wurden 30 l und widerumb
264 2399 1219 2515 31. thaler geben, daß Mann ihm
260 2487 848 2603 selbiges verschloeige
276 2562 1245 2690 Mehrere Stämpffel Als dise zwen die
275 2618 1258 2776 er schon vor 14 jahren und zwar beide
280 2705 1250 2824 in einem Jahr verfertiget, habe er
285 2780 1264 2890 ninmahl nicht gemacht, Es seye auch
275 2842 1243 2976 nicht minder, dann daß er dises
280 2928 1258 3047 gelt dem Bühler geben, allein er
271 2979 1257 3113 habe ihn mächtig bedröüwt, dar¬
267 3073 1191 3184 umb habe er Ihme auch die
268 3137 1257 3279 Obligation darzu herauß geben
945 3305 1268 3459 weiln
2236 382 2409 510 38
1398 474 2431 706 Weilen er aber ohngeacht alles
1394 540 2428 811 ernstlichen zusprechens nicht weiters
1400 608 2455 837 bekantlich seyn wollen haben Mehhl
1394 713 2430 926 Examinatoren befohlen Ihne mit
1397 788 2399 986 fährer Marter auffzuziechen, da
1384 885 2359 1058 dann auch der Leemann ihme
1401 974 2395 1118 vnder Augen erhalten, daß er
1399 1024 2410 1212 den einten Stempfel gantz und
1397 1125 2429 1299 an dem anderen noch daß Creütz
1395 1229 2446 1375 gemacht, Worauff er bekent, daß
1411 1328 2457 1468 er an diesem deß Leemans stemp¬
1411 1374 2470 1536 fel neben dem Ring noch die buch¬
1410 1480 2447 1625 staben darumb gemacht, sonsten
1423 1564 2416 1693 Beiters nichts, Buße auch nicht
1413 1664 2463 1791 Ob ihn jemand hernach auß gemacht
1402 1739 2406 1857 habe oder nicht, und wann er sich
1423 1823 2415 1930 nicht betriege, so vermeine Er
1415 1907 2434 2008 daß der Leemann noch den Schilt
1427 1974 2436 2100 darin gestochen, den vnderen
1412 2057 2337 2176 stempffel aber, habe er mit
1406 2156 1647 2255 gesehen.
1391 2241 2448 2382 Aūff Anzeigen Aber deß Leemans
1411 2346 2467 2470 daß er loeder lesen noch stechen könne
1405 2430 2407 2528 sagte der Müller, Er glaube der
1402 2494 2445 2630 Schilt darinnen seye schon gemacht
1413 2579 1596 2675 Isein
1420 2666 2473 2806 der Leemann aber beharrete, daß
1410 2740 2438 2883 der Vlli Muller auch den Schilt
1413 2823 2450 2959 so ein Luerner schilt gewesen
1426 2898 2451 3027 im Schuppachgraben daruin ge¬
1422 2952 1670 3101 stochen.
1419 3070 2421 3264 Derowegen auff so vielfaltiges
1439 3193 2461 3310 parieren und hartnäckigen lang
1419 3267 2242 3386 nen deß Müllers mehhl
2247 3381 2480 3511 Examb
