3024 4032
206 3176 286 3298 9
239 987 282 1052 2
248 1387 291 1463 3
344 640 1303 801 zu Sryßwyll nachts eingebrochen, daselbsten baldzung
369 741 1308 874 mb höng bschlachen, Hanol, luch sor und kirßfersharn
356 818 1284 915 gesohlen, welche sachen sy dem wehrt zu Reiben umb
355 878 653 954 a8s verkaufft
332 935 1285 1074 Daß w wreyer mit obgedachter seiner diebsbande
359 1021 1273 1123 zu Gaßle bey diglen dem krn alt landrtvogt
341 1082 1276 1205 von Wattenwyll nächtlicher weill in sein haus
353 1156 1282 1273 gebrochen daselbsten beldzrüg umb zang, gennge
361 1204 1297 1317 konnen Blalden Toller und ein küpfferhassen
346 1271 1304 1395 entlendt und in der stalt Freyburg verkaufft
335 1367 1263 1509 digend sy eßgedachtem yken alt landvvogt
320 1454 1290 1587 von Wattenwyll auch im Melchenbühl bey nacht
334 1521 1294 1637 eingebrochen, ein balt belthang Gaque fusil
306 1593 1278 1723 degen und jinnige konnen gestohlen und solches
335 1654 1300 1789 dem fronen wührt zu viel umb a4 b verkonfft
335 1751 1273 1890 habe gedünter Teger mit helff vorgemelten
244 1792 309 1897 4
296 1844 1260 1953 Diebsgundts verlichenen winter ein jahre
346 1909 1274 2020 dem herren landtvogt Wagner zu Altigkhoffen
313 1981 1310 2091 Nächtlicher weill Eingebrochen bldzeng, umb ze¬
306 2042 1276 2167 farzil kannen und ginige aller gestohlen.
329 2106 1323 2231 und selbige einem weihrt zu diel umb 17 l verkanen.
368 2209 1278 2357 Aenne Bekennteider Murgentaler
667 2312 999 2424 absonderlich.
427 2311 666 2403 wrbet bert
219 2374 1251 2506 Daß der weyer er Murgenthaler der Glaser
337 2463 1305 2569 Alli und der güffer zu Meuri dem jhre majoren
318 2531 1279 2646 von Waltmwyll nachts eingebrochen etwelches
346 2591 1303 2719 beltzang und hembder gestohlen und zu Merten
343 2674 576 2776 Vorkaufft
341 2767 1284 2900 Seyend der weyer Murgenthaler und güffer
257 2806 303 2905 6.
340 2822 1305 2958 zu Waberen der frau alt landtvogtin von Lauternan
349 2896 1273 3044 nachts eingebrochen, ein dackbalt haubtküßi
330 2968 1313 3106 umbhang und zinigen gschier gestollen und selbig
334 3019 1300 3175 dem darenwührt zu Laupen umb 17 l verkoufft
330 3114 1300 3287 Habind er Treyer Murgenthaler und guffer einem
328 3176 1293 3324 Bauren zu Siglen eindik schwein gestohlen und
312 3280 1072 3415 zu Solothurn bey 7 jhr verkaufft
1147 3359 1251 3442 Er etc.
1420 727 1467 795 8.
1435 781 1493 844 I
2236 599 2388 722 1
1511 686 2393 829 treyer mit obigen beyden und dem Blaser Ulli zu
1502 768 2415 903 gommerkinden einkalbeten entführt und zu Nydau
1516 826 2068 922 umb d4 thre verhandlet
1484 881 2399 1028 Dee treyer und das Röchteli des Wibel Heermans
1505 975 2414 1108 he erben im liechtgutt ein ehrigen kaffen genommen.
1495 1033 2260 1160 und zu Solothurn gmb zu z verkaufft.
1388 1127 1439 1220 10.
1499 1115 2380 1244 er weyer allein habe dem haubtmann Lugibühl
1502 1196 2390 1316 wie auch dem steldler und gänmann im oberthall
1485 1258 2374 1359 ihre zirpen gestohlen, darvon er bey 24 mas Hong
1504 1322 2430 1435 bekomen und solches im Louperl Wyll schachen verkaufft
1443 1403 2386 1525 Daß er treyer, das einte güscherli und dus Röhlelin
1377 1445 1442 1517 d2
1491 1482 2401 1587 dem Peter schenck zu Helischwond 54 b gestohlen.
1781 1543 1888 1628 o9
1378 1558 1439 1652 12.
1488 1573 2404 1683 Der Teyer auffer und Murgenthaler dem Ulli Meyer
1490 1644 2398 1743 zu Steinen bey signoul eine h k khue entführt
1480 1696 2413 1803 und selbige im lucerner gebieth umb 13 h verkaufft.
1496 1775 2364 1906 habend erstgemelte deyen sommr 1 b dem
1386 1813 1428 1882 13
1396 1880 1444 1940 f
1502 1861 2428 1954 danns stuch auff der multen bey 30 b gelt entlaendt
1395 1977 1470 2054 14
1476 1954 2407 2057 Der Treyer und Mhergenthaler dem Balti zu kleinen
1454 2021 2424 2132 Dietwyll ein pferdt gestohlen und selbiges im Lucr
1499 2081 2166 2189 ner gebith umb 20 suverkaufft
1410 2100 1478 2186 ur
1385 2167 1447 2261 15.
1484 2151 2400 2287 Keyer, güffer Glaser Ulli und Schertenlib einem
1475 2242 2391 2334 dauren zu Schorren zuvon Broulen stieren auß der
1476 2296 2378 2403 Weyd gestohlen und selbige dem wichet zu Laugen
1480 2358 2253 2467 Lucerner gebieths umb 30 ß verkonfft
1502 2442 2428 2564 Ceyer Hüffer und Schortenleib No 1715 zu Wynau
1491 2521 2433 2623 ein khne genommen, welche sy dem wehrt im morgen
1491 2575 1958 2688 sthal werb 7 s verkaufft.
1372 2673 1438 2748 17
1487 2659 2403 2795 Dar Treyar gusser und Morgenshaler no 1715. den
1494 2746 2397 2859 Müller Ull von Malchnone eine klür entführet
1493 2802 2396 2916 welche sy dem undervogt zu groß dietwyhl umb
1489 2866 1811 2957 d2 lb verkaufft
1372 2920 1440 3034 18.
1478 2936 2423 3078 und zu Pfaßnaue 2 khüe selbige zu gommers wyll
1485 3024 2370 3126 umb 20 3 verkaufft, aber eur 1 ihren darvor
1486 3092 2330 3186 gebracht, weilen sy verkhundtschafftet worden
1382 3175 1477 3264 191
1497 3149 2367 3286 Eißgemelte dey widrumb deim moten Bartli zu
1498 3223 2358 3350 Int wyll eine khu genomen, selbige derr Weibeb
1487 3298 2193 3414 zu uffhorsen umb 16 ß verkanfft
2257 3340 2387 3422 Der
