<?xml version="1.0" encoding="UTF-8" standalone="yes"?>
<PcGts xmlns="http://schema.primaresearch.org/PAGE/gts/pagecontent/2013-07-15" xmlns:xsi="http://www.w3.org/2001/XMLSchema-instance" xsi:schemaLocation="http://schema.primaresearch.org/PAGE/gts/pagecontent/2013-07-15 http://schema.primaresearch.org/PAGE/gts/pagecontent/2013-07-15/pagecontent.xsd">
    <Metadata>
        <Creator>prov=University of Rostock/Institute of Mathematics/CITlab|PLANET AI GmbH/Gundram Leifert/gundram.leifert@planet-ai.de:name=German_Kurrent_XVI-XVIII_M1(htr_id=19584)::::v=2.6.7
prov=University of Rostock/Institute of Mathematics/CITlab|PLANET AI GmbH/Tobias Gruening/tobias.gruening@planet-ai.de:name=de.uros.citlab.module.baseline2polygon.B2PSeamMultiOriented:v=2.6.7
prov=University of Rostock/Institute of Mathematics/CITlab|PLANET AI GmbH/Tobias Gruening/tobias.gruening@planet-ai.de:name=/net_tf/LA73_249_0mod360.pb:de.uros.citlab.segmentation.CITlab_LA_ML:v=2.6.7
Transkribus</Creator>
        <Created>2021-03-11T14:07:49.555+01:00</Created>
        <LastChange>2022-09-12T15:10:39.993+02:00</LastChange>
        <TranskribusMetadata docId="1334842" pageId="52362364" pageNr="124" tsid="114644168" status="IN_PROGRESS" userId="9570" imgUrl="https://files.transkribus.eu/Get?id=GSNIVSVGDDFYYLMGDHCJNUPE&amp;fileType=view" xmlUrl="https://files.transkribus.eu/Get?id=CQFCGBWWHQFMCEGKNPODLLIQ" imageId="19039015"/>
    </Metadata>
    <Page imageFilename="IMG_9205.jpg" imageWidth="3024" imageHeight="4032">
        <ReadingOrder>
            <OrderedGroup id="ro_1687513674633" caption="Regions reading order">
                <RegionRefIndexed index="0" regionRef="r1"/>
                <RegionRefIndexed index="1" regionRef="r2"/>
                <RegionRefIndexed index="2" regionRef="r3"/>
            </OrderedGroup>
        </ReadingOrder>
        <TextRegion orientation="0.0" id="r1" custom="readingOrder {index:0;}">
            <Coords points="315,709 315,3376 1322,3376 1322,709"/>
            <TextLine id="r1l1" custom="readingOrder {index:0;}">
                <Coords points="476,792 566,767 636,805 700,757 782,743 980,781 1111,749 1256,768 1254,691 1204,662 1167,686 981,667 841,695 686,650 592,706 474,712"/>
                <Baseline points="482,765 520,762 558,758 597,755 635,752 674,749 712,746 750,744 789,741 827,738 866,737 904,735 942,735 981,735 1019,735 1058,737 1096,738 1134,740 1173,745 1211,748 1250,755"/>
                <TextEquiv>
                    <Unicode>Aufgenommene information.</Unicode>
                </TextEquiv>
            </TextLine>
            <TextLine id="r1l2" custom="readingOrder {index:1;}">
                <Coords points="323,886 545,864 571,886 676,844 898,868 980,833 1089,866 1147,839 1269,857 1276,816 1124,762 1037,792 705,756 636,805 373,803 321,830"/>
                <Baseline points="329,873 376,870 423,868 470,865 517,861 564,857 611,854 658,849 705,846 752,842 800,839 847,837 894,836 941,834 988,833 1035,834 1082,834 1129,837 1176,841 1223,846 1271,852"/>
                <TextEquiv>
                    <Unicode>Nachdemen ihr gnaden hinderbracht worden</Unicode>
                </TextEquiv>
            </TextLine>
            <TextLine id="r1l3" custom="readingOrder {index:2;} person {offset:21; length:22;}">
                <Coords points="330,955 386,925 894,897 975,932 1050,893 1296,925 1294,870 1228,849 1075,870 984,833 893,869 730,845 659,882 470,865 329,900"/>
                <Baseline points="335,921 382,920 430,918 478,915 525,913 573,910 621,908 668,905 716,902 764,900 812,897 859,896 907,894 955,893 1002,893 1050,893 1098,894 1145,896 1193,899 1241,904 1289,909"/>
                <TextEquiv>
                    <Unicode>ob solte der von dem freyweibel von Thurnen in verhafftn</Unicode>
                </TextEquiv>
            </TextLine>
            <TextLine id="r1l4" custom="readingOrder {index:3;}">
                <Coords points="330,976 1303,967 1302,923 1225,900 974,932 883,903 726,930 621,909 330,955"/>
                <Baseline points="336,968 384,966 432,965 480,963 528,962 576,960 624,959 672,957 720,955 768,954 816,953 864,951 912,951 960,951 1008,951 1056,953 1104,954 1152,956 1200,959 1248,963 1296,968"/>
                <TextEquiv>
                    <Unicode>allhero gebrachte elende mensch namens sheidtig</Unicode>
                </TextEquiv>
            </TextLine>
            <TextLine id="r1l5" custom="readingOrder {index:4;} place {offset:11; length:9;}">
                <Coords points="309,1027 1297,1017 1296,980 1243,993 1209,963 309,983"/>
                <Baseline points="315,1019 363,1017 412,1017 461,1016 510,1014 558,1013 607,1011 656,1008 705,1007 753,1005 802,1004 851,1002 900,1001 948,1001 997,1001 1046,1002 1095,1004 1143,1006 1192,1009 1241,1014 1290,1020"/>
                <TextEquiv>
                    <Unicode>Butzer von Kaußdorff sich leider in so weitver</Unicode>
                </TextEquiv>
            </TextLine>
            <TextLine id="r1l6" custom="readingOrder {index:5;}">
                <Coords points="321,1097 666,1060 802,1097 950,1057 1153,1108 1297,1087 1297,1021 320,1025"/>
                <Baseline points="327,1067 375,1067 423,1065 471,1064 519,1063 567,1062 615,1061 664,1060 712,1059 760,1058 808,1058 856,1058 904,1058 952,1058 1001,1059 1049,1059 1097,1061 1145,1062 1193,1065 1241,1068 1290,1071"/>
                <TextEquiv>
                    <Unicode>geßen und der erschrcklichen und abscheülichen sund</Unicode>
                </TextEquiv>
            </TextLine>
            <TextLine id="r1l7" custom="readingOrder {index:6;}">
                <Coords points="330,1125 703,1137 769,1108 917,1149 1002,1112 1134,1154 1284,1145 1284,1095 1112,1104 943,1057 804,1097 619,1061 331,1089"/>
                <Baseline points="336,1118 383,1116 430,1116 477,1116 524,1115 571,1115 618,1113 665,1113 712,1112 759,1112 807,1112 854,1110 901,1112 948,1112 995,1113 1042,1114 1089,1116 1136,1119 1183,1122 1230,1126 1278,1131"/>
                <TextEquiv>
                    <Unicode>der bestialites theilhafft gemacht haben, habend</Unicode>
                </TextEquiv>
            </TextLine>
            <TextLine id="r1l8" custom="readingOrder {index:7;}">
                <Coords points="332,1174 491,1211 539,1179 738,1207 799,1171 847,1209 986,1169 1239,1187 1239,1163 1058,1124 1009,1151 848,1150 771,1110 626,1142 583,1114 333,1129"/>
                <Baseline points="339,1166 383,1167 428,1167 473,1169 517,1169 562,1169 607,1169 651,1169 696,1169 741,1167 786,1167 830,1167 875,1167 920,1167 964,1167 1009,1169 1054,1169 1098,1170 1143,1173 1188,1176 1233,1179"/>
                <TextEquiv>
                    <Unicode>herauf hochgedacht wyhli deroselben dieneren</Unicode>
                </TextEquiv>
            </TextLine>
            <TextLine id="r1l9" custom="readingOrder {index:8;}">
                <Coords points="372,1200 384,1200 390,1197 395,1201 404,1199 410,1205 414,1204 417,1208 422,1203 428,1204 430,1178 423,1177 413,1181 410,1179 401,1183 393,1177 392,1179 384,1171 374,1170"/>
                <Baseline points="378,1196 423,1199"/>
                <TextEquiv>
                    <Unicode></Unicode>
                </TextEquiv>
            </TextLine>
            <TextLine id="r1l10" custom="readingOrder {index:9;}">
                <Coords points="330,1247 382,1266 465,1230 621,1269 863,1227 909,1259 1139,1230 1202,1270 1299,1252 1299,1204 1215,1211 1137,1173 918,1177 807,1215 671,1182 416,1209 331,1175"/>
                <Baseline points="336,1227 383,1229 431,1229 479,1230 527,1230 575,1229 623,1229 670,1227 718,1227 766,1226 814,1226 862,1224 910,1224 958,1224 1005,1226 1053,1226 1101,1229 1149,1231 1197,1235 1245,1238 1293,1244"/>
                <TextEquiv>
                    <Unicode>mirhl und grichtschreibern aufgetragen, die dißer</Unicode>
                </TextEquiv>
            </TextLine>
            <TextLine id="r1l11" custom="readingOrder {index:10;}">
                <Coords points="320,1322 610,1284 688,1308 836,1286 919,1329 1037,1290 1096,1316 1135,1289 1206,1331 1302,1308 1301,1251 1199,1272 1139,1238 1031,1265 730,1233 621,1270 421,1230 382,1265 321,1256"/>
                <Baseline points="327,1284 375,1284 423,1286 472,1286 520,1286 569,1286 617,1286 665,1284 714,1284 762,1284 811,1283 859,1283 907,1284 956,1284 1004,1285 1053,1287 1101,1289 1149,1293 1198,1297 1246,1302 1295,1308"/>
                <TextEquiv>
                    <Unicode>tige dnformation diesers schandlichen fahls aufze</Unicode>
                </TextEquiv>
            </TextLine>
            <TextLine id="r1l12" custom="readingOrder {index:11;}">
                <Coords points="330,1352 936,1345 1006,1387 1122,1350 1208,1402 1278,1373 1278,1325 1246,1313 1159,1331 1040,1290 929,1328 813,1291 695,1328 571,1301 331,1320"/>
                <Baseline points="336,1340 382,1340 429,1341 476,1341 523,1341 570,1341 616,1341 663,1341 710,1341 757,1343 804,1343 850,1343 897,1343 944,1344 991,1346 1038,1347 1084,1349 1131,1352 1178,1353 1225,1356 1272,1361"/>
                <TextEquiv>
                    <Unicode>nemen, welche zu volg deßen befelchs den 10t</Unicode>
                </TextEquiv>
            </TextLine>
            <TextLine id="r1l13" custom="readingOrder {index:12;}">
                <Coords points="309,1439 396,1407 444,1442 480,1415 530,1439 609,1403 696,1453 1182,1451 1182,1390 1112,1363 1005,1388 941,1350 874,1370 719,1345 425,1377 309,1344"/>
                <Baseline points="315,1404 358,1404 401,1404 444,1403 487,1403 530,1403 573,1403 616,1403 659,1403 702,1403 745,1403 788,1403 831,1403 874,1403 917,1404 960,1404 1003,1406 1046,1407 1089,1409 1132,1410 1176,1413"/>
                <TextEquiv>
                    <Unicode>obis nachvolgende persohern vernommen.</Unicode>
                </TextEquiv>
            </TextLine>
            <TextLine id="r1l14" custom="readingOrder {index:13;} person {offset:0; length:11;} place {offset:16; length:10;}">
                <Coords points="329,1543 535,1531 640,1561 761,1517 1260,1546 1244,1452 985,1480 328,1456"/>
                <Baseline points="335,1532 380,1530 426,1529 472,1527 518,1526 564,1524 610,1523 656,1522 702,1520 748,1520 794,1518 839,1517 885,1517 931,1517 977,1517 1023,1517 1069,1518 1115,1520 1161,1521 1207,1525 1253,1527"/>
                <TextEquiv>
                    <Unicode>Hans Bülver von Stümlingen zeügete.</Unicode>
                </TextEquiv>
            </TextLine>
            <TextLine id="r1l15" custom="readingOrder {index:14;}">
                <Coords points="333,1630 600,1590 724,1629 877,1605 911,1633 1015,1583 1302,1625 1302,1554 962,1517 583,1571 494,1542 333,1554"/>
                <Baseline points="339,1590 386,1590 434,1590 482,1590 530,1590 578,1589 626,1587 673,1587 721,1586 769,1585 817,1584 865,1584 913,1583 961,1583 1008,1584 1056,1584 1104,1586 1152,1587 1200,1590 1248,1593 1296,1596"/>
                <TextEquiv>
                    <Unicode>Er sey an einem sonntag ohngefehr un derhalb guten,</Unicode>
                </TextEquiv>
            </TextLine>
            <TextLine id="r1l16" custom="readingOrder {index:15;}">
                <Coords points="330,1657 603,1681 952,1640 1246,1684 1296,1622 1198,1589 1082,1614 1035,1584 917,1629 459,1599 330,1637"/>
                <Baseline points="336,1650 383,1650 431,1650 479,1650 526,1650 574,1650 622,1649 669,1649 717,1647 765,1647 813,1646 860,1646 908,1646 956,1646 1003,1646 1051,1646 1099,1646 1146,1647 1194,1649 1242,1650 1290,1653"/>
                <TextEquiv>
                    <Unicode>brunnen vorbeygangen um sein pfennloehrt zu suchen</Unicode>
                </TextEquiv>
            </TextLine>
            <TextLine id="r1l17" custom="readingOrder {index:16;}">
                <Coords points="324,1703 435,1749 543,1705 844,1730 904,1702 979,1748 1129,1707 1296,1725 1296,1657 1174,1683 952,1640 893,1677 741,1685 688,1655 603,1681 324,1657"/>
                <Baseline points="330,1700 378,1701 426,1703 474,1703 522,1703 570,1703 618,1703 666,1703 714,1701 762,1701 810,1701 858,1701 906,1701 954,1701 1002,1701 1050,1703 1098,1703 1146,1705 1194,1707 1242,1710 1290,1713"/>
                <TextEquiv>
                    <Unicode>da habe er von beitem einen kerli gesehen, der da</Unicode>
                </TextEquiv>
            </TextLine>
            <TextLine id="r1l18" custom="readingOrder {index:17;}">
                <Coords points="324,1804 399,1761 661,1796 701,1758 831,1795 1100,1760 1253,1796 1314,1786 1314,1731 1082,1706 977,1747 903,1703 840,1734 635,1706 534,1735 457,1702 324,1747"/>
                <Baseline points="330,1760 378,1760 427,1760 476,1760 525,1760 574,1760 623,1760 672,1760 721,1760 770,1760 819,1760 867,1760 916,1760 965,1760 1014,1758 1063,1758 1112,1758 1161,1758 1210,1757 1259,1757 1308,1757"/>
                <TextEquiv>
                    <Unicode>bey einem schaaß gelorsen, so an einem lebsaag ange</Unicode>
                </TextEquiv>
            </TextLine>
            <TextLine id="r1l19" custom="readingOrder {index:18;}">
                <Coords points="326,1842 552,1822 746,1862 971,1814 1097,1859 1173,1821 1313,1832 1313,1786 1167,1798 1098,1761 1058,1800 884,1801 792,1762 660,1798 398,1762 325,1803"/>
                <Baseline points="332,1821 380,1821 429,1820 478,1820 527,1818 575,1818 624,1817 673,1817 722,1817 770,1815 819,1815 868,1815 917,1814 965,1814 1014,1814 1063,1815 1112,1815 1160,1815 1209,1817 1258,1818 1307,1820"/>
                <TextEquiv>
                    <Unicode>bunden bart, da sey er hinzugangen und garnahe</Unicode>
                </TextEquiv>
            </TextLine>
            <TextLine id="r1l20" custom="readingOrder {index:19;}">
                <Coords points="320,1910 1109,1871 1199,1905 1304,1876 1270,1820 1089,1857 959,1822 812,1862 488,1824 320,1840"/>
                <Baseline points="326,1877 374,1878 423,1878 471,1878 520,1880 569,1880 617,1878 666,1878 714,1878 763,1877 812,1877 860,1876 909,1875 957,1874 1006,1874 1055,1873 1103,1872 1152,1872 1200,1871 1249,1871 1298,1871"/>
                <TextEquiv>
                    <Unicode>zuhin kohn, ohne daß er gewahret worden. und habe</Unicode>
                </TextEquiv>
            </TextLine>
            <TextLine id="r1l21" custom="readingOrder {index:20;} person {offset:17; length:5;}">
                <Coords points="340,1983 562,1934 767,1963 1029,1934 1145,1975 1197,1935 1253,1946 1253,1889 766,1880 632,1922 528,1885 339,1922"/>
                <Baseline points="345,1941 390,1941 435,1941 480,1940 525,1940 570,1940 615,1940 660,1938 705,1938 750,1937 796,1937 841,1935 886,1935 931,1934 976,1934 1021,1934 1066,1932 1111,1932 1156,1931 1201,1931 1247,1931"/>
                <TextEquiv>
                    <Unicode>gesehen, daß der Kerli Seadlichs sucher hinden</Unicode>
                </TextEquiv>
            </TextLine>
            <TextLine id="r1l22" custom="readingOrder {index:21;}">
                <Coords points="344,2004 482,2039 542,2011 623,2041 697,1998 962,2020 1180,1995 1250,2021 1307,2008 1307,1966 1106,1980 1026,1933 727,1947 667,1980 609,1943 478,1977 437,1947 344,1979"/>
                <Baseline points="350,1997 397,1997 445,1998 492,1998 540,1998 587,1998 635,1998 682,1998 730,1998 777,1998 825,1997 873,1997 920,1997 968,1995 1015,1995 1063,1995 1110,1994 1158,1994 1205,1994 1253,1994 1301,1992"/>
                <TextEquiv>
                    <Unicode>in dem schaaß gefunrt und seine schaam enttloßt</Unicode>
                </TextEquiv>
            </TextLine>
            <TextLine id="r1l23" custom="readingOrder {index:22;}">
                <Coords points="335,2079 732,2057 858,2101 1019,2058 1150,2094 1278,2061 1278,2034 1160,2040 1022,1996 961,2019 670,2000 616,2041 396,2008 335,2036"/>
                <Baseline points="341,2063 387,2063 434,2063 480,2061 527,2061 573,2061 620,2060 666,2060 713,2060 759,2058 806,2058 852,2058 899,2057 945,2057 992,2055 1038,2055 1085,2054 1131,2054 1178,2052 1224,2052 1271,2051"/>
                <TextEquiv>
                    <Unicode>hatte, mit der einten hand das schaaß bey dem horn</Unicode>
                </TextEquiv>
            </TextLine>
            <TextLine id="r1l24" custom="readingOrder {index:23;}">
                <Coords points="332,2135 915,2112 1105,2142 1175,2117 1214,2148 1289,2118 1288,2062 1140,2102 1020,2057 984,2093 839,2103 769,2064 716,2105 608,2063 332,2094"/>
                <Baseline points="338,2118 385,2118 432,2118 479,2118 527,2118 574,2118 621,2118 668,2118 716,2117 763,2117 810,2117 857,2115 905,2115 952,2115 999,2115 1046,2115 1094,2115 1141,2115 1188,2117 1235,2117 1283,2118"/>
                <TextEquiv>
                    <Unicode>hatte und die andere hand an der wüllen abloichte</Unicode>
                </TextEquiv>
            </TextLine>
            <TextLine id="r1l25" custom="readingOrder {index:24;}">
                <Coords points="347,2202 423,2185 484,2220 571,2185 862,2173 990,2207 1062,2178 1225,2195 1296,2181 1296,2117 1195,2154 1064,2120 845,2145 804,2118 605,2159 503,2124 418,2157 347,2138"/>
                <Baseline points="353,2174 399,2174 446,2175 493,2175 540,2175 587,2175 634,2175 680,2175 727,2175 774,2174 821,2174 868,2174 915,2172 962,2172 1008,2172 1055,2172 1102,2171 1149,2171 1196,2171 1243,2171 1290,2172"/>
                <TextEquiv>
                    <Unicode>darauf er den keel hart angeredt und gefragt, was</Unicode>
                </TextEquiv>
            </TextLine>
            <TextLine id="r1l26" custom="readingOrder {index:25;}">
                <Coords points="348,2263 1026,2229 1128,2274 1202,2239 1317,2243 1317,2209 1258,2179 1162,2217 1062,2180 1001,2211 702,2180 478,2221 348,2201"/>
                <Baseline points="354,2232 401,2232 449,2234 497,2234 545,2234 593,2234 641,2232 688,2232 736,2232 784,2231 832,2231 880,2231 928,2229 976,2229 1023,2229 1071,2229 1119,2229 1167,2229 1215,2229 1263,2230 1311,2231"/>
                <TextEquiv>
                    <Unicode>erda mache? antwortet der krel, Nud. Dasagte er</Unicode>
                </TextEquiv>
            </TextLine>
            <TextLine id="r1l27" custom="readingOrder {index:26;}">
                <Coords points="339,2339 427,2296 500,2342 559,2300 719,2335 790,2300 855,2324 1100,2294 1156,2325 1226,2286 1298,2298 1269,2232 1118,2272 934,2236 338,2267"/>
                <Baseline points="344,2297 391,2297 438,2297 486,2297 533,2295 581,2295 628,2295 675,2295 723,2294 770,2294 818,2292 865,2292 912,2291 960,2291 1007,2289 1055,2288 1102,2287 1149,2286 1197,2285 1244,2283 1292,2280"/>
                <TextEquiv>
                    <Unicode>gezeug, duschlimmer vogel ich solt ein zaunsteken</Unicode>
                </TextEquiv>
            </TextLine>
            <TextLine id="r1l28" custom="readingOrder {index:27;}">
                <Coords points="347,2377 713,2356 894,2397 958,2355 1187,2381 1298,2351 1297,2311 1233,2295 1172,2333 1085,2298 1045,2333 937,2305 346,2329"/>
                <Baseline points="353,2354 402,2354 451,2354 501,2354 550,2354 600,2354 649,2354 698,2355 748,2355 797,2355 847,2355 896,2354 946,2354 995,2352 1044,2352 1094,2350 1143,2348 1193,2345 1242,2342 1292,2339"/>
                <TextEquiv>
                    <Unicode>nemen und dich da niderschlagen, Du magst das</Unicode>
                </TextEquiv>
            </TextLine>
            <TextLine id="r1l29" custom="readingOrder {index:28;}">
                <Coords points="327,2457 433,2420 725,2413 999,2418 1052,2453 1119,2410 1154,2433 1282,2410 1292,2382 1121,2357 1062,2395 991,2362 927,2399 803,2396 734,2357 597,2354 326,2386"/>
                <Baseline points="332,2412 379,2412 427,2412 475,2414 522,2414 570,2414 618,2414 665,2414 713,2414 761,2414 809,2412 856,2412 904,2412 952,2411 999,2411 1047,2409 1095,2408 1142,2406 1190,2405 1238,2403 1286,2402"/>
                <TextEquiv>
                    <Unicode>Schaaß abbinden du lörst das wohl mehr trieben</Unicode>
                </TextEquiv>
            </TextLine>
            <TextLine id="r1l30" custom="readingOrder {index:29;}">
                <Coords points="350,2494 476,2472 588,2513 762,2472 860,2505 930,2470 1039,2501 1098,2462 1173,2489 1317,2464 1261,2404 1159,2437 1065,2411 1001,2442 736,2414 349,2439"/>
                <Baseline points="356,2468 403,2468 451,2469 499,2469 546,2469 594,2469 642,2468 689,2468 737,2468 785,2468 833,2466 880,2466 928,2465 976,2465 1023,2463 1071,2462 1119,2461 1166,2459 1214,2457 1262,2456 1310,2454"/>
                <TextEquiv>
                    <Unicode>haben du elender Mensch woraufer nichts ge-</Unicode>
                </TextEquiv>
            </TextLine>
            <TextLine id="r1l31" custom="readingOrder {index:30;}">
                <Coords points="347,2543 1312,2549 1295,2495 1094,2466 1029,2502 999,2477 775,2507 681,2480 587,2514 447,2471 394,2510 346,2492"/>
                <Baseline points="353,2526 400,2526 448,2528 495,2528 543,2528 591,2528 638,2528 686,2527 733,2526 781,2526 829,2525 876,2525 924,2524 971,2523 1019,2523 1067,2523 1114,2523 1162,2523 1209,2524 1257,2525 1305,2526"/>
                <TextEquiv>
                    <Unicode>antwortes. Da habe er das schaaff alsobald loos ge</Unicode>
                </TextEquiv>
            </TextLine>
            <TextLine id="r1l32" custom="readingOrder {index:31;}">
                <Coords points="345,2599 965,2589 1008,2620 1127,2587 1217,2621 1316,2594 1316,2558 1248,2550 950,2540 863,2569 623,2533 526,2567 345,2542"/>
                <Baseline points="351,2579 401,2580 451,2580 502,2580 552,2582 603,2582 653,2582 704,2582 754,2583 805,2583 855,2583 906,2583 956,2583 1007,2583 1057,2583 1108,2583 1158,2583 1209,2583 1259,2583 1310,2583"/>
                <TextEquiv>
                    <Unicode>laßen und das seil in den busen gestoßen, erger</Unicode>
                </TextEquiv>
            </TextLine>
            <TextLine id="r1l33" custom="readingOrder {index:32;}">
                <Coords points="351,2647 559,2634 611,2679 756,2646 847,2680 948,2638 1137,2672 1316,2651 1316,2603 351,2608"/>
                <Baseline points="357,2639 404,2639 452,2639 499,2639 547,2639 595,2640 642,2640 690,2640 738,2640 785,2642 833,2642 881,2642 928,2642 976,2642 1024,2643 1071,2643 1119,2643 1167,2643 1214,2643 1262,2643 1310,2643"/>
                <TextEquiv>
                    <Unicode>zeug aber habe grad hindricher dem schaaff 2 zeichen</Unicode>
                </TextEquiv>
            </TextLine>
            <TextLine id="r1l34" custom="readingOrder {index:33;}">
                <Coords points="362,2702 697,2737 760,2706 873,2731 1144,2699 1228,2730 1326,2701 1326,2655 1261,2646 1124,2684 1069,2646 945,2648 894,2689 743,2655 610,2681 525,2648 363,2656"/>
                <Baseline points="369,2694 416,2696 464,2698 511,2699 559,2700 606,2700 654,2702 701,2702 749,2702 796,2702 844,2702 892,2702 939,2700 987,2700 1034,2700 1082,2700 1129,2699 1177,2699 1224,2699 1272,2699 1320,2699"/>
                <TextEquiv>
                    <Unicode>oder s h zlez bättschen auf dem boden boobachtet</Unicode>
                </TextEquiv>
            </TextLine>
            <TextLine id="r1l35" custom="readingOrder {index:34;} person {offset:39; length:8;}">
                <Coords points="357,2760 581,2789 639,2759 747,2768 820,2801 1032,2752 1094,2786 1317,2756 1317,2702 1245,2731 956,2706 912,2739 357,2709"/>
                <Baseline points="363,2744 410,2745 457,2748 505,2749 552,2751 600,2751 647,2753 694,2754 742,2754 789,2756 837,2756 884,2756 931,2757 979,2756 1026,2756 1074,2756 1121,2754 1168,2753 1216,2751 1263,2750 1311,2748"/>
                <TextEquiv>
                    <Unicode>und deßblorgen sehr erschrofen und sey nachlore</Unicode>
                </TextEquiv>
            </TextLine>
            <TextLine id="r1l36" custom="readingOrder {index:35;}">
                <Coords points="344,2823 679,2813 776,2857 871,2817 1310,2811 1319,2767 1247,2750 1169,2793 1022,2766 923,2797 877,2771 831,2802 638,2761 586,2789 344,2774"/>
                <Baseline points="350,2804 398,2804 446,2805 494,2807 542,2808 590,2808 638,2810 687,2811 735,2813 783,2813 831,2814 879,2814 927,2814 975,2814 1024,2814 1072,2812 1120,2811 1168,2808 1216,2806 1264,2802 1313,2798"/>
                <TextEquiv>
                    <Unicode>zu zweyen männeren, so auch vorhanden kommen,</Unicode>
                </TextEquiv>
            </TextLine>
            <TextLine id="r1l37" custom="readingOrder {index:36;}">
                <Coords points="362,2874 564,2910 651,2874 764,2907 957,2877 1124,2905 1322,2859 1321,2807 1112,2844 880,2820 777,2858 361,2817"/>
                <Baseline points="368,2865 415,2865 462,2867 510,2867 557,2868 605,2870 652,2871 699,2871 747,2873 794,2873 842,2874 889,2874 936,2874 984,2873 1031,2873 1079,2871 1126,2869 1173,2867 1221,2863 1268,2859 1316,2855"/>
                <TextEquiv>
                    <Unicode>und dieses ihnen eroffnet und sie alsobeld auf</Unicode>
                </TextEquiv>
            </TextLine>
            <TextLine id="r1l38" custom="readingOrder {index:37;}">
                <Coords points="360,2962 398,2974 458,2951 502,2975 525,2961 583,2971 647,2940 666,2955 686,2939 699,2944 699,2883 657,2904 606,2879 570,2910 516,2884 460,2904 360,2895"/>
                <Baseline points="366,2930 391,2930 416,2930 441,2930 466,2930 491,2930 516,2931 542,2930 567,2930 592,2930 617,2930 642,2930 667,2930 693,2931"/>
                <TextEquiv>
                    <Unicode>das Ohrt geführt.</Unicode>
                </TextEquiv>
            </TextLine>
            <TextLine id="r1l39" custom="readingOrder {index:38;} person {offset:10; length:11;} place {offset:32; length:5;}">
                <Coords points="359,3040 565,3040 620,3072 880,3023 1010,3054 1099,3012 1227,3043 1327,2993 1313,2935 1003,2986 932,2961 726,2957 644,2992 517,2991 458,2952 357,2968"/>
                <Baseline points="365,3030 412,3029 460,3029 508,3027 556,3026 603,3026 651,3025 699,3024 747,3024 794,3023 842,3023 890,3021 938,3020 985,3018 1033,3016 1081,3014 1129,3011 1176,3008 1224,3004 1272,3000 1320,2994"/>
                <TextEquiv>
                    <Unicode>Hanns und Jost Maurer beyde von Kause</Unicode>
                </TextEquiv>
            </TextLine>
            <TextLine id="r1l40" custom="readingOrder {index:39;}">
                <Coords points="364,3104 439,3090 505,3126 634,3089 686,3123 791,3087 877,3109 921,3073 1100,3093 1300,3061 1299,3033 1192,3023 1120,3054 877,3028 822,3066 781,3042 584,3070 444,3035 363,3057"/>
                <Baseline points="369,3081 415,3081 461,3081 507,3083 553,3083 600,3083 646,3083 692,3083 738,3083 784,3082 831,3081 877,3080 923,3078 969,3077 1015,3075 1062,3073 1108,3069 1154,3065 1200,3061 1246,3057 1293,3051"/>
                <TextEquiv>
                    <Unicode>dorff zeügen. Sie seyen bey einandern auf der</Unicode>
                </TextEquiv>
            </TextLine>
            <TextLine id="r1l41" custom="readingOrder {index:40;} person {offset:22; length:12;}">
                <Coords points="363,3160 418,3148 467,3183 595,3143 763,3166 1062,3135 1197,3161 1324,3111 1322,3064 1253,3064 1124,3113 991,3079 929,3122 853,3094 682,3126 362,3113"/>
                <Baseline points="369,3141 416,3141 463,3140 511,3140 558,3140 606,3140 653,3140 700,3140 748,3140 795,3140 843,3140 890,3138 937,3138 985,3135 1032,3134 1080,3131 1127,3127 1174,3123 1222,3119 1269,3113 1317,3105"/>
                <TextEquiv>
                    <Unicode>weite gelegen, da sey Hans Fulcher ganz bestürt</Unicode>
                </TextEquiv>
            </TextLine>
            <TextLine id="r1l42" custom="readingOrder {index:41;}">
                <Coords points="362,3246 449,3206 731,3200 877,3240 958,3191 1032,3220 1207,3201 1328,3168 1326,3111 1053,3173 945,3142 860,3169 719,3143 632,3186 517,3153 463,3184 359,3164"/>
                <Baseline points="366,3201 413,3201 461,3200 509,3200 557,3200 605,3200 652,3200 700,3200 748,3199 796,3198 844,3197 891,3196 939,3194 987,3192 1035,3189 1083,3186 1130,3182 1178,3177 1226,3172 1274,3165 1322,3158"/>
                <TextEquiv>
                    <Unicode>daher kommen und habe gesagt, er sey woohl unglihe</Unicode>
                </TextEquiv>
            </TextLine>
            <TextLine id="r1l43" custom="readingOrder {index:42;}">
                <Coords points="349,3291 442,3262 626,3297 733,3257 973,3288 1256,3255 1317,3228 1316,3184 1059,3221 963,3193 903,3241 705,3208 347,3242"/>
                <Baseline points="354,3261 401,3260 449,3260 497,3260 545,3258 593,3258 640,3258 688,3258 736,3258 784,3257 832,3257 879,3255 927,3254 975,3252 1023,3249 1071,3248 1118,3244 1166,3239 1214,3234 1262,3229 1310,3222"/>
                <TextEquiv>
                    <Unicode>hafftig, daß er habe müßen diesen lorg wandlen</Unicode>
                </TextEquiv>
            </TextLine>
            <TextLine id="r1l44" custom="readingOrder {index:43;}">
                <Coords points="367,3372 589,3320 711,3321 755,3359 812,3329 1164,3326 1316,3288 1316,3264 1206,3245 841,3297 686,3265 578,3298 431,3262 364,3287"/>
                <Baseline points="372,3321 418,3320 465,3318 512,3317 559,3317 606,3317 653,3315 700,3315 747,3315 794,3314 841,3314 887,3312 934,3311 981,3310 1028,3308 1075,3306 1122,3302 1169,3298 1216,3293 1263,3288 1310,3281"/>
                <TextEquiv>
                    <Unicode>Er habe einen bub angetrosfen, der da bey einem</Unicode>
                </TextEquiv>
            </TextLine>
            <TextLine id="r1l45" custom="readingOrder {index:44;}">
                <Coords points="1120,3391 1148,3397 1189,3367 1226,3383 1242,3368 1253,3378 1311,3351 1308,3308 1281,3316 1256,3300 1227,3302 1215,3312 1199,3309 1178,3328 1168,3324 1142,3332 1116,3323"/>
                <Baseline points="1125,3363 1150,3363 1176,3360 1202,3358 1227,3355 1253,3353 1279,3353 1305,3354"/>
                <TextEquiv>
                    <Unicode>Schaafs.</Unicode>
                </TextEquiv>
            </TextLine>
            <TextEquiv>
                <Unicode>Aufgenommene information.
Nachdemen ihr gnaden hinderbracht worden
ob solte der von dem freyweibel von Thurnen in verhafftn
allhero gebrachte elende mensch namens sheidtig
Butzer von Kaußdorff sich leider in so weitver
geßen und der erschrcklichen und abscheülichen sund
der bestialites theilhafft gemacht haben, habend
herauf hochgedacht wyhli deroselben dieneren

mirhl und grichtschreibern aufgetragen, die dißer
tige dnformation diesers schandlichen fahls aufze
nemen, welche zu volg deßen befelchs den 10t
obis nachvolgende persohern vernommen.
Hans Bülver von Stümlingen zeügete.
Er sey an einem sonntag ohngefehr un derhalb guten,
brunnen vorbeygangen um sein pfennloehrt zu suchen
da habe er von beitem einen kerli gesehen, der da
bey einem schaaß gelorsen, so an einem lebsaag ange
bunden bart, da sey er hinzugangen und garnahe
zuhin kohn, ohne daß er gewahret worden. und habe
gesehen, daß der Kerli Seadlichs sucher hinden
in dem schaaß gefunrt und seine schaam enttloßt
hatte, mit der einten hand das schaaß bey dem horn
hatte und die andere hand an der wüllen abloichte
darauf er den keel hart angeredt und gefragt, was
erda mache? antwortet der krel, Nud. Dasagte er
gezeug, duschlimmer vogel ich solt ein zaunsteken
nemen und dich da niderschlagen, Du magst das
Schaaß abbinden du lörst das wohl mehr trieben
haben du elender Mensch woraufer nichts ge-
antwortes. Da habe er das schaaff alsobald loos ge
laßen und das seil in den busen gestoßen, erger
zeug aber habe grad hindricher dem schaaff 2 zeichen
oder s h zlez bättschen auf dem boden boobachtet
und deßblorgen sehr erschrofen und sey nachlore
zu zweyen männeren, so auch vorhanden kommen,
und dieses ihnen eroffnet und sie alsobeld auf
das Ohrt geführt.
Hanns und Jost Maurer beyde von Kause
dorff zeügen. Sie seyen bey einandern auf der
weite gelegen, da sey Hans Fulcher ganz bestürt
daher kommen und habe gesagt, er sey woohl unglihe
hafftig, daß er habe müßen diesen lorg wandlen
Er habe einen bub angetrosfen, der da bey einem
Schaafs.</Unicode>
            </TextEquiv>
        </TextRegion>
        <TextRegion orientation="0.0" id="r2" custom="readingOrder {index:1;}">
            <Coords points="1421,598 1421,2707 2469,2707 2469,598"/>
            <TextLine id="r2l1" custom="readingOrder {index:0;}">
                <Coords points="2320,659 2336,661 2351,652 2368,658 2379,668 2397,656 2411,660 2406,567 2392,565 2385,572 2380,568 2373,574 2362,574 2337,597 2332,594 2317,599"/>
                <Baseline points="2325,633 2351,635 2377,633 2403,630"/>
                <TextEquiv>
                    <Unicode>15</Unicode>
                </TextEquiv>
            </TextLine>
            <TextLine id="r2l2" custom="readingOrder {index:1;}">
                <Coords points="1416,802 1840,734 1932,768 2120,743 2217,804 2341,764 2409,779 2408,701 2289,712 2243,676 1997,647 1693,674 1633,722 1562,680 1415,693"/>
                <Baseline points="1421,782 1470,771 1519,762 1568,754 1617,748 1666,743 1715,739 1764,737 1813,734 1862,734 1911,734 1960,734 2009,735 2058,738 2107,741 2156,744 2205,747 2254,752 2303,755 2352,760 2402,765"/>
                <TextEquiv>
                    <Unicode>Schaaß gelorsen und s h seine rustig füre</Unicode>
                </TextEquiv>
            </TextLine>
            <TextLine id="r2l3" custom="readingOrder {index:2;}">
                <Coords points="1440,883 1673,807 1794,804 1851,846 1913,808 1975,844 2060,812 2415,850 2423,803 2369,773 2183,800 2117,747 1889,768 1840,734 1571,769 1440,826"/>
                <Baseline points="1446,848 1494,837 1543,827 1591,820 1640,814 1688,809 1737,806 1785,803 1834,803 1882,801 1931,803 1980,804 2028,806 2077,808 2125,811 2174,815 2222,818 2271,821 2319,825 2368,828 2417,833"/>
                <TextEquiv>
                    <Unicode>gehabt, Sie sollen doch mit ihme komen en wolle</Unicode>
                </TextEquiv>
            </TextLine>
            <TextLine id="r2l4" custom="readingOrder {index:3;}">
                <Coords points="1441,928 1578,886 1654,919 1710,867 1822,910 1903,875 1999,913 2403,911 2404,857 2332,836 2275,861 2189,818 2017,846 1907,814 1851,846 1794,805 1673,807 1442,884"/>
                <Baseline points="1448,899 1495,890 1542,882 1590,877 1637,872 1685,869 1732,867 1780,867 1827,866 1875,867 1922,869 1969,871 2017,873 2064,876 2112,879 2159,884 2207,887 2254,891 2302,893 2349,896 2397,899"/>
                <TextEquiv>
                    <Unicode>ihnen noch einzeichen zeigen, da seyen sie</Unicode>
                </TextEquiv>
            </TextLine>
            <TextLine id="r2l5" custom="readingOrder {index:4;}">
                <Coords points="1426,977 1590,936 1665,959 1720,929 1930,930 2084,947 2150,997 2245,957 2415,1003 2416,944 2189,897 1821,910 1709,868 1626,921 1537,900 1427,932"/>
                <Baseline points="1433,962 1481,951 1530,944 1579,937 1628,932 1677,929 1725,927 1774,926 1823,926 1872,927 1921,930 1969,933 2018,935 2067,939 2116,942 2165,947 2213,951 2262,954 2311,957 2360,961 2409,963"/>
                <TextEquiv>
                    <Unicode>endlich auf sein anmahnen mit ihme gangen</Unicode>
                </TextEquiv>
            </TextLine>
            <TextLine id="r2l6" custom="readingOrder {index:5;}">
                <Coords points="1432,1026 1728,982 1848,986 1908,1027 1976,990 2033,1027 2383,1022 2376,988 2283,999 2226,959 2135,992 2050,943 1998,962 1933,930 1433,978"/>
                <Baseline points="1439,1019 1485,1011 1532,1003 1579,996 1626,992 1673,989 1720,987 1766,986 1813,987 1860,987 1907,989 1954,992 2001,995 2048,999 2094,1002 2141,1007 2188,1010 2235,1013 2282,1017 2329,1020 2376,1022"/>
                <TextEquiv>
                    <Unicode>der da Ihnen das ohrt geliesen, allloo das</Unicode>
                </TextEquiv>
            </TextLine>
            <TextLine id="r2l7" custom="readingOrder {index:6;}">
                <Coords points="1445,1118 1576,1059 2361,1091 2395,1055 2166,1005 2037,1030 1976,991 1906,1027 1848,986 1778,1024 1579,991 1446,1031"/>
                <Baseline points="1451,1076 1497,1067 1544,1061 1591,1055 1638,1051 1685,1049 1732,1047 1778,1047 1825,1047 1872,1049 1919,1050 1966,1053 2013,1056 2060,1059 2106,1062 2153,1065 2200,1067 2247,1070 2294,1071 2341,1073 2388,1073"/>
                <TextEquiv>
                    <Unicode>schalß angebenden gsin und etlann ein</Unicode>
                </TextEquiv>
            </TextLine>
            <TextLine id="r2l8" custom="readingOrder {index:7;}">
                <Coords points="1432,1167 1486,1132 1550,1158 1596,1118 1754,1109 1852,1139 2018,1117 2269,1178 2330,1139 2395,1147 2396,1117 2273,1071 2067,1089 1998,1056 1900,1089 1859,1061 1712,1083 1669,1053 1434,1089"/>
                <Baseline points="1439,1136 1486,1128 1534,1121 1581,1116 1629,1112 1676,1109 1724,1107 1771,1107 1819,1107 1866,1107 1914,1110 1962,1112 2009,1115 2057,1118 2104,1122 2152,1125 2199,1128 2247,1131 2294,1134 2342,1137 2390,1140"/>
                <TextEquiv>
                    <Unicode>schritt hinderher seyen s h zly bättschen</Unicode>
                </TextEquiv>
            </TextLine>
            <TextLine id="r2l9" custom="readingOrder {index:8;}">
                <Coords points="1442,1212 1723,1170 1770,1210 1868,1167 1984,1172 2071,1221 2155,1184 2258,1216 2435,1208 2436,1182 2329,1141 2202,1171 2008,1118 1852,1139 1719,1109 1443,1158"/>
                <Baseline points="1448,1193 1497,1185 1546,1181 1595,1176 1644,1173 1693,1170 1742,1169 1791,1169 1840,1169 1889,1169 1938,1170 1987,1172 2036,1175 2085,1178 2134,1180 2183,1184 2232,1187 2281,1190 2330,1193 2379,1197 2429,1200"/>
                <TextEquiv>
                    <Unicode>gleich s h zweyen schniderligen auf dem</Unicode>
                </TextEquiv>
            </TextLine>
            <TextLine id="r2l10" custom="readingOrder {index:9;}">
                <Coords points="1446,1261 1540,1252 1576,1281 1848,1222 1968,1231 2039,1274 2080,1244 2142,1283 2182,1244 2373,1268 2392,1226 2231,1193 2069,1221 1892,1167 1772,1209 1723,1171 1446,1208"/>
                <Baseline points="1452,1250 1498,1245 1545,1241 1591,1237 1638,1235 1685,1232 1731,1231 1778,1230 1825,1229 1871,1230 1918,1230 1965,1232 2011,1233 2058,1234 2105,1236 2151,1238 2198,1241 2245,1244 2291,1247 2338,1250 2385,1253"/>
                <TextEquiv>
                    <Unicode>boder geloesen. Im übrigen habind die</Unicode>
                </TextEquiv>
            </TextLine>
            <TextLine id="r2l11" custom="readingOrder {index:10;}">
                <Coords points="1445,1347 1752,1293 1956,1340 2028,1300 2179,1301 2371,1344 2409,1328 2410,1269 2235,1249 2132,1282 2082,1245 2042,1274 1847,1225 1707,1269 1446,1276"/>
                <Baseline points="1452,1313 1499,1306 1547,1300 1594,1295 1642,1292 1689,1289 1737,1287 1784,1286 1832,1286 1879,1287 1927,1288 1975,1290 2022,1292 2070,1295 2117,1298 2165,1301 2212,1304 2260,1307 2307,1311 2355,1315 2403,1317"/>
                <TextEquiv>
                    <Unicode>beyde weder den kerl noch etwas weiters gegen</Unicode>
                </TextEquiv>
            </TextLine>
            <TextLine id="r2l12" custom="readingOrder {index:11;}">
                <Coords points="1460,1402 1474,1399 1484,1404 1490,1396 1512,1392 1542,1370 1550,1376 1562,1371 1568,1377 1579,1373 1596,1378 1591,1326 1570,1336 1559,1328 1546,1332 1527,1321 1493,1345 1483,1338 1455,1344"/>
                <Baseline points="1463,1364 1494,1360 1525,1357 1556,1355 1587,1353"/>
                <TextEquiv>
                    <Unicode>seher.</Unicode>
                </TextEquiv>
            </TextLine>
            <TextLine id="r2l13" custom="readingOrder {index:12;} person {offset:0; length:15;} place {offset:20; length:9;}">
                <Coords points="1448,1518 1662,1478 1812,1515 2053,1464 2154,1495 2424,1477 2422,1405 2298,1386 2167,1421 2054,1381 1993,1427 1878,1409 1831,1438 1749,1400 1667,1451 1540,1414 1446,1429"/>
                <Baseline points="1454,1490 1502,1487 1550,1484 1598,1482 1646,1479 1694,1478 1742,1476 1791,1475 1839,1473 1887,1472 1935,1470 1983,1470 2031,1469 2079,1469 2128,1469 2176,1469 2224,1469 2272,1469 2320,1469 2368,1470 2417,1470"/>
                <TextEquiv>
                    <Unicode>hristen Künkler von Kaußdorff von</Unicode>
                </TextEquiv>
            </TextLine>
            <TextLine id="r2l14" custom="readingOrder {index:13;}">
                <Coords points="1459,1571 1534,1553 1662,1591 1711,1559 1837,1548 1878,1577 1963,1544 2033,1588 2176,1581 2253,1538 2432,1556 2431,1516 2296,1524 2237,1472 2138,1520 2086,1476 1805,1516 1726,1480 1459,1535"/>
                <Baseline points="1466,1559 1514,1556 1562,1554 1610,1552 1658,1550 1706,1548 1754,1547 1802,1545 1850,1544 1898,1543 1946,1542 1994,1541 2042,1541 2090,1541 2138,1541 2186,1541 2234,1541 2282,1541 2330,1542 2378,1542 2426,1544"/>
                <TextEquiv>
                    <Unicode>8a 19 jahren zeüget: vor ohngefahremem</Unicode>
                </TextEquiv>
            </TextLine>
            <TextLine id="r2l15" custom="readingOrder {index:14;}">
                <Coords points="1454,1648 1643,1607 2003,1641 2074,1599 2457,1623 2456,1568 2254,1538 2161,1584 2029,1586 1959,1550 1689,1591 1453,1568"/>
                <Baseline points="1460,1617 1509,1614 1559,1613 1608,1610 1658,1608 1707,1607 1757,1605 1806,1604 1856,1604 1905,1602 1955,1602 2004,1602 2054,1602 2103,1602 2153,1602 2202,1602 2252,1602 2301,1604 2351,1604 2400,1605 2450,1605"/>
                <TextEquiv>
                    <Unicode>jahr habe er den sucher in ihrer Mattenein</Unicode>
                </TextEquiv>
            </TextLine>
            <TextLine id="r2l16" custom="readingOrder {index:15;}">
                <Coords points="1452,1696 1717,1671 1787,1712 1830,1672 1914,1693 2008,1656 2348,1669 2402,1709 2442,1691 2442,1622 2338,1647 2222,1604 2132,1633 2075,1599 2004,1642 1922,1612 1874,1640 1834,1604 1554,1606 1452,1654"/>
                <Baseline points="1458,1673 1506,1671 1555,1670 1604,1668 1653,1667 1702,1665 1751,1664 1800,1663 1849,1662 1898,1661 1947,1661 1995,1661 2044,1659 2093,1659 2142,1661 2191,1661 2240,1662 2289,1664 2338,1665 2387,1667 2436,1670"/>
                <TextEquiv>
                    <Unicode>Wurßt weit obruher dem laub in einem boden</Unicode>
                </TextEquiv>
            </TextLine>
            <TextLine id="r2l17" custom="readingOrder {index:16;}">
                <Coords points="1467,1762 1557,1733 1811,1772 2091,1736 2211,1765 2433,1730 2435,1670 2203,1692 2126,1658 1975,1706 1893,1682 1797,1712 1717,1672 1466,1695"/>
                <Baseline points="1472,1730 1519,1730 1567,1730 1615,1730 1663,1730 1711,1730 1759,1728 1806,1728 1854,1727 1902,1726 1950,1725 1998,1725 2046,1724 2094,1724 2141,1724 2189,1722 2237,1722 2285,1724 2333,1724 2381,1724 2429,1725"/>
                <TextEquiv>
                    <Unicode>bey 30 schritten nahe bey ihme gesehen, daß</Unicode>
                </TextEquiv>
            </TextLine>
            <TextLine id="r2l18" custom="readingOrder {index:17;}">
                <Coords points="1448,1839 1515,1797 1658,1786 1821,1834 2075,1796 2435,1808 2412,1736 1727,1773 1622,1732 1447,1766"/>
                <Baseline points="1454,1793 1502,1793 1551,1791 1600,1791 1649,1791 1697,1790 1746,1790 1795,1788 1844,1788 1892,1787 1941,1787 1990,1786 2039,1785 2087,1785 2136,1784 2185,1784 2234,1784 2282,1784 2331,1784 2380,1785 2429,1785"/>
                <TextEquiv>
                    <Unicode>er kinder einem schaast gefüret, selbiges bey</Unicode>
                </TextEquiv>
            </TextLine>
            <TextLine id="r2l19" custom="readingOrder {index:18;}">
                <Coords points="1463,1875 1552,1849 1686,1897 1994,1865 2269,1878 2414,1848 2414,1824 2056,1801 1869,1836 1576,1790 1463,1835"/>
                <Baseline points="1469,1854 1518,1853 1567,1853 1617,1853 1666,1853 1716,1853 1765,1853 1814,1853 1864,1853 1913,1853 1963,1853 2012,1852 2062,1851 2111,1851 2160,1850 2210,1849 2259,1848 2309,1847 2358,1844 2408,1842"/>
                <TextEquiv>
                    <Unicode>der kinderen beyeen gehalten. Über welchen</Unicode>
                </TextEquiv>
            </TextLine>
            <TextLine id="r2l20" custom="readingOrder {index:19;}">
                <Coords points="1469,1967 1527,1937 1930,1961 2012,1925 2064,1951 2142,1911 2211,1942 2399,1938 2398,1874 2331,1859 2296,1889 2050,1871 1916,1905 1468,1885"/>
                <Baseline points="1475,1914 1520,1917 1566,1917 1612,1919 1658,1920 1704,1920 1750,1920 1796,1920 1842,1920 1888,1919 1934,1919 1979,1917 2025,1917 2071,1916 2117,1914 2163,1913 2209,1911 2255,1910 2301,1908 2347,1907 2393,1905"/>
                <TextEquiv>
                    <Unicode>er gezeug geschrauen, er habe seinen hosen</Unicode>
                </TextEquiv>
            </TextLine>
            <TextLine id="r2l21" custom="readingOrder {index:20;}">
                <Coords points="1457,2014 1670,1999 1759,2029 2001,1986 2099,2018 2156,1986 2206,2010 2411,1983 2423,1948 2336,1924 2197,1949 2110,1912 2061,1954 1987,1931 1936,1967 1895,1942 1713,1967 1667,1933 1630,1965 1595,1938 1457,1969"/>
                <Baseline points="1463,1986 1510,1985 1558,1985 1606,1985 1653,1985 1701,1985 1749,1985 1796,1984 1844,1983 1892,1983 1940,1983 1987,1982 2035,1982 2083,1980 2130,1980 2178,1979 2226,1977 2273,1976 2321,1974 2369,1972 2417,1970"/>
                <TextEquiv>
                    <Unicode>kropf afen gehabt, das schaaß habe ihme or</Unicode>
                </TextEquiv>
            </TextLine>
            <TextLine id="r2l22" custom="readingOrder {index:21;}">
                <Coords points="1475,2057 1721,2097 1784,2059 2128,2046 2173,2080 2249,2048 2435,2059 2434,1989 2061,2024 1997,1986 1934,2022 1816,2005 1759,2034 1474,2009"/>
                <Baseline points="1481,2049 1528,2051 1575,2052 1623,2052 1670,2052 1718,2052 1765,2051 1812,2050 1860,2048 1907,2046 1955,2045 2002,2043 2049,2041 2097,2039 2144,2037 2192,2036 2239,2036 2286,2034 2334,2034 2381,2034 2429,2036"/>
                <TextEquiv>
                    <Unicode>denlich still gehalten, Als er nun ihne gehört</Unicode>
                </TextEquiv>
            </TextLine>
            <TextLine id="r2l23" custom="readingOrder {index:22;} person {offset:20; length:6;}">
                <Coords points="1464,2123 1642,2149 1764,2110 1841,2147 2118,2107 2339,2139 2424,2114 2423,2042 2175,2081 2083,2044 1977,2077 1853,2058 1723,2100 1665,2066 1463,2076"/>
                <Baseline points="1470,2115 1517,2115 1564,2117 1612,2117 1659,2117 1707,2117 1754,2116 1801,2115 1849,2114 1896,2112 1944,2111 1991,2109 2038,2107 2086,2106 2133,2104 2181,2103 2228,2102 2275,2100 2323,2100 2370,2100 2418,2100"/>
                <TextEquiv>
                    <Unicode>habe der sheist das Hemmli wieder in die hosen</Unicode>
                </TextEquiv>
            </TextLine>
            <TextLine id="r2l24" custom="readingOrder {index:23;}">
                <Coords points="1485,2177 1640,2180 1720,2218 1800,2186 1854,2207 2117,2175 2210,2213 2275,2176 2345,2205 2431,2165 2421,2120 2375,2145 2226,2114 2171,2152 1978,2118 1853,2150 1763,2110 1640,2150 1485,2125"/>
                <Baseline points="1491,2168 1537,2171 1584,2173 1630,2174 1677,2175 1724,2175 1770,2175 1817,2175 1864,2175 1910,2174 1957,2172 2004,2172 2050,2171 2097,2169 2144,2168 2190,2168 2237,2166 2284,2166 2330,2166 2377,2166 2424,2168"/>
                <TextEquiv>
                    <Unicode>und den kiopf alsobald wieder zugemacht</Unicode>
                </TextEquiv>
            </TextLine>
            <TextLine id="r2l25" custom="readingOrder {index:24;}">
                <Coords points="1481,2251 1620,2280 1867,2241 1988,2275 2044,2235 2181,2266 2441,2232 2427,2166 2354,2206 2011,2186 1726,2222 1480,2176"/>
                <Baseline points="1487,2226 1534,2229 1581,2232 1629,2235 1676,2237 1724,2238 1771,2238 1818,2238 1866,2238 1913,2238 1961,2237 2008,2237 2055,2235 2103,2234 2150,2232 2198,2231 2245,2231 2292,2229 2340,2229 2387,2228 2435,2228"/>
                <TextEquiv>
                    <Unicode>und angefangen gremen, er gezeüg aber habe</Unicode>
                </TextEquiv>
            </TextLine>
            <TextLine id="r2l26" custom="readingOrder {index:25;}">
                <Coords points="1482,2348 1548,2317 1648,2346 1696,2311 1757,2344 1820,2314 2191,2338 2245,2306 2376,2338 2457,2309 2457,2266 2387,2234 2328,2281 2244,2241 2173,2275 1865,2243 1724,2288 1579,2256 1482,2273"/>
                <Baseline points="1488,2291 1536,2295 1584,2298 1632,2300 1680,2303 1728,2304 1776,2304 1825,2306 1873,2306 1921,2306 1969,2306 2017,2306 2065,2304 2113,2304 2162,2303 2210,2303 2258,2303 2306,2301 2354,2301 2402,2301 2451,2301"/>
                <TextEquiv>
                    <Unicode>an seinem leibnichts entblößt gesehen. Dieses</Unicode>
                </TextEquiv>
            </TextLine>
            <TextLine id="r2l27" custom="readingOrder {index:26;} person {offset:27; length:8;}">
                <Coords points="1478,2374 1620,2374 1749,2419 2000,2382 2032,2409 2229,2380 2265,2407 2418,2343 2278,2310 1896,2357 1710,2317 1649,2352 1555,2318 1478,2348"/>
                <Baseline points="1485,2364 1531,2367 1577,2370 1624,2371 1670,2372 1716,2373 1763,2375 1809,2375 1855,2375 1902,2375 1948,2375 1994,2375 2041,2373 2087,2372 2133,2372 2180,2370 2226,2369 2272,2367 2319,2366 2365,2364 2412,2363"/>
                <TextEquiv>
                    <Unicode>habe er anfangs seinen deß Christis leüthen</Unicode>
                </TextEquiv>
            </TextLine>
            <TextLine id="r2l28" custom="readingOrder {index:27;}">
                <Coords points="1475,2468 1612,2441 1734,2467 1856,2446 1946,2484 1984,2453 2307,2471 2438,2425 2438,2380 1885,2416 1820,2388 1751,2420 1614,2379 1474,2392"/>
                <Baseline points="1481,2424 1528,2429 1576,2432 1623,2435 1671,2437 1718,2438 1766,2439 1813,2441 1861,2441 1908,2441 1956,2441 2004,2441 2051,2439 2099,2438 2146,2437 2194,2435 2241,2433 2289,2430 2336,2429 2384,2426 2432,2423"/>
                <TextEquiv>
                    <Unicode>gesagt, nach worts auch daheingezehlt, so auch vor</Unicode>
                </TextEquiv>
            </TextLine>
            <TextLine id="r2l29" custom="readingOrder {index:28;} person {offset:36; length:9; continued:true;}">
                <Coords points="1482,2517 2104,2523 2297,2491 2417,2524 2451,2516 2451,2449 2001,2455 1937,2484 1843,2450 1783,2483 1711,2452 1482,2466"/>
                <Baseline points="1488,2489 1535,2493 1583,2496 1631,2499 1679,2501 1727,2502 1775,2504 1822,2504 1870,2504 1918,2504 1966,2502 2014,2502 2062,2501 2110,2499 2157,2498 2205,2496 2253,2495 2301,2493 2349,2492 2397,2490 2445,2489"/>
                <TextEquiv>
                    <Unicode>die schuhlfinder kommen. Deßtlwegen Cchristen</Unicode>
                </TextEquiv>
            </TextLine>
            <TextLine id="r2l30" custom="readingOrder {index:29;} person {offset:0; length:8; continued:true;}">
                <Coords points="1493,2577 1691,2559 1753,2598 1854,2567 2083,2607 2468,2553 2437,2517 2298,2490 2246,2532 2199,2494 2091,2543 2048,2515 1493,2523"/>
                <Baseline points="1499,2549 1547,2553 1595,2555 1643,2559 1691,2561 1739,2562 1787,2564 1836,2564 1884,2564 1932,2564 1980,2564 2028,2562 2076,2561 2124,2561 2173,2559 2221,2558 2269,2557 2317,2556 2365,2555 2413,2555 2462,2553"/>
                <TextEquiv>
                    <Unicode>Trachsel seh deß buchers vetter ihne gezeüg ein</Unicode>
                </TextEquiv>
            </TextLine>
            <TextLine id="r2l31" custom="readingOrder {index:30;}">
                <Coords points="1494,2627 1863,2627 1922,2664 2040,2637 2177,2663 2368,2615 2475,2641 2475,2580 2418,2556 2122,2608 1941,2606 1849,2561 1749,2599 1692,2561 1494,2578"/>
                <Baseline points="1500,2604 1548,2609 1596,2611 1645,2615 1693,2618 1742,2619 1790,2621 1839,2621 1887,2622 1936,2622 1984,2622 2032,2621 2081,2621 2129,2621 2178,2619 2226,2619 2275,2618 2323,2617 2372,2616 2420,2616 2469,2615"/>
                <TextEquiv>
                    <Unicode>mahlen, da er milchen gangen, schlagen wollen.</Unicode>
                </TextEquiv>
            </TextLine>
            <TextLine id="r2l32" custom="readingOrder {index:31;}">
                <Coords points="1471,2691 1566,2703 1607,2691 1701,2724 1742,2710 1800,2726 1824,2705 1874,2708 1876,2624 1675,2653 1578,2625 1532,2645 1473,2645"/>
                <Baseline points="1478,2682 1504,2681 1530,2681 1556,2681 1582,2681 1608,2683 1634,2684 1660,2684 1686,2686 1712,2687 1738,2688 1764,2690 1790,2690 1816,2691 1842,2691 1868,2691"/>
                <TextEquiv>
                    <Unicode>Dctum obstaht</Unicode>
                </TextEquiv>
            </TextLine>
            <TextEquiv>
                <Unicode>15
Schaaß gelorsen und s h seine rustig füre
gehabt, Sie sollen doch mit ihme komen en wolle
ihnen noch einzeichen zeigen, da seyen sie
endlich auf sein anmahnen mit ihme gangen
der da Ihnen das ohrt geliesen, allloo das
schalß angebenden gsin und etlann ein
schritt hinderher seyen s h zly bättschen
gleich s h zweyen schniderligen auf dem
boder geloesen. Im übrigen habind die
beyde weder den kerl noch etwas weiters gegen
seher.
hristen Künkler von Kaußdorff von
8a 19 jahren zeüget: vor ohngefahremem
jahr habe er den sucher in ihrer Mattenein
Wurßt weit obruher dem laub in einem boden
bey 30 schritten nahe bey ihme gesehen, daß
er kinder einem schaast gefüret, selbiges bey
der kinderen beyeen gehalten. Über welchen
er gezeug geschrauen, er habe seinen hosen
kropf afen gehabt, das schaaß habe ihme or
denlich still gehalten, Als er nun ihne gehört
habe der sheist das Hemmli wieder in die hosen
und den kiopf alsobald wieder zugemacht
und angefangen gremen, er gezeüg aber habe
an seinem leibnichts entblößt gesehen. Dieses
habe er anfangs seinen deß Christis leüthen
gesagt, nach worts auch daheingezehlt, so auch vor
die schuhlfinder kommen. Deßtlwegen Cchristen
Trachsel seh deß buchers vetter ihne gezeüg ein
mahlen, da er milchen gangen, schlagen wollen.
Dctum obstaht</Unicode>
            </TextEquiv>
        </TextRegion>
        <TextRegion orientation="0.0" id="r3" custom="readingOrder {index:2;}">
            <Coords points="2427,967 2427,1117 2442,1117 2442,967"/>
            <TextLine id="r3l1" custom="readingOrder {index:0;}">
                <Coords points="2421,1093 2430,1093 2437,1096 2442,1091 2448,1091 2448,1007 2439,1007 2435,1003 2432,1005 2430,1003 2421,1003"/>
                <Baseline points="2427,1067 2442,1067"/>
                <TextEquiv>
                    <Unicode></Unicode>
                </TextEquiv>
            </TextLine>
            <TextEquiv>
                <Unicode></Unicode>
            </TextEquiv>
        </TextRegion>
    </Page>
</PcGts>
