3024 4032
207 593 1286 730 Immiszueßen, wäre solches nit geschehen, seye das ersten
286 662 1270 782 mahl, daß er solches gethan, wolle es nit mehr thun, son
287 739 634 813 dern fleißig bätten.
299 796 860 885 ob Er auch in die Schuhl gangen.
231 798 273 897 3
240 795 1274 953 R Nein, seyt nur bey den bauren in den ställen und straf
304 888 1289 1001 immenwrohlet, so man ihne etwas mehrerers gelehrt, wäre
638 942 1270 1059 Actum 18. Septembrio 1720
289 963 630 1059 solches nit geschehen.
462 1191 939 1312 Hweytes cnamen
307 1245 1263 1393 Mit Hanßi Gfeller von Sümpliz
258 1428 1284 1574 Weiben Ihr Gnb aus angebortem Cra,
310 1514 1279 1623 mine deß droben verhafften Bandi Dfellers von Bümplizen
314 1574 1296 1689 nochtwendig befunden denselben über eint und andere ui
297 1639 1296 1712 stände seines begangenen lasers mit mehrerem zu examiniere
307 1690 1288 1792 und zu dem end mh rahtsherren steiger aufgefragen.
314 1752 1294 1823 mit zu thun ihr gonnen dieneren muhren Großwribels und
310 1823 1292 1905 deß grichtschreibers denselben darüber zu befragen und das
326 1854 1233 1964 frauskommende ihr donnen zureferieren. Als hat mhhr
315 1915 1299 2013 rahtsherr hierauf den 9ten novembris 1720 sich mit obge
313 1970 1278 2081 dacht ihr donnen dieneren in die gefangenschafft begeben,
322 2024 1294 2128 und mit diesem Hanßi Gfeller nachvolgendes eramenver
321 2093 426 2183 richtet.
265 2140 726 2242 e wie sein vatter geheißen.
275 2208 535 2287 R Ulli gfeller.
274 2203 885 2337 Den obeie elteren noch bey lebeu.
272 2302 852 2407 s Nbein seyen beyde gestorben
272 2384 710 2467 ob er bätten könne.
281 2439 671 2535 R: ja könnbätten.
273 2479 1209 2609 E. ober auch in die schuhl gangen und lehen könnt.
280 2547 1323 2685 R Seye ibern winter in die schul gangen und könne etwann
352 2626 1299 2732 im namen buch lesen, sechthar seye er ein umganger
343 2686 684 2771 in der gmeind gsin.
282 2727 988 2841 u bey loem er zu letst umgunger gsin.
297 2809 1014 2909 beym Brncz Michel dem schorrichter.
293 2862 1280 2983 I von wein erdatjenige gesehen, so er gemacht mit dem
291 2946 464 3031 Schaaßi
280 2958 1059 3091 R von Niemands loeder von den wideren.
299 3059 969 3157 Den wir mauchmahl er solches gethan.
282 3115 654 3201 R: Nur das Mahl
292 3145 924 3280 e ob er sein glid im schaaf gehabt.
302 3175 1330 3328 . nit vollends. so zeigte darbey an seinem finger ohngefehrt
310 3290 641 3379 eines zolls lang.
2343 605 2401 672 13
1353 635 2003 781 I obes ihn nit gekuzlet
1382 738 2085 853 he nein heyg ihn nüt küzlet.
1389 820 2285 926 d ob sein saamen nit von ihm gangen.
1402 886 1787 1017 ein nüt.
1448 941 2443 1081 repliciert, seye nit gläublich, daß nit sein sanmen
1466 1018 2439 1127 von ihm gangen seye, dann er lang auf dem
1452 1066 1728 1180 Schaaß gsin.
1394 1145 2390 1271 hen seye nit gar vollends auf dem schauf gsin.
1452 1218 2443 1342 Repl Die Männer habend ihn ja auf dem schaaß
1457 1285 1632 1392 gehen.
1419 1331 2307 1475 sch habe die mannen wohl gesehen daher kohn.
1415 1449 2141 1559 Warumer die männer geflohen.
1403 1513 1836 1628 Rh. habe sie geförchtet.
1399 1577 2458 1679 A. wie ihme zu sinn kommen und was ihne getrieben
1396 1653 1851 1753 Diese that zu begehrn.
1402 1698 2442 1828 R. Aus An erkantnuß, habe nit gelaußt, daß so übel
1462 1777 2443 1887 gefehlt seye, der leidige Sathan habe ihms in din
1470 1844 1591 1916 geben.
1403 1873 2432 2010 e. wann er nit geloußt, daß es so übel gefehlt
1398 1964 1426 2019 C
1475 1965 2440 2056 und so ein schlaare sund seye, barum er dann die
1463 2020 2191 2120 männers geforhtet und sie geflohen.
1397 2080 1909 2194 R. Aūs Kiehekantnuß.
1457 2177 2461 2299 Weilennun nichts weiters aus diesem Elenden
1469 2251 2469 2370 Menschen zubringen hare, hate M hr. Rahtshre
1466 2314 2389 2407 für dißmahl darbey belornden laßen.
1463 2379 2136 2487 Actum 9. Novembris 1720.
