3024 4032
368 694 1287 818 so wohl als die übrigen beyde Herren den
384 762 1290 878 egen bereits außgehabt, habe mit seinem
371 815 1281 907 degen drein geschlagen, wüße aber nit
368 862 1263 968 ob auff beyde, oder auß welchen degen
361 919 1259 1016 Ob hr Lerber oder aber Ihr Beat Ludwig
375 980 1262 1078 von Wattenwyl zu Erst sich bey denen
368 1031 1265 1146 beyden herren einbefunden, habe er auch
379 1095 705 1196 nicht gesechen.
371 1190 1280 1344 herren ernst sagdte er verbleibe durch auß
373 1284 1247 1390 bey seiner gethanen declatation und
361 1336 1239 1443 zeügete, daß er nicht wüße, wann
369 1391 1254 1489 Ihr gnat Lidwig von Wattenwyl zu
376 1461 1272 1542 denen beyden herren füren gangen seye
362 1508 1256 1599 dann er sie nicht eher obseoviert alß
362 1555 1283 1644 Da sie alle drey die degen Bereits auß
358 1605 1292 1709 gehabt, auch könne er nicht positive sagen
364 1662 1248 1761 Ob ihr von Kilchlindach mit seinem
372 1712 1284 1830 degen auf die übrigen degen geschla¬
374 1783 1286 1883 gen, solches habe ihne aber bedunckt
365 1849 1271 1930 Wuße auch nicht zusagen, welcher der
356 1902 1283 2001 Erste, Ob Hr Lerber oder Ihr von Wat¬
358 1962 1290 2059 denwyl bey denen beyden Herren umb
362 2010 1256 2107 zuscheiden sich einbefunden noch an
364 2074 1255 2172 welchem orth derselbige gewesen
366 2116 1274 2215 Da die gedeüte beyde herren mit ein
368 2178 1247 2277 anderen nach den Pfensteren gangen
335 2296 1269 2419 heren lerber zeüget, daß so bald erge
369 2377 1295 2471 wahret, daß die beyde herren die degen
364 2430 1236 2524 außgezogen, seye er hinzugeloffen.
359 2494 1274 2589 und habe den Ikr Albrecht von Watten
355 2536 1254 2644 Weyl halten wollen. Damahls habe er
365 2601 1268 2700 gesechen, daß ihr von Wattenweyl von
357 2664 1275 2757 kilchlindach seinen degen entbloßt, ob
355 2715 1286 2816 sich in der hand gehabt. Ob derselbe aber
362 2758 1299 2872 vor ihme gezeng oder zu welcher zeit
364 2828 1283 2925 erhin zu kommen, könne er nicht sagen
358 2873 1301 2986 habe auch Ihne nicht gesechen dreinschle¬
373 2931 1313 3035 gen, dann er deponent mit denen übrigen
364 2980 1268 3102 beyden herren und mit ihme selbsten
357 3064 736 3160 zethun gehabt.
329 3109 1301 3273 Per Beat Ludwig von Wattenwyl
1119 3223 1222 3284 Non
2264 619 2348 687 1
1416 661 2318 746 von kilchlindach zeügete, Mann iere sich
1427 715 2385 799 Wann mann meine, daß er mit herr müller
1433 758 2333 846 und Ikr Albrecht von Wattenwyl seinem
1428 805 2363 900 germain von dem camin hinweg nach den
1424 853 2375 965 Pfensteren gangen, dann zur selben zeit
1430 915 2387 1003 seye er bey dem Camin verblieben, habe also
1419 958 2385 1070 sie kein worth gehördt oder verstanden, waß
1418 1003 2375 1119 sie mit einanderen geredt. Im übrigen
1428 1058 2349 1175 habe herr lerber zu erst observiert gehabt
1433 1112 2376 1221 daß obige beyde herren die degen gezuckt
1435 1169 2367 1279 dann er von seinem stuhl eiligst auf- und
1434 1228 2390 1339 gegen denen beyden herren zugesprungen
1433 1288 2384 1391 und sie mit der hand abhalten und schei¬
1442 1345 2370 1457 den wollen, er gezeug aber auß ersechen
1432 1408 2368 1529 deßen habe nit guht funden mit dem
1438 1459 2373 1571 bloßen leib darein zu lauffen, sonderen
1432 1522 2396 1631 habe den degen außgezogen und darmit
1450 1576 2403 1693 auf beyde degen zugleich geschlagen gantz
1454 1639 2387 1732 un parteyisch, in Meinung unglück zu¬
1430 1710 2395 1801 vermeiden. Er wüße auch nicht wer der
1435 1763 2157 1855 erste den degen außgezogen
1437 1818 2187 1930 Endeten also ihre aussaagen
1445 1892 2403 1983 Nach deme nun vorbeschribene Decta¬
1448 1951 2373 2066 rationen zu Papyr gebracht und denen
1450 2011 2354 2131 sambtlichen herren vor- und abgelesen
1463 2061 2342 2161 worden. Habend dieselbigen solche in
1450 2121 2345 2223 puncto und alsobald vor obgedeut ihr
1464 2184 2366 2296 Jn. dieneren mit einem Solennischen
1453 2248 2347 2361 eydt zu gott bestähliget Actum 26.
1445 2333 1920 2418 Januarii N27N9.
1473 2441 2378 2567 e N27. dito wurde nach hochgemelt
1450 2526 2342 2638 Ihr Gn Befelch von dero dieneren
1460 2566 2411 2707 auch hievor gedachter Ikr Nulaus Albrecht
1461 2618 2381 2752 von dießbach über ob angezognen umb¬
1452 2701 2404 2815 standt angehördt, welcher dann seine
1463 2739 2406 2874 Außsaag dahin ertheillt auch selbige Al¬
1455 2785 2389 2934 sobald mit einem formalischen eydt zu
2024 2857 2104 2904 mbl
2119 2851 2377 2937 zeügete
1458 2882 2016 2979 Gott bestahtiget hatt.
1462 2910 2398 3052 daß Er deis Mülzer und Ikr Albrecht von
1465 2978 2389 3103 Wattenwyl gesechen habe eintzig gegen
1458 3019 2403 3154 den Pfensteren zugehen, vermeinte aber
1471 3073 2392 3217 nicht daß ein solches unglück entstehen
1451 3113 2401 3276 solte, dahero Er zu hinderst im Gemach si¬
2210 3197 2363 3289 nicht
