3024 4032
200 649 1249 769 Den 13. may und aa junii letsthin undt
227 742 1240 828 also zu verschiedenen Mahlen daruber Exa¬
228 796 1284 905 miniert und von Ihme nachvolgende bekandt
233 849 1270 978 nuß und vergicht gebracht und erhalten worden
205 936 1273 1045 und zwar erstlichen so bekennte er, daß
229 1003 1230 1114 vor ohngefehrt dreyen jahren zu anfang
234 1061 1240 1164 Winters er das muntzen angefangen, je
241 1119 1242 1236 doch, weilen der Stempfel bald gebrochen
241 1184 1167 1294 damahlen nur etwas wenigs gemacht
235 1265 1239 1385 Denne daß auff sein angeben und getha¬
260 1338 1254 1443 nes ersuchen hin, der Christen Ingold ihme
253 1402 1247 1489 eine anstig zum muntzen wie ein bley
253 1456 1272 1574 zug gemacht und als die fräg dieses instra
256 1515 1274 1625 ments in seiner abwesenheit verrostet, selbige
252 1569 1248 1674 mit etzwaßer selbsten widrumb geetzt und
260 1641 1243 1755 mit einem grabstickel tiefer gemacht, wie
250 1700 1273 1815 auch alle andere gepräg, die er zum muntzen
243 1761 1259 1895 gebraucht selbsten außgestochen, und nach
259 1823 1264 1949 wehrts ohne jemands zu thun, an Plapparten
249 1892 1237 2017 gantzen lunerner- und zugerbatzen drey
258 1943 1278 2071 Brentzleren, zweyfach- und einfachen schil
261 2011 1267 2137 lingen, Freyberger halb batzen und preütze
264 2082 1260 2195 ren ohngefehrt bey 300 lb wahrtsge
250 2132 1260 2257 praget, so er theils hier im Landt, theils zu
264 2180 1243 2290 Basel und Neüwenburg debitiert undt
241 2243 1260 2371 Verbraucht; Da er dann sonderlich dreyen
257 2303 1249 2436 persohnen von solcher faltschen münntz bey
261 2373 1257 2508 54 l allwegen einthrlen faltsche gegen
258 2415 1278 2571 20 b guhte munz geben und verwechslet
248 2525 1267 2646 Verners, daß er mit einer verehelichten
276 2595 1255 2702 wie auch einer ledigen Weibs persohn zu
261 2649 1275 2767 verschiedenen Mahlen sich in Ehebruch ver¬
269 2752 541 2851 trabet habe.
247 2789 1284 2959 Viertens hat Er dem Nulaus Röhtlister¬
284 2863 1291 3004 ger auß einem Fößlin bey 30 lb 2 Pulter
280 2923 1249 3072 entwendt, welches er ins Lmcerner gebir¬
291 3002 1211 3126 getragen und daselbst verkauffen wollen.
264 3061 1250 3228 endtlichen und zum fünften bekennte
282 3134 1285 3295 dieser Langenegger, daß er verwichenen
288 3166 1287 3350 herpft mit hulff des Hanns Pfentis nächtliche
275 3215 1301 3418 Weil in das Pulver Magarin zu Langnn
1102 3296 1293 3404 gebraht
2226 603 2342 710 89.
1400 662 2371 758 gebrochen und darauß bey zwey und einhalben
1390 713 2381 820 landtner fulver gestohlen, darvon er seinen theil
1384 764 2199 855 meistens im Linerner gebiethverkaufft
1395 841 2373 939 Nach deme nin unßere allerseits gnädige
1405 899 2382 991 herren und oberen räbt und Gurger als all
1403 957 2412 1042 hiesige hoche landtsoberkeit, einerzeits sein lang
1390 1013 2393 1115 geneggers sothane Bekandtnuß und vergicht, mit
1398 1072 2379 1169 allen ihren umbstanden in reise betrachtung
1406 1131 2371 1237 gezogen und darauß so viel ersechen, daß durch
1404 1185 2384 1282 dergleichen faltsches müntzen aller handel mit
1392 1244 2379 1360 kauffen und verkauffen, in dero von gott dem
1407 1309 2358 1415 Aller höchsten regenten ihnen anvertrauwten
1381 1371 2364 1456 Landen gehammet und verstöhret werde; An¬
1408 1433 2403 1529 derseits dann sich schuldigstermaßen erinne
1411 1495 2399 1589 ret dero zu abstraßung dergleichen verbrechen
1392 1549 2402 1652 von gott ihnen anvertrauwten hochoberkeit
1410 1604 2383 1691 lichen ambts und daran hangenden pflichten
1396 1674 2389 1784 Habend darauß hin hochgedachte vnßere Aller¬
1419 1731 2378 1845 zeits gnädige herren und oberen räzt und
1402 1795 2382 1902 Burger bey ihren eydten zu recht erkennt
1413 1869 1764 1968 und gesprochen.
1410 1918 2374 2044 daß er Langenegger nechst empfehlung
1418 1972 2371 2094 seiner seelen in die hand ihres erlösers
1409 2048 2409 2162 dem Scharpfrichter übergeben durch den
1414 2099 2409 2208 selben jeden auß auß die gewohnte richtstatt
1417 2157 2379 2266 gebunden und gefangen geführt daselbsten
1415 2226 2417 2331 zum exempel und schräcken anderen derglei
1414 2279 2389 2396 chen mißethäteren nach lobl statt Bern
1409 2338 2397 2456 habendem hoch oberkeitlichem Gewaldt mit den
1399 2410 2382 2517 schwert ihme das haubt abgeschlagen kolgleich
1419 2472 2367 2583 derselbe auf das hochgrecht gemaglet der
1413 2541 2381 2656 leib aber an das verschlacht ohrt ver
1416 2610 2347 2751 scharret und also vom haben zere Tod
1409 2676 2407 2816 herrgerechtet werden solle. Acte coram
1419 2781 2064 2882 200 de 18. junii 8745.
1414 2885 1749 2987 zum Tod seo.
1420 2943 2394 3053 zum schwort und daß nachwührts das haubt auf
2225 3017 2414 3089 76 stimmen.
1426 3036 1995 3129 von golgen genagtet werde.
2205 3068 2318 3136 53
1430 3109 1799 3208 zum strangen.
