3024 4032
176 2243 230 2310 C
222 563 1178 667 und das kind daselbsten und zwar
217 633 1192 741 an Einem Papistischen artTauen
620 690 1116 793 welches, wie der
220 712 416 796 laßen.
196 757 1211 862 Staūf Zedel aūßweisst sich Im Letst
202 824 1196 930 verfloßenen Merzen zugetragen
199 899 1173 1036 Im jungst verwichenen aprellen
217 971 1207 1094 habe es auß bewilligung ihr gud
215 1053 1202 1167 Herren Schultheißen einen Paß er¬
242 1128 1221 1231 halten, under dene Vorwand daß
234 1189 1149 1300 es wider In halland reißen wolle,
232 1271 1158 1382 seye aber nach Neüwenburg gangen
231 1340 1236 1437 des Vorhabens sich in Frankreich zu seinem
221 1416 1197 1516 bruder zubegeben, zu Neuwenburg
228 1475 1248 1595 seye es by 14 tagen lang in dortigen
210 1567 1237 1675 Spittahl fraut gelegen, und nach erlangter
218 1638 1242 1745 gesundheit wideumb allhar in den hie¬
232 1708 1233 1829 sigen spittahl kommen und auch by an¬
232 1797 1238 1916 lerthalb Wochen darinnen gebliben
225 1871 1237 2000 Volgends sich zu dem underen thor aus
237 1941 1236 2055 auch duchser zu, da dannen auh Kilch¬
215 2028 1254 2146 Lindach und widerumb über die neüwen.
226 2100 1258 2232 Brugg hinein gegen Kappelen begeben.
224 2188 1188 2303 da es dan montags den 15. meyen
242 2263 1259 2381 auf dem Tag gegen Cappelen auß¬
231 2339 1236 2462 eingeben des leidigen satans sein
222 2399 1242 2539 eigen kindso ein Maydtelin und
243 2462 1270 2621 ohngefehrd 8 wuchen alt gsing by dem
219 2552 1268 2691 Kießlenen in die hoche, das haubt vnd
220 2641 1150 2784 Teiblin aber so lang in einem by
216 2712 1231 2836 Grunnen vorbey fließenden bach ge¬
225 2771 1251 2927 halten, biß es tad gsin, auch habe es
243 2878 1253 3007 das kind, alß es noch lebendig ware
243 2963 1219 3097 einmahl wider auß dem Waßer ge
230 3013 1254 3190 zogen, darnach aber widerumb darein
240 3120 1236 3270 gethan und vollemils ertränkt, Nach-
233 3186 1258 3348 werts selbiges nechst bym stäg laßen
242 3259 1273 3418 den bach abfahren und ihme nachgelig
248 3382 1149 3495 so weit es selbiges ersehen mögen.
1112 3396 1236 3489 Nach
1377 598 2403 691 Nach verrichteter leidigen that by il
1363 679 2414 760 Grūnnen seÿe es widrumb durch die Statt
1387 731 2403 813 auf Stäsisburg und von dannen auf
1379 802 2394 922 Reuttigen zugangen, daselbsten es
1383 854 2346 982 durch ein Pfenster in einem dauren
1394 935 2417 1035 hauß ein paar schk schu nemen wollen.
1391 1009 2410 1125 darob es ergriffen und nach winns
1394 1085 2415 1215 ins schloß geführt worden, sonsten es
1384 1156 2274 1287 mehrere diebstähl nit begangen
1383 1236 2343 1358 Nun dise an seinem keiblichen Kind
1413 1320 2330 1444 begangene schwäre mißethat seye
1410 1390 2406 1525 ihme von herzen Leid, bätte desstwegen
1401 1459 2410 1573 Gott und eine hoche Oberkeit, die es dar¬
1410 1534 2419 1685 durch schwärlich beleidiget umb gnad und
1410 1619 2321 1764 Verzeihung. Actum den 8. junii 1713
1675 1718 2175 1826 riminal process
1482 1761 2230 1901 Maria Maden Leibund guht,
1361 1869 2391 2006 e herl schrifft bezeüget, daß des
1407 1944 2353 2083 hollischen mordgristes macht und
1407 2014 2422 2148 gewalt von Gott dermaßen umbzirket
1417 2082 2425 2222 und beschranket seye, daß er vor sich
1399 2160 2423 2271 durch außerliche macht keinem menschen
1401 2233 2362 2352 zu einicher sunde zwingen und treiben
1407 2292 2425 2413 könne, sonder was er thut, das thut er nüt
1403 2361 2415 2494 Listigen anreizungen, Innerlicheneine
1414 2427 2376 2578 gebungen, füglicher darstellung man
1414 2483 2405 2645 cherler gelegenheiten, betrüglicher ein
1416 2561 2380 2690 bildung der verbergung und hefftiger
1411 2645 2126 2772 Verkleinerung der sunden.
1407 2707 2398 2864 Es ist aber auch besant, daß Gott der herr
1415 2764 2434 2906 einem widergebohrnen Menschen so viel krafften
1420 2843 2379 2960 verleichet, und so kräfftige mittel, alß da
1424 2904 2328 3039 sind sein heil Wort und gebätt alß
1410 2970 2390 3097 vaßen des Geistes weiset und an die
1411 3040 2383 3192 hand gibet, daß durch fleißigen gebrauch
1425 3129 2377 3249 derselbigen ein Mensch solchen Reizungen
1402 3183 2341 3310 des leidigen Seelenfennk gar Wohl
1422 3255 2386 3376 widerstehen und dieselben überwinden kan.
