3024 4032
380 613 1271 787 ersenkeng und zum deitten mal ind Shallen
361 720 861 854 ederk geschmirdet worden.
358 786 1267 937 11 Als des Gufer und vols Mletz geb zu Ahe
365 876 1260 1016 lingen ahnteris ktillhberg auß einem spychern
367 957 1254 1095 deey leinen stupen und 2 wullene röck
359 1029 1266 1158 samt 2 Jaas Eosen genommen, hab ind sie solche
365 1099 1213 1231 am mlorgen Thme siltli und Bäbi zand
340 1186 1196 1298 siedit da wohl getauff, daß ie auff stehlen
328 1246 1250 1368 Booßgrngen) zugebracht, aarsen es auch
350 1309 1270 1448 fint jupen beromen und selbige zu Wyningen
358 1385 831 1514 umd 1 lh verkaufft
347 1459 1253 1613 1r. Sten einem dorhe geannt Oete lasten
344 1559 1244 1680 unterhad Weningen, all da der Aufer, das
352 1633 1237 1774 zehnd beli sind en schiltli auff eind buhen
350 1709 1258 1843 übernachstes etc. seye er darbey gsin als dero
342 1777 1238 1917 zufer nachts einem spgher gröffnet und
346 1858 1287 1986 darauß j and Hoseig, s keßßei 1 degen und ein
348 1945 1247 2072 wüllhend genommen. Das Keßßi habe er
330 1999 1295 2160 Scheltli zu Soltuhen 26 ben 90 lb berkauft.
338 2117 1283 2261 13. In einem hauß ohnwit brandiß habind
352 2210 1298 2331 Der füfed und hofard nachts mit einem faltschen
337 2283 1277 2411 Wüßel die nuhi führen groffnet, dem bebi
346 2357 1281 2491 zahnd und ihme schiltli, so bey dem ofenhanß
337 2433 1280 2565 gewartet und ehrene hafen hinauß gegeben,
341 2505 1304 2646 dartay dar seblen zahnd und es zwoy zu Sol
340 2577 1099 2714 stuhren d 32 l da lb verkaufft
343 2691 473 2783 14
470 2666 1295 2824 hab ind der Aufer und hofed in inem
352 2737 1332 2900 hauß krr Samißwald untenfnd dem wachfür
336 2834 1309 2981 nachtr ansy einem gadeli, so sie gröffnet, slg
330 2914 1288 3066 ehrera säfer genamen und ihme stiltli in
349 2986 1306 3129 dem Schopf, so nech so darbey gestanden, über
333 3058 1320 3202 bracht, welche saferg kr nachsalrts zu Sab
329 3142 1025 3274 uhren a 14 l daslb verkaufft.
2351 601 2381 687 3
1468 612 2392 796 6 habr es schit Buli zu Aebrg dry ehrne
1476 710 2391 854 sagen gesalhung verkauffen, selche der gufer
1471 792 2366 937 eim dibersten hauß zu Keserz enttandt und
1471 865 2400 1031 zu thun eim zusammen geschagens leßi, so des
1473 953 2401 1118 Guferd auch in einem dorff ob cheitinsperg ge-
1457 1038 1616 1151 shlen
1463 1103 2392 1284 16. mit Half Bali Gehiders von Nurten habe
1467 1198 2428 1342 Dd Siltli zu Wäberaltigen nachts auß anemstall
1491 1284 2422 1421 Geiß entwendt, welche das Bäbi zehnder und sein
1468 1360 2425 1477 bruder zu Ehreburg umb 1 fb 2 4 5 b verkaufft
1484 1430 2458 1566 und das erlaßste gelt mit ihme schilli getrilt und
1467 1496 1645 1624 verzehrt.
1469 1586 2399 1739 o Daß er schulli mit und eben dem soht,
1478 1687 2422 1814 Mitger Hofer und Elbi zahnd an 6 verschiedne
1481 1772 2377 1896 Veten darbey gsin, da der gufedfaltsches gelt
1479 1841 2409 1967 gemacht, als namblich ohnkeit dem weiße en
1472 1903 2444 2044 Dußli habe derselbe bey b ader 8 thl sig hunse
1460 1976 2421 2108 batled und zehre, treut berd und bey snshelen
1490 2050 2421 2177 im wald sey 14 thl in berr zunkbatleren
1479 2133 2394 2261 germashst, zu St. Niclaus habe es ihme nit
1480 2201 2405 2325 Recht geralsen wollen, dannach endtlich ewann
1482 2266 2411 2403 bey 4 hl h in berm und ratz ern zunk,
1837 2345 2376 2443 Uum Beÿ Wyningen
1471 2365 1829 2476 nogleren abgehen.
1481 2418 2420 2534 Habeerd guher bey 4 the bren und kutern
1492 2478 2379 2598 urk beleren und nach einer anderen gattung
2363 2543 2429 2638 An
1491 2554 2208 2680 zum b bat led gegaßßen und gemacht:
1489 2631 2411 2772 welchen frst gedachten uied Otten es wir auch der
1488 2678 2418 2854 Bubi uand geholffen holt sint utragen, ferberg,
1471 2779 2315 2902 shalten und waß sie sonsten fuhr können.
1501 2828 2429 3001 zu Ober und slieder, bich denn seye ed samt
1492 2898 2440 3065 den anderen schltbaht gestaußen, Wiefir
1497 2974 2427 3126 viel an diesem beiden olten gelt gemacht worden.
1497 3058 2409 3200 könne es nicht sagen, einmalen segen es alles
2230 3152 2391 3233 been
2433 1002 2477 1072 1
