2199 3500
165 43 1024 217 do dunckte In vnd meint
175 127 1042 298 nitt anderst dan es stunde
147 184 1057 377 nuwes vor der huß thüren
150 265 1032 415 das ine anbockets wie ein
118 332 1059 492 wund uberlich gspenst, dese
148 403 1038 542 er sin gwer über das selb
132 470 1030 626 zuckt, vnd huw ogeferd
145 567 1035 697 in das gatter so vor der be¬
144 628 1044 777 schlossern hußthuren, ußw
127 714 1009 842 offen hieng, hiemitt
110 806 1032 929 laße er zu er möge gschwo¬
145 873 1042 1002 ven han oder nitt gschworen
121 939 1035 1048 han, aben er wüsse es nitt
130 1010 982 1133 So er es aber gethan hab
154 1086 968 1197 so sige es in vest leidt
593 1149 713 1193 wnal
143 1149 1044 1270 und pitte gott und i F. he.
164 1218 995 1346 ren umb verzychung ✳
149 1303 975 1440 vnd haben hierzu nütt
80 1385 1017 1505 anderst bewegt, dan das
95 1458 974 1583 in dunckt es wer etwar
137 1523 1016 1637 vorm huß der sinem vet
118 1581 1020 1697 teren etwas welits zu leidt
106 1653 1017 1788 thun, sonst sich er sinem
112 1721 1008 1851 peitern gar nitt abgunstig
93 1774 1037 1940 noch frandt, der nie offter¬
81 1862 1002 1988 mals gladen wo er dafur
82 1903 1018 2075 gienge solte er sich kunden
98 1974 1011 2125 aber das wyb sie im nitt
621 2045 1021 2156 uff soliche
107 2068 624 2209 so gar gunstig
102 2103 1021 2271 sich er zu sens wettern stuben
89 2189 1028 2344 fenster gangen dem grufft
106 2257 1009 2402 vetter Hans wo bisti gäb
88 2341 989 2473 dis fruw antwurt was
71 2394 1017 2544 er wiltte sagte er zu Ira
82 2444 1041 2620 mich duncken es stande nuwes
48 2500 1021 2672 vmb das hust, do sprach sy
72 2601 1034 2753 by laß sin, es ist mitt, es ha¬
66 2647 1020 2811 bindt dan dbind etwas de
87 2727 996 2899 gstutzt, vff das gienge
83 2769 1024 2930 er vom huß hinweg veld
76 2847 1011 3008 bekäme im Uli Stucki der
77 2893 1022 3102 en fragt wannen er känn
1146 50 2059 243 zu dem sagte er, er wüssee
1164 138 2100 286 nitt was tüffels umb sins
1143 208 2055 368 vettern husz wär oder de
1135 279 2116 434 uinlhan geenge uff das der
1155 344 2017 518 selb Uli Sine dhand reckte
1165 416 2125 617 sprächende by lass es sin, vedt
1165 515 2083 704 schylden also greuntlich von
1166 583 2085 736 einandren vnd clagt dem
1156 657 2120 823 hiemitt sein vertern den gat
1167 718 2133 881 ter Zerhouwen hett er befort¬
1161 783 2121 934 te er winde es übel Zuruen
1148 853 2137 1027 Als er nun fürer gegen höcht
1153 935 2130 1100 stetten gieng wie er zue Lin¬
1175 1029 2121 1171 den kein, hortt ee abermals
1181 1108 2104 1216 etwas das da fur zweo in
1163 1157 2116 1305 die hagstuden doselbst, Jsahr
1172 1241 2103 1355 aber mitt, darob er Ehr er¬
1165 1301 2129 1436 schrack, neunng sin bloß gwe¬
1172 1374 2116 1503 andhandt, Nitt wytt dannen
1172 1443 2091 1556 vor dem thurle dein aber
1175 1496 2056 1609 nuwes, als woltes Ims an
1172 1566 2097 1679 der lingken sytten vorpan
1163 1615 2121 1758 gsach nuwes schwanes als wan
1161 1703 2083 1828 es ein manns ihatten shin
1111 1764 2088 1897 ware, gieng mitt im biß
1144 1838 2097 1964 zu dfryweibels spycher bim in
1156 1914 2096 2031 deren brunnen ✳ huw ettlich
1147 1969 2076 2068 mal zu Im breichte aber
1171 2037 1311 2113 mitt.
1361 2024 2091 2160 daselbst bim spychen
1147 2103 2038 2214 begegnet im Cunradt daß
1156 2153 2122 2286 finweibels bruder den fragt
1160 2230 2096 2341 er zu vor wenda were der
1164 2291 2060 2393 gab sich zu erkhennen vnd
1153 2357 2122 2458 sagt er kaine von Wyl hie
1162 2403 2130 2519 mitt wnscht er im ein gut
1142 2476 2141 2596 macht, wiger nun insdorff
1163 2535 2116 2652 hochstetten kain wurde Im
1151 2594 2133 2722 gächlingen wehr vnd grüsoli
1174 2645 2106 2770 franck, darumb gieng
1166 2714 2130 2848 e für Nielans gfellers huß
1166 2770 2115 2927 so Im ouch gfeunde ist, vufft
1156 2844 2119 2967 dem er solten im ztrincken
1146 2907 2099 3022 gen ✳ do entspracht die beide
1159 2967 2149 3098 ime ✳ und brachten im wassen
1177 3044 2113 3138 heincken, wist aber nitt
1181 3084 2147 3197 ob er oder daruw im das
