1102 3500
60 74 1030 234 wychers, hab er ouch dem hußwir
42 172 1022 317 zun nideren pfisteren et. mind
38 265 984 425 haber, heyl aiwotten, vnnd peen
40 360 992 537 ein eronen daruff ghert mitt
42 475 983 591 dem er aber des marieb itt eins
37 570 1043 721 werden, noch gemelter hußrint izu
44 679 993 837 von im khouffen wollen, sich
45 771 1004 934 auch diße meynung zugangen, das
10 870 1036 1042 Im hieuor einer ein Sina habes
25 951 975 1130 feyl antragn, mitt demselbig
38 1041 1005 1239 wo re den khoufft hatt den huß¬
45 1168 1039 1329 wurt wo er den khouff von Im be¬
56 1253 1011 1408 tanden waren wollen vnnd
50 1339 1032 1526 sollichs sy alles eins tags beschichen
50 1404 891 1580 unnd dun einer wynfrichet.
489 1522 603 1584 guc
17 1487 993 1682 Item uffdemselb tag, inn
37 1580 174 1630 enem
509 1614 672 1679 zu Bern
43 1615 952 1738 dem abentreuckt als man die
51 1708 989 1837 vin gäben söllen unnd er nitt
35 1802 1049 1959 galle ghept, einen anderen gue
44 1887 1016 2088 gsellen, imme die v darzelych
51 1948 1047 2160 ankhert vnnd als er psächen, das
51 2058 1034 2263 deselb ser palle by ihm ghan
49 2161 996 2336 hatt er zwen dickpfenung von
46 2224 1074 2434 im begart, mitt anzeyg, ermuße
62 2349 1055 2508 ettwas augendes khouffen vnnd
65 2445 1046 2621 war im ein Pfister umb khorn
72 2532 1063 2713 schuldig, das wolte er von stund
59 2644 1080 2782 an gan reychn, unnd ime wider
65 2694 1056 2846 die 1 dickpf erlegen dannn
71 2810 1036 2972 er aber die vnwanheitt beuicht
82 2878 1049 3036 dann im khein Pfister mitze
71 2966 1078 3126 schuldig gstin sye, unnd also mitt
81 3062 1015 3193 beweig, den zwen diekpf von
