2330 3501
52 53 1192 269 uff montag den 11 tag meyens
141 135 1160 327 im xv lxtx jm in bewäsen
137 201 1171 415 Herren Suepitius Brugelers, herr
149 311 1181 505 Ballne guldig, beyde des Rhars
157 368 781 529 ist in der keffi
314 534 1159 709 Adam Pytz von Jener
383 631 863 766 storff purtig
111 701 1178 896 befragt worden, wier lang er bi
120 812 1175 967 sinem meister Hansenspeychen
119 893 1173 1032 gedienet hab ✳ und zu welchen
124 987 1021 1123 zytt er vom im gangen
84 1055 1155 1212 zeygt an für Hans Steych habe
111 1158 1159 1290 vor der yetzigen fùuwen sonst
102 1226 1120 1354 zwo ghan, habe er syn bi
122 1301 1193 1433 den seychen diewil der die erste
105 1378 1166 1521 noch hatt 1 Jar gedienet, dan¬
97 1450 1165 1598 nethin do er die andere hatt
96 1514 1207 1666 ein gantzs Jar gedienet Aber
100 1591 1180 1731 der hytt als er der getzige fruwe
102 1662 1183 1787 vnd domalen wussentzafft von
89 1728 1187 1873 im vrlub guon vnd mitt ander
85 1799 1162 1945 mineng Harrn vnderthanen gan
54 1857 1156 2040 Eyen zogen, der Also sidthar
41 1928 1190 2122 er sich deß sprychen noch siner huß.
123 1994 1169 2185 haltung nüge untzit beladen,
151 2087 1178 2274 vff seinlichs ist wychers fürge¬
116 2170 1123 2351 haltten, wie das er gedachte
153 2244 1188 2401 inem meyster habe vor etwas
130 2302 1166 2502 Jaren ein indtanischen hanen
134 2365 1142 2563 dem junckheren von Erlach
139 2403 1191 2651 zu yrgestruff ufffagen und
144 2507 1164 2713 Ihr vernrassen helffen, wie
130 2560 1154 2779 dan solllichs vnlugbar vnd
134 2634 1172 2874 gbemelen sein Meyster selbst
139 2694 1129 2932 bkantlich vnd zue angeben
148 2775 1169 3032 Ist hierum sin antwortt, er
122 2865 1157 3098 habe wol darvon ghörtt, abe
137 2919 1188 3119 mrina bi noch mitt gsin dan es
150 2978 1156 3224 sich guttlich befindt, das zu
1248 62 2264 258 der zyten do speych den India¬
1265 164 2199 353 mischen heuen guon, sige er
1259 225 2222 408 mitt anlendisch gwäsen, sonder
1259 333 2079 495 im Bryßgouw gedienet
1241 455 2290 599 demie ist er angestrengt was
1255 531 2285 692 Ims zuwüssen das Sprych ghan¬
1249 621 2263 784 dler hab oder für ein wäsen
1270 698 2272 870 gfurtt das er wan er nachtlig
1284 776 2246 940 her Zytt offtermalen von si¬
1281 847 2246 1016 ner fruwen uffgstanden ✳ und
1293 935 2239 1091 anderstwar hingangen, vnd
1251 1020 2256 1177 werde gredt, das speych sich zu
1274 1110 2279 1252 Ime vytzen gleytt habe, das
1279 1186 2219 1338 sy zwen solchen darumb uch
1292 1273 2198 1411 das egricht zu yegenstouff
1281 1344 2266 1491 sy beschickt und sprichen gheise
1288 1422 2254 1572 Ime rytzen us den hußthun
1281 1492 2260 1629 das si nitt bösers anfachindt
1270 1574 2248 1714 vff Seilichs ist sein bscheidt
1279 1654 2212 1789 solliche Es möge sein oden
1279 1729 2193 1868 nitt sin das speichfruw so
1282 1816 2217 1933 er von vie jaren ghan hatt
1282 1891 2249 1996 etwas clag von Inem mann
1288 1945 2254 2064 gfurtt hab, vnd darumb sin
1269 2018 2242 2145 eister für das Hhorgricht
1276 2086 2191 2189 da vssen beschickt worden
1265 2153 2199 2280 aben ime sig sollichs nitt
1277 2223 2191 2339 zuwüssen, man habe ouch
1282 2299 2231 2404 Ime nie sollichs gedacht noch
1294 2355 2246 2462 er darumb anzogen worden.
1300 2414 2257 2549 vnd wann Speych der sachen
1291 2489 2253 2603 einicherley vff Iie rede, so thu
1284 2556 2201 2665 Er Ime mitt gunst zu
1296 2609 2174 2747 reden schandtlich vnrecht
1325 2715 2207 2889 vff Donstag den 5. maii ist
1315 2826 2225 2942 diser Rytz vßgelassen docs das
1308 2891 2237 3008 er gelobe in eins Eydts stett
1317 2949 2286 3095 ust dem landt nitt zu wyche
1321 3025 2274 3146 sonder vff nin hurn worte
1296 3095 2181 3245 welche stunnd In ge nach Im
1296 3151 2221 3316 schickenndt sich in In gweulit
1320 3210 1670 3337 zu stellen
1821 3288 2115 3391 1569.
