2066 3500
123 54 971 305 uf mtuchen in 1 th gten
61 195 979 396 Im 1569. jar ist in gegenwirtig
62 291 953 459 Iter sulpitius Brupkr b gallin
70 370 907 547 paldi bstid ies raths Cunradt
134 487 785 635 vogt Irburgeren
42 592 972 795 Iste maurys tscherdung s Nien
107 735 921 885 burger vitt fürtig zu Marhili
113 817 938 969 einlich pfragt worden erstlich
104 909 925 1051 uf die fünffzächen ardicket, Iso
100 1016 898 1154 Freste der genempte manryser
673 1101 739 1169 die
91 1088 983 1259 tscherdung shotttsr, anna tchei
94 1180 953 1307 heist zu Trachsellwalt von Irem
90 1270 960 1416 stieffvatter Barthlome von unnd ✳
97 1369 988 1515 unnd dem petter parus und franzen
101 1457 950 1585 Werdier auch anderen mihr beckhent
113 1557 943 1708 und usrfach hatt ✳ x ist siy
98 1642 961 1797 ouch nach disen ardicklin befragt
68 1738 939 1877 Irer felleren vnd mußhandlung
99 1824 908 1971 halbenn, das sy dan alls als
138 1925 960 2072 vollgitt augeten vnd beklent
113 2040 293 2161 hatt
275 2100 887 2293 Manrysbs tscherdung
66 2246 970 2413 Dos estenn gibtt sy an wie de
93 2354 968 2488 man in Langnouw und der geget
61 2425 978 2616 gsproche frannt wier die und vitsse
90 2514 997 2694 paruß die bleider so man hindet zum
99 2610 903 2776 bridper pfhorfft gfùnden hab
88 2704 925 2876 gestollen und usz einem spicher
78 2805 931 2957 da selbst zu Langnouw sampt
96 2851 930 3041 einer beschlagnen meßerbstef
107 2932 957 3129 futfrumb den habsnt doch hat
102 3014 954 3174 so solches mir von hören sagen
96 3068 967 3276 Atem iufsr Buchst von 1 husi¬
90 3213 888 3333 renn, hab ir jezigst mann
63 3277 881 3443 Barthlouw von uins ✳ sampt
1011 1728 1081 1827 dem
1929 25 2023 100 118
1062 104 1980 283 schweyen sinst gsellenn dir ein heis
1047 194 2002 348 Hanns Fwar dr andsre frantz ec ein
1059 286 1992 474 Spicher vfprochtn, darus sy wsrech vnd
1058 378 1971 526 tnnne thuch intrage und einem
1047 462 2013 612 kernse vrkhaufft, vnd der durden
1060 554 1983 725 sy es gethann ✳ der hab iren vor¬
1065 644 1975 818 nacher iin ehind usthouff pfipt
1039 748 1974 932 Denn der ander ardickt, sig nit
1054 892 1998 1018 ab dann das jetz ir man Barthloms
1067 977 2025 1102 zu Zürich mit unrr andere iu gsellen
1074 1065 2028 1200 so einer vetter ein Landtschweiffen
1064 1146 2009 1275 Erschliffer, vnd Ehriste im glaß¬
1067 1227 1954 1353 ragste der trytt wilhelm, vnd
1079 1299 1967 1444 der virt wys Hanns uss dem
1070 1388 1973 1495 sybenthall vurtig ✳ vil gstollen
1085 1473 1968 1603 und intrag habsn das g
1109 1548 2002 1700 tollen gutt allesert zu Solle¬
1096 1643 2019 1806 thurn verklaufft, sig absr dr¬
1082 1728 1989 1884 domallen noch nit ir esmann
1089 1806 1255 1923 ssin
1056 1874 1961 2076 Dir dryt andickel sagt stya
1103 1993 1991 2174 ir Barttlo ir man sampt
1087 2078 1931 2237 n gsellen vnd i metzen on
1091 2160 1883 2328 frr Hertzogen Buchsti einsen
1086 2257 2010 2451 Lamman, so uf einem sentzige
1083 2337 1852 2510 Hoffwonnet und sich sun
1098 2442 2018 2631 nch huß nempt, ein spicher
1090 2525 1970 2715 Volh darus vil peht
1105 2621 1944 2785 vnd fleider vntrag
1094 2704 1987 2915 zum früefft dierten habt sr
1086 2807 2070 3021 Barttloms von unns sampt ansr
1092 2900 2026 3100 gsellen so heissent, petter anfe
1093 2994 1849 3150 Christ wilhelin Jacob Bin
1086 3045 1967 3223 Basell dey spicher uf brich
1076 3137 1882 3314 De man hats iren gsagt
