1044 3500
130 61 999 278 Erstlich das er onguatlich vmb de
156 218 989 369 ir jar, alhie zu been dem Heine
147 318 972 484 Blöüwer von Kötenbach pp müdt
140 430 964 588 Dinckls gethauffen palen unnd
168 542 988 690 daruff, ein eronen empfangen und
147 646 984 817 aber mit ein fäsen thatns ghegt
140 760 997 913 doch sige sollichs der mehnung k¬
181 886 976 1030 hächen, also, diewyl er verneche
134 985 973 1138 vilmaln khorn khonfft vnnd gen
107 1101 973 1251 thun pfeegen unnd daselbst das
145 1201 1023 1341 horn wider verkhoufft, er auch doneben
142 1267 1003 1458 gstumet gstin ettwen thorn shaf
130 1397 1020 1555 vnnd den gedachnen Hanns Blömwen
130 1498 964 1645 des marns zewaren, das er aber
134 1590 985 1743 mitt zwasen brungen mögen, deßn
112 1685 1010 1859 halb sollichs von Im vffmeber worden
114 1765 1011 1947 doch hab im der genampt bleuwe
124 1857 983 2016 enwotten, wo er dm siin bßgabet
115 1947 981 2113 gronen erlegge woll er der sachen
113 2085 636 2223 wol zfriden sen.
109 2182 951 2352 Denne das er vff selbigem tag
110 2248 1010 2408 dem Walii Geewee weybell zu Pöten
101 2317 991 2513 sach xxx ✳ seck mitt spruwer feyn
108 2415 990 2581 gotten, vnnd daruff von Eme Gerwer
104 2474 1009 2692 vier sthilling empfangen unnd umb
102 2563 1002 2765 den khauff marit ouch men warschafft
110 2667 969 2844 tragen khönden, sige doch ußs ver¬
106 2758 967 2937 erzellen ursachen bschähen, das es
88 2818 997 3005 vermeinen ghept, ertwan anderseeo
100 2910 950 3131 spruwer zekhauffen, vnnd darumb
104 3004 987 3186 werschafft tragnns thun, zeygt an
103 3077 967 3243 das er ein sack volle umb 1 ß dar
100 3217 531 3345 gschlagen habe.
