1060 3500
865 26 918 89 1
56 42 1009 182 vnnd deßhalb alda behendigeenn
52 127 872 283 alhar pfenptlich gefuren worden.
37 261 963 394 unnd bthenn sich hienit, das er
46 344 977 517 leyden) übell gfallen, pitter deß
43 414 987 593 halb iich nun e heren umb gnad
56 532 965 685 vnnd verzychung vwer gnad wolle
60 618 1004 775 doch wiltigklich ansachen, das er sollichs
65 681 986 844 uß kheinem besen fürnemmen, noch
62 763 1016 967 bedachtlich das söllichs pfälle sin miöchen
59 854 963 1043 gethan hab woll sich auch der ersten
69 949 952 1139 unnd nachgerndern müssig unnd
68 1068 626 1204 mitt meee nachfragn
65 1109 916 1293 uff mertag den vi tag hornung
63 1208 947 1345 habent nin x Es schuldtgeiss und
82 1251 975 1428 ehet diseren michel uss ir gnaden
62 1321 882 1491 statt vnd Land mit den erdt
68 1388 933 1551 verwisen, doch uf ir gnaden gefallen
67 1447 898 1605 beschen durch es Großsweybft
53 1508 935 1680 und Hanns Blicher dem weyffl
84 1596 729 1733 Latem presentibus obstadt
239 1773 703 1917 eter Christen.
72 1917 965 2129 Ist der veter Christen von Gree
104 2057 968 2242 es fryburg viett, so nun ettwan
103 2153 983 2355 zwenzig jar zu Munstingen pe¬
106 2282 940 2440 wonen diser hiench volgender
100 2364 999 2551 aticklen, so minen g herren durch
107 2451 994 2644 den Fywegbell Hanns Bürcki zu
107 2541 978 2714 Minsungen von sientwagn zu
119 2617 985 2819 gschriben unnd im fürghallen.
127 2737 991 2922 diser gstallt wie volgget behans
121 2803 524 2921 lich worden.
