<?xml version="1.0" encoding="UTF-8" standalone="yes"?>
<PcGts xmlns="http://schema.primaresearch.org/PAGE/gts/pagecontent/2013-07-15" xmlns:xsi="http://www.w3.org/2001/XMLSchema-instance" xsi:schemaLocation="http://schema.primaresearch.org/PAGE/gts/pagecontent/2013-07-15 http://schema.primaresearch.org/PAGE/gts/pagecontent/2013-07-15/pagecontent.xsd">
    <Metadata>
        <Creator>prov=University of Rostock/Institute of Mathematics/CITlab|PLANET AI GmbH/Gundram Leifert/gundram.leifert@planet-ai.de:name=German_Kurrent_XVI-XVIII_M1(htr_id=19584)::::v=2.6.7
prov=University of Rostock/Institute of Mathematics/CITlab|PLANET AI GmbH/Tobias Gruening/tobias.gruening@planet-ai.de:name=de.uros.citlab.module.baseline2polygon.B2PSeamMultiOriented:v=2.6.7
prov=University of Rostock/Institute of Mathematics/CITlab|PLANET AI GmbH/Gundram Leifert/gundram.leifert@planet-ai.de:name=Turmbücher Anna Witschi V2(htr_id=27066)::::v=2.6.7
prov=University of Rostock/Institute of Mathematics/CITlab|PLANET AI GmbH/Tobias Gruening/tobias.gruening@planet-ai.de:name=de.uros.citlab.module.baseline2polygon.B2PSeamMultiOriented:v=2.6.7
prov=University of Rostock/Institute of Mathematics/CITlab|PLANET AI GmbH/Gundram Leifert/gundram.leifert@planet-ai.de:name=Turmbücher Anna Witschi V2(htr_id=27066)::::v=2.6.7
prov=University of Rostock/Institute of Mathematics/CITlab|PLANET AI GmbH/Tobias Gruening/tobias.gruening@planet-ai.de:name=de.uros.citlab.module.baseline2polygon.B2PSeamMultiOriented:v=2.6.7
prov=University of Rostock/Institute of Mathematics/CITlab|PLANET AI GmbH/Gundram Leifert/gundram.leifert@planet-ai.de:name=German_Kurrent_XVI-XVIII_M1(htr_id=19584)::::v=2.6.6
prov=University of Rostock/Institute of Mathematics/CITlab|PLANET AI GmbH/Tobias Gruening/tobias.gruening@planet-ai.de:name=de.uros.citlab.module.baseline2polygon.B2PSeamMultiOriented:v=2.6.6
prov=University of Rostock/Institute of Mathematics/CITlab|PLANET AI GmbH/Gundram Leifert/gundram.leifert@planet-ai.de:name=German_Kurrent_XVI-XVIII_M1(htr_id=19584)::::v=2.6.6
prov=University of Rostock/Institute of Mathematics/CITlab|PLANET AI GmbH/Tobias Gruening/tobias.gruening@planet-ai.de:name=de.uros.citlab.module.baseline2polygon.B2PSeamMultiOriented:v=2.6.6
prov=University of Rostock/Institute of Mathematics/CITlab|PLANET AI GmbH/Tobias Gruening/tobias.gruening@planet-ai.de:name=/net_tf/LA73_249_0mod360.pb:de.uros.citlab.segmentation.CITlab_LA_ML:v=2.6.6
prov=University of Rostock/Institute of Mathematics/CITlab|PLANET AI GmbH/Tobias Gruening/tobias.gruening@planet-ai.de:name=/net_tf/LA73_249_0mod360.pb:de.uros.citlab.segmentation.CITlab_LA_ML:v=2.6.6
Transkribus</Creator>
        <Created>2020-10-05T11:47:32.949+02:00</Created>
        <LastChange>2022-09-09T16:42:38.414+02:00</LastChange>
        <TranskribusMetadata docId="1334775" pageId="52353117" pageNr="18" tsid="114634664" status="IN_PROGRESS" userId="9570" imgUrl="https://files.transkribus.eu/Get?id=BDSXNQCOUADECVGQUCLEEVEJ&amp;fileType=view" xmlUrl="https://files.transkribus.eu/Get?id=LIVQEPMWLFFPKHPSADXRUBNR" imageId="16046003"/>
    </Metadata>
    <Page imageFilename="20201005_093530698_iOS.jpg" imageWidth="1027" imageHeight="3500">
        <ReadingOrder>
            <OrderedGroup id="ro_1687514048431" caption="Regions reading order">
                <RegionRefIndexed index="0" regionRef="r1"/>
                <RegionRefIndexed index="1" regionRef="r2"/>
            </OrderedGroup>
        </ReadingOrder>
        <TextRegion orientation="0.0" id="r1" custom="readingOrder {index:0;}">
            <Coords points="47,0 47,3133 997,3133 997,0"/>
            <TextLine id="r1l1" custom="readingOrder {index:0;}">
                <Coords points="850,49 864,47 872,40 879,44 885,43 860,-107 849,-109 837,-91 826,-90"/>
                <Baseline points="853,33 877,29"/>
                <TextEquiv>
                    <Unicode>8</Unicode>
                </TextEquiv>
            </TextLine>
            <TextLine id="r1l2" custom="readingOrder {index:1;}">
                <Coords points="108,249 198,282 301,225 417,282 596,264 639,219 709,261 829,194 911,243 944,213 941,142 892,155 849,124 806,168 733,107 665,153 610,124 555,180 509,148 463,180 384,126 306,188 190,132 104,152"/>
                <Baseline points="114,236 155,231 196,227 237,224 278,221 320,218 361,216 402,213 443,212 484,210 526,209 567,207 608,206 649,205 690,203 732,202 773,200 814,198 855,196 896,194 938,191"/>
                <TextEquiv>
                    <Unicode>uff sampstag dem fünfften tag</Unicode>
                </TextEquiv>
            </TextLine>
            <TextLine id="r1l3" custom="readingOrder {index:2;}">
                <Coords points="86,353 213,315 300,354 502,320 558,357 690,307 793,331 863,300 903,333 1000,302 990,224 893,272 800,231 749,277 697,270 658,235 601,279 462,289 340,246 166,289 82,248"/>
                <Baseline points="91,318 136,318 181,318 226,318 271,317 316,316 361,315 406,314 451,312 496,310 542,308 587,306 632,304 677,302 722,300 767,298 812,296 857,293 902,291 947,288 993,286"/>
                <TextEquiv>
                    <Unicode>hornungs a 1569. jar inn gëge</Unicode>
                </TextEquiv>
            </TextLine>
            <TextLine id="r1l4" custom="readingOrder {index:3;}">
                <Coords points="76,428 270,466 375,398 489,478 550,419 726,406 813,436 838,409 985,400 984,362 923,328 819,311 730,377 566,382 506,331 469,368 416,337 374,380 241,335 180,379 75,382"/>
                <Baseline points="82,417 126,416 171,415 216,414 261,413 306,413 351,412 395,411 440,410 485,410 530,408 575,407 620,406 665,405 709,403 754,401 799,398 844,396 889,393 934,390 979,386"/>
                <TextEquiv>
                    <Unicode>würtigkheytt der frommen ersamen</Unicode>
                </TextEquiv>
            </TextLine>
            <TextLine id="r1l5" custom="readingOrder {index:4;} person {offset:13; length:17;}">
                <Coords points="78,534 152,574 186,540 265,565 391,510 524,560 640,509 887,487 979,515 977,455 923,429 793,469 693,436 609,476 546,430 496,477 450,446 398,484 76,475"/>
                <Baseline points="83,526 127,523 171,521 216,519 260,516 305,514 349,513 394,511 438,510 483,508 527,507 571,506 616,505 660,504 705,503 749,501 794,501 838,500 883,499 927,497 972,496"/>
                <TextEquiv>
                    <Unicode>wysen herren Erbastian darinen des</Unicode>
                </TextEquiv>
            </TextLine>
            <TextLine id="r1l6" custom="readingOrder {index:5;} person {offset:6; length:25; continued:true;}">
                <Coords points="56,629 121,657 210,602 269,630 440,608 476,630 644,593 751,648 848,648 890,609 976,601 975,548 855,573 780,526 740,564 635,576 578,539 518,563 482,538 431,583 290,539 246,580 155,580 98,526 54,565"/>
                <Baseline points="61,621 106,620 151,618 197,617 242,616 288,615 333,614 379,613 424,612 470,610 515,609 560,608 606,607 651,606 697,605 742,604 788,603 833,602 879,601 924,600 970,599"/>
                <TextEquiv>
                    <Unicode>Thats Gallus Guldig Großweybels</Unicode>
                </TextEquiv>
            </TextLine>
            <TextLine id="r1l7" custom="readingOrder {index:6;}">
                <Coords points="59,738 74,740 90,750 121,744 132,667 124,665 100,632 82,646 72,646"/>
                <Baseline points="72,694 97,696 122,701"/>
                <TextEquiv>
                    <Unicode></Unicode>
                </TextEquiv>
            </TextLine>
            <TextLine id="r1l8" custom="readingOrder {index:7;} person {offset:0; length:15; continued:true;}">
                <Coords points="232,849 283,847 332,891 368,887 442,830 481,860 560,834 614,860 657,826 705,860 751,831 750,782 717,764 566,781 504,734 444,774 366,777 307,721 229,722"/>
                <Baseline points="237,828 262,826 287,825 313,824 338,823 364,822 389,821 414,820 440,819 465,819 491,818 516,818 541,818 567,817 592,817 618,816 643,816 668,815 694,814 719,813 745,813"/>
                <TextEquiv>
                    <Unicode>Migell Irregang.</Unicode>
                </TextEquiv>
            </TextLine>
            <TextLine id="r1l9" custom="readingOrder {index:8;} person {offset:16; length:15;}">
                <Coords points="42,1014 118,1052 159,1012 213,1047 273,990 637,1014 690,986 751,1026 813,998 863,1018 900,984 936,1018 974,1003 973,929 810,946 769,909 643,937 497,908 355,948 314,918 241,962 98,872 41,908"/>
                <Baseline points="47,980 93,982 139,983 185,984 231,985 277,985 323,986 369,986 415,986 461,986 507,985 553,985 599,984 645,983 691,982 737,981 783,980 829,978 875,976 921,974 968,972"/>
                <TextEquiv>
                    <Unicode>st inn der keby Michell Iregang</Unicode>
                </TextEquiv>
            </TextLine>
            <TextLine id="r1l10" custom="readingOrder {index:9;} place {offset:4; length:8;} place {offset:17; length:11;}">
                <Coords points="70,1091 253,1088 415,1138 462,1090 563,1089 625,1144 699,1088 947,1084 947,1055 714,1055 666,1008 579,1003 501,1041 408,987 345,1048 247,1055 173,1022 133,1060 69,1034"/>
                <Baseline points="75,1078 118,1080 161,1082 204,1084 248,1085 291,1086 334,1087 378,1088 421,1088 464,1088 508,1088 551,1087 594,1087 637,1086 681,1084 724,1083 767,1081 811,1079 854,1076 897,1074 941,1071"/>
                <TextEquiv>
                    <Unicode>von Lienberg uss solochuener pre</Unicode>
                </TextEquiv>
            </TextLine>
            <TextLine id="r1l11" custom="readingOrder {index:10;}">
                <Coords points="62,1201 142,1227 223,1200 273,1251 414,1183 546,1190 574,1219 691,1203 737,1251 787,1206 852,1245 908,1201 976,1219 977,1162 863,1130 819,1084 704,1151 533,1106 483,1153 386,1164 296,1101 214,1142 150,1101 63,1147"/>
                <Baseline points="68,1174 113,1176 158,1177 203,1178 248,1179 293,1180 338,1180 383,1181 428,1182 473,1182 519,1183 564,1184 609,1185 654,1185 699,1186 744,1188 789,1189 834,1190 879,1192 924,1194 970,1196"/>
                <TextEquiv>
                    <Unicode>ernstig befragt unnd imme fürghalten</Unicode>
                </TextEquiv>
            </TextLine>
            <TextLine id="r1l12" custom="readingOrder {index:11;}">
                <Coords points="71,1292 290,1287 429,1322 463,1301 517,1341 561,1298 681,1282 815,1323 871,1296 990,1351 992,1246 853,1269 809,1225 753,1260 500,1239 465,1267 277,1268 206,1221 136,1261 72,1246"/>
                <Baseline points="77,1282 122,1283 167,1283 213,1283 258,1284 304,1283 349,1283 394,1283 440,1283 485,1283 531,1283 576,1284 621,1284 667,1285 712,1286 758,1287 803,1290 848,1291 894,1295 939,1298 985,1302"/>
                <TextEquiv>
                    <Unicode>wie das nun g herren bericht worden.</Unicode>
                </TextEquiv>
            </TextLine>
            <TextLine id="r1l13" custom="readingOrder {index:12;}">
                <Coords points="77,1394 174,1377 290,1447 366,1403 429,1440 502,1387 564,1384 656,1452 752,1392 859,1456 967,1409 968,1350 906,1313 787,1356 665,1332 555,1366 440,1321 364,1357 314,1310 176,1345 79,1312"/>
                <Baseline points="83,1372 126,1375 170,1377 214,1379 258,1381 302,1382 346,1383 390,1383 434,1384 478,1384 522,1384 565,1385 609,1385 653,1385 697,1386 741,1386 785,1387 829,1388 873,1389 917,1391 961,1393"/>
                <TextEquiv>
                    <Unicode>das er fich, nach dem er hieuor sich zu</Unicode>
                </TextEquiv>
            </TextLine>
            <TextLine id="r1l14" custom="readingOrder {index:13;} place {offset:0; length:9;}">
                <Coords points="76,1469 181,1532 264,1471 505,1483 581,1540 646,1488 792,1479 1001,1517 1004,1403 871,1458 656,1452 598,1405 476,1452 339,1429 268,1452 210,1396 78,1422"/>
                <Baseline points="83,1459 128,1462 174,1464 219,1466 265,1468 311,1470 356,1471 402,1472 448,1473 493,1474 539,1475 585,1475 630,1476 676,1477 722,1477 767,1478 813,1479 859,1481 904,1481 950,1483 996,1485"/>
                <TextEquiv>
                    <Unicode>Solochern mitt einer frouwen vereelichen</Unicode>
                </TextEquiv>
            </TextLine>
            <TextLine id="r1l15" custom="readingOrder {index:14;}">
                <Coords points="90,1588 160,1610 198,1585 261,1618 303,1597 330,1624 395,1563 941,1587 965,1545 686,1540 650,1508 604,1543 399,1543 345,1503 233,1538 92,1499"/>
                <Baseline points="97,1548 140,1552 183,1555 226,1557 269,1559 312,1561 355,1563 398,1564 441,1566 484,1566 528,1567 571,1568 614,1569 657,1569 700,1569 743,1570 786,1570 829,1571 872,1571 915,1572 959,1572"/>
                <TextEquiv>
                    <Unicode>ydthar wycher einer anderen vor vnnd</Unicode>
                </TextEquiv>
            </TextLine>
            <TextLine id="r1l16" custom="readingOrder {index:15;}">
                <Coords points="74,1659 231,1652 308,1685 362,1645 599,1662 656,1698 702,1673 739,1696 778,1670 934,1680 935,1634 887,1612 834,1639 655,1608 612,1631 577,1598 512,1632 360,1634 303,1597 233,1626 179,1591 75,1623"/>
                <Baseline points="80,1645 122,1646 164,1648 207,1649 249,1650 292,1652 334,1653 377,1654 419,1655 462,1656 504,1657 546,1658 589,1659 631,1659 674,1660 716,1660 759,1661 801,1661 844,1662 886,1662 929,1662"/>
                <TextEquiv>
                    <Unicode>er die erst mitt tod abgangen, oder</Unicode>
                </TextEquiv>
            </TextLine>
            <TextLine id="r1l18" custom="readingOrder {index:16;}">
                <Coords points="81,1753 242,1756 365,1822 422,1770 521,1751 695,1779 737,1752 782,1783 853,1773 897,1814 947,1741 821,1690 750,1742 652,1700 515,1737 372,1660 82,1700"/>
                <Baseline points="87,1736 129,1741 172,1745 214,1747 257,1750 300,1752 342,1753 385,1754 428,1755 470,1755 513,1756 556,1756 598,1757 641,1757 684,1758 726,1759 769,1761 812,1763 854,1765 897,1769 940,1773"/>
                <TextEquiv>
                    <Unicode>von  gschyden worden eeliche</Unicode>
                </TextEquiv>
            </TextLine>
            <TextLine id="r1l19" custom="readingOrder {index:17;}">
                <Coords points="91,1890 187,1884 228,1849 269,1892 299,1873 393,1906 467,1842 663,1851 770,1912 832,1864 891,1910 954,1877 955,1806 927,1788 892,1818 775,1789 662,1817 624,1781 577,1819 464,1830 407,1784 302,1829 94,1774"/>
                <Baseline points="98,1834 140,1836 183,1839 225,1841 268,1842 310,1844 353,1846 395,1847 438,1848 480,1849 523,1850 566,1851 608,1852 651,1852 693,1853 736,1854 778,1854 821,1855 863,1856 906,1857 949,1857"/>
                <TextEquiv>
                    <Unicode>zusagung gechen unnd deßhalb uff</Unicode>
                </TextEquiv>
            </TextLine>
            <TextLine id="r1l20" custom="readingOrder {index:18;}">
                <Coords points="73,1946 159,1926 223,1962 296,1932 455,1951 527,2012 668,1943 778,1996 962,1965 963,1939 822,1902 734,1925 705,1901 651,1931 543,1923 490,1884 448,1922 306,1921 214,1873 159,1911 75,1900"/>
                <Baseline points="80,1926 123,1930 167,1934 211,1937 255,1940 299,1942 342,1944 386,1946 430,1947 474,1948 518,1949 561,1949 605,1950 649,1951 693,1951 737,1952 780,1953 824,1954 868,1955 912,1956 956,1958"/>
                <TextEquiv>
                    <Unicode>ein zytt mitt zwoyen gewyber</Unicode>
                </TextEquiv>
            </TextLine>
            <TextLine id="r1l21" custom="readingOrder {index:19;}">
                <Coords points="79,2026 199,2076 252,2029 305,2084 353,2042 627,2041 694,2103 831,2048 856,2072 947,2058 974,2029 645,2013 618,1984 526,2016 448,1965 400,2009 348,1968 268,2012 160,1935 81,1965"/>
                <Baseline points="85,2013 129,2017 173,2021 217,2023 261,2026 305,2028 349,2030 393,2032 437,2034 481,2035 526,2037 570,2038 614,2039 658,2040 702,2041 746,2042 790,2043 834,2045 878,2047 922,2048 967,2051"/>
                <TextEquiv>
                    <Unicode>behafft soll darumb anzeypen, wie</Unicode>
                </TextEquiv>
            </TextLine>
            <TextLine id="r1l22" custom="readingOrder {index:20;}">
                <Coords points="91,2159 170,2163 223,2124 276,2171 332,2121 419,2122 572,2141 602,2172 742,2153 805,2202 855,2156 931,2165 933,2130 878,2125 823,2067 704,2110 552,2103 497,2061 452,2096 421,2068 315,2095 275,2051 199,2077 97,2041"/>
                <Baseline points="100,2100 141,2105 182,2109 223,2113 265,2116 306,2119 347,2121 389,2124 430,2125 471,2127 513,2128 554,2130 595,2131 636,2133 678,2135 719,2136 760,2138 802,2141 843,2144 884,2147 926,2150"/>
                <TextEquiv>
                    <Unicode>sich solliche verhandlung, verliffen</Unicode>
                </TextEquiv>
            </TextLine>
            <TextLine id="r1l23" custom="readingOrder {index:21;}">
                <Coords points="84,2209 354,2237 415,2287 497,2235 581,2280 649,2247 707,2300 808,2258 853,2296 899,2258 1003,2260 1006,2183 933,2212 876,2173 820,2209 711,2179 654,2216 590,2168 484,2196 422,2134 282,2193 191,2149 148,2182 86,2169"/>
                <Baseline points="90,2200 135,2206 180,2211 226,2215 271,2219 316,2222 362,2224 407,2227 452,2229 498,2230 543,2232 588,2233 634,2235 679,2236 724,2237 770,2239 815,2240 860,2243 906,2245 951,2247 997,2251"/>
                <TextEquiv>
                    <Unicode>vnnd wardurch er disern hochen fülersh</Unicode>
                </TextEquiv>
            </TextLine>
            <TextLine id="r1l25" custom="readingOrder {index:22;}">
                <Coords points="79,2334 110,2346 145,2331 191,2363 281,2321 366,2328 417,2364 453,2351 508,2398 583,2333 611,2355 650,2305 626,2288 598,2301 543,2258 470,2309 447,2288 333,2283 307,2261 258,2289 84,2244"/>
                <Baseline points="86,2301 113,2302 141,2304 169,2305 197,2307 225,2309 252,2312 280,2315 308,2317 336,2319 364,2321 391,2323 419,2325 447,2327 475,2328 503,2329 530,2330 558,2330 586,2329 614,2329 642,2327"/>
                <TextEquiv>
                    <Unicode>zebegan bewese sp.</Unicode>
                </TextEquiv>
            </TextLine>
            <TextLine id="r1l26" custom="readingOrder {index:23;}">
                <Coords points="122,2512 203,2492 236,2525 287,2487 365,2529 423,2494 454,2528 537,2504 767,2535 851,2500 963,2530 992,2472 870,2437 822,2475 735,2484 509,2473 394,2428 303,2447 271,2412 199,2443 128,2380"/>
                <Baseline points="130,2470 172,2474 215,2476 258,2480 300,2483 343,2486 386,2489 428,2491 471,2494 514,2496 557,2499 599,2501 642,2503 685,2505 727,2506 770,2507 813,2508 855,2508 898,2508 941,2508 984,2507"/>
                <TextEquiv>
                    <Unicode>struff ist sin antwirtt das</Unicode>
                </TextEquiv>
            </TextLine>
            <TextLine id="r1l27" custom="readingOrder {index:24;}">
                <Coords points="92,2567 194,2581 260,2629 323,2587 377,2645 497,2585 718,2648 772,2607 944,2611 962,2582 898,2547 787,2573 732,2529 691,2564 634,2529 587,2567 552,2537 504,2562 380,2520 269,2556 94,2525"/>
                <Baseline points="99,2557 141,2561 184,2564 227,2568 270,2572 313,2575 355,2579 398,2582 441,2584 484,2587 527,2590 569,2591 612,2594 655,2595 698,2597 741,2598 783,2599 826,2600 869,2600 912,2600 955,2599"/>
                <TextEquiv>
                    <Unicode>er eupferlich vor sachts jaren u</Unicode>
                </TextEquiv>
            </TextLine>
            <TextLine id="r1l28" custom="readingOrder {index:25;} person {offset:13; length:15;}">
                <Coords points="110,2665 198,2657 247,2704 300,2663 386,2663 439,2703 479,2679 582,2700 621,2742 724,2700 953,2712 956,2677 879,2644 840,2674 625,2631 595,2652 522,2611 474,2636 414,2612 375,2645 332,2597 267,2631 116,2589"/>
                <Baseline points="118,2638 159,2642 201,2646 242,2650 284,2654 325,2658 367,2662 408,2666 450,2670 491,2674 533,2677 574,2680 616,2684 657,2686 699,2689 740,2692 782,2693 823,2695 865,2696 906,2697 948,2698"/>
                <TextEquiv>
                    <Unicode>bolochnrn by Börg schwallern den</Unicode>
                </TextEquiv>
            </TextLine>
            <TextLine id="r1l29" custom="readingOrder {index:26;} person {offset:0; length:6;}">
                <Coords points="94,2728 254,2758 288,2794 519,2757 701,2775 773,2820 855,2780 935,2791 939,2739 628,2745 581,2700 513,2746 357,2690 263,2718 214,2665 98,2667"/>
                <Baseline points="101,2716 142,2724 183,2731 225,2737 266,2742 308,2747 349,2751 391,2755 432,2757 474,2760 515,2762 556,2764 598,2766 639,2767 681,2769 722,2770 764,2772 805,2774 847,2776 888,2779 930,2782"/>
                <TextEquiv>
                    <Unicode>Müller gedienen, domaln hab es</Unicode>
                </TextEquiv>
            </TextLine>
            <TextLine id="r1l30" custom="readingOrder {index:27;}">
                <Coords points="111,2873 182,2880 232,2847 273,2885 343,2848 546,2849 650,2914 709,2913 774,2864 976,2881 987,2843 743,2831 708,2795 546,2833 464,2787 406,2825 328,2786 199,2799 117,2759"/>
                <Baseline points="119,2818 162,2823 205,2827 248,2831 291,2835 334,2838 377,2841 420,2844 463,2846 506,2848 549,2851 592,2852 635,2854 678,2855 721,2857 764,2858 807,2859 850,2860 893,2861 936,2861 980,2862"/>
                <TextEquiv>
                    <Unicode>sich begäben, das er sich mitt einer</Unicode>
                </TextEquiv>
            </TextLine>
            <TextLine id="r1l31" custom="readingOrder {index:28;}">
                <Coords points="116,2970 162,2936 260,2932 356,2981 496,2951 561,3011 626,2955 688,2993 746,2955 834,2995 988,2928 801,2884 734,2923 685,2902 610,2922 545,2880 479,2920 368,2887 233,2908 119,2868"/>
                <Baseline points="123,2914 165,2919 208,2923 251,2927 294,2931 337,2934 380,2936 423,2939 466,2941 509,2942 552,2943 594,2944 637,2945 680,2946 723,2946 766,2946 809,2946 852,2947 895,2947 938,2947 981,2947"/>
                <TextEquiv>
                    <Unicode>soIm vorhin enbekhent) Alsy art</Unicode>
                </TextEquiv>
            </TextLine>
            <TextLine id="r1l32" custom="readingOrder {index:29;} place {offset:29; length:3; continued:true;}">
                <Coords points="112,3051 192,3015 476,3040 541,3093 655,3030 794,3034 839,3064 876,3035 963,3042 966,2956 865,3015 789,2980 560,3011 114,2972"/>
                <Baseline points="119,3000 160,3005 202,3009 244,3013 286,3017 328,3019 370,3022 412,3024 454,3026 496,3028 538,3029 579,3030 621,3031 663,3032 705,3033 747,3033 789,3033 831,3034 873,3034 915,3034 957,3034"/>
                <TextEquiv>
                    <Unicode>genempt vereelichett unnd zu Sb¬</Unicode>
                </TextEquiv>
            </TextLine>
            <TextLine id="r1l33" custom="readingOrder {index:30;} place {offset:0; length:7; continued:true;}">
                <Coords points="117,3118 199,3154 233,3122 398,3106 478,3166 564,3135 618,3153 648,3126 966,3126 967,3089 817,3061 781,3095 745,3075 538,3095 455,3045 376,3078 276,3026 245,3056 118,3052"/>
                <Baseline points="123,3096 164,3099 206,3101 248,3104 290,3106 332,3108 374,3109 416,3111 458,3111 500,3113 542,3113 583,3114 625,3114 667,3114 709,3114 751,3114 793,3114 835,3113 877,3113 919,3112 961,3111"/>
                <TextEquiv>
                    <Unicode>lochurn den Kilchgang mitt ira er¬</Unicode>
                </TextEquiv>
            </TextLine>
            <TextEquiv>
                <Unicode>8
uff sampstag dem fünfften tag
hornungs a 1569. jar inn gëge
würtigkheytt der frommen ersamen
wysen herren Erbastian darinen des
Thats Gallus Guldig Großweybels

Migell Irregang.
st inn der keby Michell Iregang
von Lienberg uss solochuener pre
ernstig befragt unnd imme fürghalten
wie das nun g herren bericht worden.
das er fich, nach dem er hieuor sich zu
Solochern mitt einer frouwen vereelichen
ydthar wycher einer anderen vor vnnd
er die erst mitt tod abgangen, oder
von  gschyden worden eeliche
zusagung gechen unnd deßhalb uff
ein zytt mitt zwoyen gewyber
behafft soll darumb anzeypen, wie
sich solliche verhandlung, verliffen
vnnd wardurch er disern hochen fülersh
zebegan bewese sp.
struff ist sin antwirtt das
er eupferlich vor sachts jaren u
bolochnrn by Börg schwallern den
Müller gedienen, domaln hab es
sich begäben, das er sich mitt einer
soIm vorhin enbekhent) Alsy art
genempt vereelichett unnd zu Sb¬
lochurn den Kilchgang mitt ira er¬</Unicode>
            </TextEquiv>
        </TextRegion>
        <TextRegion orientation="0.0" id="r2" custom="readingOrder {index:1;}">
            <Coords points="969,0 969,67 1007,67 1007,0"/>
            <TextEquiv>
                <Unicode></Unicode>
            </TextEquiv>
        </TextRegion>
    </Page>
</PcGts>
