2324 3500
126 64 1108 248 vffdem ixt. tag May im 1169
172 148 1123 321 Jar ist vom herren Großweibel
149 231 1040 363 Wilhelm vs Steyn in der
171 291 819 419 keffe befragt worden
499 388 1022 525 aspar kessler der
423 475 816 591 zu port alhie
85 476 1094 700 Erstlich was Ins verursachet hab
109 618 1074 771 das iein gülebrieff Elb hupt
128 695 1037 834 guͦts uff und ab dem putt
115 759 1054 880 zu Jaberg, hindennubs herr
118 850 1085 971 geii stultzen des der buieff
102 909 1093 1043 vnd Nicklauß Schonin flgen
65 968 1066 1120 versatz hatt umb li lb d
89 1044 1096 1186 die er bemelttem Schonin nach
127 1131 1091 1265 aller rechnung schuldig plipen
106 1217 1111 1336 gipt sen sschryd ußz willigender
109 1305 1106 1417 das Nielans Sthöni Ine hab
88 1372 1088 1493 sen angwadtere schuld Inlege
86 1445 1065 1565 guͦtter hoffnung das geltt
94 1534 1083 1640 so er mitt gricht vnd recht zu
93 1585 1063 1713 Mulidorff ufftriben ✳ wurde
85 1656 1084 1769 er inkurtzem vberkhon, damit
66 1708 1098 1857 er den pulitbrieff willen redlich
68 1793 351 1928 zulosen
50 2042 1099 2166 denne umb was er so fraffe
51 2121 1051 2259 das jabung gutt uffghept
35 2176 1045 2331 vnd gricht vnd recht Ine
51 2233 1117 2389 lassen in Hansen zum gylpien
59 2276 1096 2484 schlypffers neme zu bekhen
72 2355 1066 2540 nen so doch der schlypffen
36 2428 1015 2622 Ime solchen sachen mitzit
34 2545 397 2706 Af kon
23 2540 991 2765 sipt zu Antant, daun
28 2632 1063 2804 das der schlyffer zu Ime
43 2678 1043 2892 Caspern gredt als er Ime de
46 2734 1082 2948 brieff gab, er were umb vil
69 2830 918 3020 Ab das für h. heinmicht
58 2883 1060 3113 burg worden, do hatt er
1302 21 2240 180 er gornen dn shliepf de
1298 96 2227 246 den brieff sampt erlichen
1311 159 2192 330 mehr hauch sylber gschyet
1274 239 2263 436 hinder ine pfandwysz gleyw
1267 316 2252 502 vnd hiemitt habe den schlyffe
1263 412 2236 581 Ime Caspern ernstig befolen
1267 476 2264 658 Er solte den gulttbrieff heurn
1268 541 2208 719 heinithen nitt in hern lassen
1264 605 2184 769 werden, sondern niemands
1280 671 2221 835 anderst dan Ime wider zu¬
1279 755 2175 934 stellen vnd befolen er solle
1243 831 2185 1013 dsach funderlich tryben das es
1281 894 2215 1093 abgange vnd vß dem grund
1253 998 2165 1144 diewil es Im brieff stadt
1257 1071 2227 1223 zu handen inhabenn des briffs
1271 1161 2223 1318 hab er in deß schlyffens name
1274 1231 2190 1376 das gutt zubrkhenest lassen
1273 1308 2081 1444 wie das die vrkhundt
1260 1409 1488 1516 wysen
1266 1459 2211 1587 Hignäben ist Caspars underthänig
1282 1529 2211 1674 ste pitt an m g herren sy wel¬
1261 1614 2211 1740 lind ine usz gnaden usz gefen¬
1283 1687 2188 1791 gknuß lassen vnd ime ein
1256 1722 1302 1816 d
1279 1753 2189 1872 zyll verginnen und stecken
1270 1832 2192 1948 so möge er mitt gutter fünde
1249 1901 2169 2003 hilff das geltt den brieff
1264 1960 2193 2078 gelosen uffbringen ✳ so wolle
1265 2032 2167 2131 er in gn. henden ansachen
1271 2100 2191 2206 statt thun vnd de gegatet
1252 2159 1769 2274 zyl nitt fälen
1785 2181 2205 2285 zu vermy
1258 2224 2208 2353 den m. tg h vergunst und
1255 2276 1561 2396 straaff
