2272 3501
210 147 985 414 f fryteg en x ig
126 267 1055 485 jenkes deß pr unnd lpv jns
129 352 1071 589 inn gägenwürttigkeytt, der kommen
152 483 992 655 vesten eersammen unnd wysen
140 602 1003 744 herr Sulpnins Brüggles des
120 658 970 845 Ehans, Chunradt vogts de
140 783 1015 928 Burgeren, Wilhelmen vom
166 885 1011 1041 Stein Großweybells, vnnd der
162 981 968 1152 weyblen mine g herrn
364 1102 660 1228 gmeinlich
183 1318 1073 1508 hatt diser gagenwinertiger Gasen
106 1430 1018 1603 Schwytzer von Belach pürttig ✳ zuͦ
152 1551 1062 1709 marckzilj, hienachvolgende sthware
148 1648 975 1803 mishandlingen begennt unnd
149 1774 477 1900 verzachen
89 1853 1078 2049 Des ersten als sich uff dem sibenden
145 2000 1048 2136 tag diss monars jenners begäben
130 2092 1059 2225 das ettliche miner g. Herren diener
140 2170 1083 2301 vnnd beuelchs haber, des Stürgullts
139 2240 1072 2370 ein simar peltts, dem vogt zu be¬
142 2348 1008 2510 lach Im schlosse, Innamen miner
138 2407 1069 2583 g. herren, dargezelle hattend vnnd
155 2489 1074 2669 widerumb zusamen gstessen, unnd
130 2586 1021 2752 den ein hut gechan, uff tisch
101 2664 1112 2858 Im sal stan lassen, sige er bosin
125 2795 1036 2968 zugfaren, inn dem man sinen am
128 2841 1057 3038 minsten warnem, vnnd ein griff
110 2944 1036 3121 Inn das gallt gethan, engeferli
112 2995 1110 3244 also dey diekpfenuig daruß entfreubten
2070 43 2146 132 81
1182 136 2124 342 Denne habe er inn Hanns Josts
1218 245 2170 416 des wirtts zu Erlachhuß, im sal
1222 355 2143 532 ab einem tisch ein einlathen
1231 454 2209 644 genommen, das im der frouw, wider¬
1225 592 1746 725 umb aberzagt hab.
1166 823 2151 981 emne als vor nin jaren Hanns
1232 940 2141 1092 Blanck württ zu Lüscherz, dem
1247 1048 2132 1201 gan Nydouw mitt deuelch vier
1244 1141 2163 1294 ronen gallts Inzeziechen, gschickt
1250 1272 2194 1401 hatten, das empfangen gällt nitt
1256 1364 2180 1495 dem es ghörtt überantwurtten
1272 1453 2141 1610 sonnders selbs enntzlich verthan
1178 1676 2214 1872 Atem zu Erlach vor deyen ja
1186 1826 2178 1978 War Margili Wüntschen huss, dar¬
1256 1931 2237 2064 zwüsthen ertlich wynluden, ein breyttel
1240 2014 2237 2157 Biel ab dem vorzug gnommen, dasselb
1235 2091 2190 2234 In dmatten under das laub ge¬
1243 2180 2201 2347 worffen, willens herrich Zereycht
1264 2288 2180 2428 mnnd zebehallen, dann das mans
1253 2390 2165 2519 an der stett vff Inn geargnonet
1259 2472 2202 2622 Inne darzu gehallten, das ers hab
1268 2571 2195 2727 müssen reychen vnnd umbhin gäben
1276 2731 2124 2922 Ouch us sines schwagers Hanns
1262 2890 2176 3034 Gberlis huß ein achs eningen der
1296 2979 2099 3097 selbig einem annderen umb de
1304 3063 2059 3218 batz versezt, vnnd nitt
1298 3126 1618 3265 glößen.
