4000 3000
249 48 1018 298 Danbeglirl en e
339 143 998 345 de Agenstnhen
233 242 1015 473 endesen es aeheten
238 329 992 506 verschiner tagen, von einem ersame
220 374 1013 580 Thorgricht zu Constuntine, durch ein¬
221 448 982 616 überschickte procedur berichtet worden.
235 531 1010 701 maßen sean derybord von Vnilan
204 585 999 746 Ampthyung Wyblispurg zu ein
232 646 999 816 welcher von ime gelt zu entlengn
214 729 969 866 begiert, nachmolgende wortt geredt
958 832 1018 908 hab
240 811 944 935 solle Ja wan er Ime verspräche
942 889 986 953 de
227 871 949 1000 vff dem tag, Va welchem er Ime
221 941 962 1061 widerumb zuerleggen verheiße, sin
223 1013 1020 1169 werde, Er der schuldner sich (Gotts
223 1082 1010 1224 vns dem Tüffell ergieben wolle, vnd
231 1151 1006 1277 er darvon nit widerumb abstan man
215 1230 999 1349 Item dz er noch zu andern, so auch ges
216 1297 1013 1410 von imme entleüen wellen, gesagt, u
195 1360 1007 1469 sy sich verpfrlichten wollendt, nit Indar
207 1420 1006 1541 Baradyß zu kommen, Wan sy es im
203 1510 1006 1609 zil und tag nit widerumb erstatteet
200 1566 1004 1677 Wolle er Inen gelt fursetzen, t. Vnd
204 1635 1017 1731 diewyl dise deß gedachten Jean desybent
203 1707 1014 1802 ußgoßne unchristenliche worden und se
194 1790 995 1895 synen schuldneren gethanes anunter
209 1855 993 1952 so vil wichtig. Hab nit deßwege
203 1913 1014 2029 ehrengemelte m ht. die Eherichter mi
187 1983 995 2103 darüber absprechen, sondr die sach¬
200 2050 1000 2183 einen fürtrag an v gt langen
174 2117 985 2250 Da den vd gt nothwendigen befunden
173 2171 1006 2287 das bemelter jean dergbard ußemih
176 2257 985 2377 huß, In die überefangenschof
187 2320 981 2457 gelegt und daselbst mit Eronsthafft
191 2371 993 2504 worten und betröüwung der mart
181 2462 973 2590 nothwendigklich uber das ein und ander
171 2502 998 2641 exammiert werde, Welliches mun
163 2577 999 2726 Mitwuchen den 2. mayy diß 162 1
966 2629 1004 2699 s
152 2648 946 2823 In bysyn und gegenwürtigkeit d
162 2714 900 2888 furnemen, fur sechtigen Wysen
896 2804 943 2868 I
1912 -8 1996 51 142
1051 29 1906 304 de zernt
1101 105 1998 324 Anthom Steeglers der Burgeern Rielauß
1088 189 1984 397 Jaechers Großweibels, vnd etlicher Weib¬
1107 262 1948 430 an m g. h. vnd Oberen dienern, zu der
1096 325 2001 489 mannenkek gepürender maßen gegeen ime
1089 420 1394 558 recht maden.
1097 445 1960 608 vnd als er Erstlichen befragt worden, Ob
1106 524 1971 676 nit hagues muss uff ein zyn gelt von
1097 577 1975 735 imr entlenen wollen, und er imme Marg
1089 652 1968 789 domalen angemütet, wan er ime ver
1094 714 1934 852 spräche, das so er uff bestimpt zel und tag
1096 759 1908 907 imme das gelt nit erlegge, er Murg sich
1079 841 1980 971 Thott behüet vns dem Cuffell ergeben
1088 929 1932 1018 welle, vnd dz er nit widerumb daruon
1094 959 1994 1080 abstan möge, so welle er ime gelt ent
1312 1026 1974 1130 Welcheßen er desybord nit
1086 1073 1194 1139 lenen
1085 1092 1997 1202 absyn können, und das er imme Murg uff
1082 1164 2007 1263 bemelt, Endthin gelt etwas gelts entleüt
1081 1223 1985 1343 habe wüße aber nit wie vil es gsin sye.
1085 1356 1979 1467 Item so ist imme auch fürghalten worden, ob
1079 1426 1975 1526 er nit etlichen, so gelt von Ime entleuen
1085 1494 1962 1587 wellen, angemutet habe, er wolle Iuen
1080 1558 1979 1626 wol gelt entleuen, ja wan sy Ime ver¬
1082 1630 1964 1703 sprechnit, so sy imme das entleüt gelt uff
1083 1675 1959 1783 zu und tag nit erlegnet, das sy nit in das
1078 1742 1872 1830 Barodyß inträgten wellit, er
1078 1796 1979 1916 dergbord aber hat deßen nit gestendg syn
1078 1876 1214 1934 wellen.
1061 1909 1987 2036 Denne ober nit gredt habe, wan er schon mit
1069 1976 1937 2084 daheimen, so wüße er doch woll was gue
1067 2039 1993 2152 dienst und knechtenmachnit. Er will obr
1079 2090 1991 2240 auch deßen nit bekantlich syn, das er sölliches
1067 2165 2016 2298 zn ernst und zu andern gredt habe, den allen
1061 2230 1996 2359 zu synen diensten möchte er es wol gwedt
1063 2290 1982 2440 haben, damit er dieselben zn desto beßerer
1034 2341 1327 2453 hacht bhalte.
1026 2414 1967 2585 Bedanget den herren prediconten zu
1073 2491 1870 2651 Constantine, sye nit weniger, den als
1872 2594 1947 2670 sy
1067 2550 1956 2732 beidt, mit noch einem anderen ab einem märit
1067 2622 1951 2823 von Bägerlingen nach heimwertz gefaren,
1072 2674 1922 2852 der dem herre redwranten syner mantell
1068 2744 1991 2927 genommen, er habe ab denselben hernach synen
1073 2795 1906 3002 gspanen, so mit inen gfaren geben, sol
