4000 3000
150 25 896 213 das sy den lindt vbersehen, In dem
159 87 899 284 alts sy Feini broth und zuüßen
158 167 907 345 gehept, irer schwester aber gelt
164 255 917 424 geben Ira alhie In der statt bes
150 308 917 481 zekouffen, demselbigen nun zu
171 382 929 589 hölligen vor dem Burgeren
168 466 892 618 gewarchet und aber lang nit
173 567 903 697 komen wellen, sye sy endtliche
173 632 922 784 für das burgeren zel in deß spar
169 701 915 828 Matten hinyn gangen, vnd ein
182 781 914 915 keüt zuäßen gefölet. dise
173 853 884 981 vnd anderen Ire begangne
161 927 904 1042 Thaler syent aber jra von
174 992 887 1117 grundt ires hertzens leidt
170 1074 909 1199 briget des halben, Gott vnd
167 1143 919 1286 und g umb gnedige verzychung
178 1223 912 1357 Vnd will also keiner wygeren
170 1317 856 1425 außethaten gestendig o
158 1406 895 1503 Ist das erstmohl lär vnd das
159 1458 886 1579 sand mit dem kleinen stern
171 1538 606 1620 uffzogen worden.
167 1619 894 1730 uff 6. man diß jars ist sy die gaßern
168 1689 898 1787 Verners zu Marteli uß v gibenelch
209 1751 333 1795 oseit
180 1751 919 1829 zar beträüwung der Marter uberbe
179 1801 913 1889 fragt worden. Nemlich wo sy mit dem jenge
173 1850 908 1938 züg allein harkomme, so ja iren trog uffder
165 1896 907 2006 landtgarben funden worden. Item ob sy sich
190 1946 906 2045 mit Banli Gugger mit dem sy verschromwen
188 1983 921 2088 nit auch vergeßen habe. Den züg undhiß
193 2051 910 2153 rhat belanget, habe sy ein Teil von Irem
190 2107 919 2213 elteren( etliches dan von Irem ersten Man¬
182 2129 933 2271 den sy mit iren kinderen noch weillshmüß
175 2192 937 2322 der ander dan sye ein theil noch ires abgescheien
191 2258 913 2375 nen mans, dan sy mit demselben noch nit
188 2319 817 2435 abgetriltt habe. an schulden habe sy
197 2360 895 2488 teil von irem mans ererbt, anders dan
188 2386 906 2546 dienen erüberet an dem jungn sybelt 1l
196 2448 934 2607 am schulieni uff der landtgarben   anha
183 2483 939 2673 Achß alhie 12 p an frantzßeter zu keit
201 2564 905 2718 anßeter Wyß alhie u Bauli Bugs
190 2603 918 2779 halber, habe sy mit demselben welen zu schickt
200 2674 881 2811 noch zuschoffen gehept welle, diß alles
193 2712 844 2861 der marter erhalten. Biger ud
61 2728 897 2924 Ist mit ruten ußgestrichen und mit dm
80 2816 863 2983 von stils und mnandt verwisen worden.
1786 -16 1897 76 188
1103 39 1569 161 Cristen Hagl
955 154 1916 326 Demnach Cristen higli von Vtzling
957 252 1855 403 von einem Ersamen Chorgricht
997 329 1871 469 durch schrifftlichen bricht, wie aber
1014 408 1913 514 fürnemlich vom weibel zu Veglung
1007 457 1896 577 aus wirth daselbst angelagt worden
1004 532 1879 652 als solte er dem bürgemeister zu
995 599 1847 721 Nydonw zn einer nacht, als er
1017 653 1906 779 mit imme zu Uttlingen zu Wirtz-
1010 740 1922 850 huß gesten und truncken etwas gelt
1015 811 1847 907 entwidt und veruntrüwet haben
1020 859 1925 970 nebent dm er sinst ziigen lünb¬
1011 943 1919 1053 en, sonder vil mehr dem mueßig¬
1011 1002 1871 1129 gung vnd dem Spilen vnderworffen
1026 1082 1890 1176 . Deßwegen er Ingezogen vnd
1008 1150 1882 1269 deh vß vg benelch verschimner tag
1007 1225 1859 1335 dirch h Margnart Lehender, als
1012 1290 1892 1379 inen h exatmatorn zu Marg
1015 1365 1859 1469 hil mit beder ernsthafften wortten
1017 1417 1858 1513 und betröüwung der marter ub das
1020 1490 1759 1587 ein vnd vndr erforchet worden
1005 1553 1866 1637 Melcher aber domalen deß figes
1023 1615 1887 1691 wie auch anderer gezignen deb¬
1031 1677 1881 1779 stalen, Im nunsten nit gestendig
1019 1736 1909 1845 deß spilens halber, das er nit etliche
1025 1807 1877 1924 mal gespilt nit absyn können.
1032 1871 1899 2004 Vnnd diewyl er aber deß diebstolt
1024 1938 1913 2056 gegen, Burgemeister von Nydome
1023 2001 1912 2141 mechtig verargwonet, habent v.g
1040 2061 1875 2210 nit an vvernicht komen wellen
1038 2116 1886 2276 sonder vorgemelter synen h
1025 2191 1863 2325 Kammatoren benolchen, Inne
1010 2268 1879 2415 Verners zu Margel zuexa
1035 2357 1856 2504 mineren, und mit der Marter
1039 2411 1858 2564 erfegeken zulisen. Ds ist nun
1027 2467 1839 2628 4. man diß 1622 jarb
1031 2568 1862 2706 wür nach gegen ime erstaget
1002 2624 1193 2748 worden.
