4000 3000
258 1228 1016 1389 Vff Serren Frantz Kupffers ( erben
251 1350 1043 1468 erclagen, als daz Inen ein gwuß gmach sol
248 1411 1038 1513 durch nachgemelte magt syn geöffnet und
258 1466 1021 1551 etlichen hußehat daruß entwendt worden.
240 1532 1045 1631 handt v g beide dienere Großmell
231 1601 1014 1712 und wichtschryber uß dero benelch, de
237 1678 1025 1775 darumb inzognen vnd verhoffen pe¬
250 1719 999 1845 sonen, mit ernsthafften worttenn
237 1805 1035 1903 examiniert, Erstlichen Aldeli Schu
221 1868 1021 1976 der die magt, so das gmach sol gebffer
211 1925 999 2043 und Anna Meier Jacob Meiers deß
215 1988 1038 2105 Sydenstickers zu Osterinmagen huß¬
227 2072 1030 2172 fromw etlichen hußehat zugebracht haben
213 2149 1022 2254 befragt und die warheit anzuzeigen ver
219 2209 1008 2309 emant worden. Die hat anzeigt wie
202 2251 1022 2384 hürigen gars im meien Herr frantz
185 2323 1022 2466 Kupffers hußfrome als Ire Meister
173 2394 1007 2515 zu zweien underschidenlichen mahlen nach
186 2458 1002 2582 gemelten hußrhat gan Ostermundiger
181 2505 1012 2668 uff ir lut daselbst zu tragen ufgeen
178 2592 1002 2731 habe, welchen hußrhat sy alhie uß einem
181 2657 998 2814 großen troge genomen, mit vermelder
167 2736 949 2869 das derselbige der zrig sye. Nemlichen
1943 13 2023 90 125
1160 55 2017 227 oreßen bletlen 2 zelig und 2 Sux
1146 132 1991 276 geblagten, 2. maß kannen, 3 mure
1124 170 1997 328 Soltzbüchßli b eiwe taller und kell
1128 244 1951 398 3 pfannen und 2 alte böse keßeli
1123 268 1993 457 vnd hernach In einem Zwilchmen Sackh
1146 364 1965 519 s Lyn und 6 tischlachen sampt
1144 422 2051 564 einem Taffelen duch vnd wendgem Lachen¬
1150 490 2022 653 grn, welches alles sy die magt ußbe
1143 564 2004 694 elch der frouwen der hußfrouwen
1133 632 2010 742 uffem gut zu Ostermündigen zu ein
1123 679 1988 808 teg zubehalten geben, vnd H. Kupffe
1117 756 1990 903 frauwen der schlußell zum wogzu¬
1142 824 1997 933 bracht, oerhar und bis zu deß hen säl
1134 880 2004 1004 todt, habe sy dem sum Lindwig herren
1140 952 1982 1062 auch mithin äsige spyß, welche ira auch
1139 1032 1703 1126 de froue vffgeben, zu
1831 1094 1983 1171 belange
1124 1095 1701 1179 Was ob die öffnung deß gu
1829 1165 1926 1212 der
1122 1162 1796 1281 sie es also ergangen, das nach der
1127 1227 1652 1322 gestorben, hab nit syne er
1823 1295 1967 1376 I ein
1139 1286 1654 1391 deselben todt etlichen
1149 1342 1989 1440 gmach zusamen beschloßen und und am
1145 1395 1750 1512 dem fra der magt kleider
1140 1427 1988 1570 ab gantz mangelbar gsin, da da sy
1145 1526 2013 1601 den vilmalen zu ss daniel Derbers
1152 1588 2049 1696 huß f. wie auch zu dem Jungen Kupffer
1139 1663 2033 1754 gangen und sy gebätten, sy welt nit gra
1148 1720 2037 1820 ire kleid ußem gmach werden laßen wegen
1151 1776 2029 1879 sy übel gekleidt, aber gar kalt und deß
1146 1869 2034 1956 wegen derselben gantz mangelbar sye u d
1156 1895 2022 2025 erben aber sy die mant stütz uffgehaltenn
1160 1967 2012 2082 mit vermelden, das h sammel Heimer die
1147 2031 2023 2153 schüßel zum gmach und das sy zunst fürderlich
1156 2103 2041 2213 theilen wellnit, und dewyl ab sy der bled
1144 2151 2025 2292 gantz mangelbar, gsin und uff ein zyc ein
1148 2212 2049 2350 anhiß gsen, habe sy ach kid, jedoch ab uß
1160 2293 2029 2420 mangel der fleideren, so wyg vergeßen
1159 2341 2022 2498 d sy hinzugfaren und mit einem steir
1146 2397 2068 2541 de malet schloß am gmach abgschlagen, hie i
1161 2458 1442 2574 it dn gemach.
1538 2504 1612 2570 et
1656 2507 1913 2588 vnd aber in
1941 2551 2054 2616 wyrt
1153 2524 2038 2662 an allem Ire kleider daruß genomen,
1150 2581 1610 2701 wr den die erben so
1691 2647 1791 2716 noch
1160 2635 1609 2764 alse sy sich munderest at
1224 2730 1429 2796 werden.
1155 2742 1470 2881 ileration ben
