4000 3000
193 25 1087 210 Vh. E. eanuor. B der abz habet vin
164 130 1097 261 Den Merndiß an Sonstag Wisich diser an aben
185 188 1097 325 Zuver Maffung, Adan Wyer zu Hanß Broffe
212 254 1090 359 konne, Vnndt imme vangezeiget, ob er nach molg
193 314 1106 449 Deßem zu Trinnern Wiße waßs gesteigen bekanst
203 378 1085 522 Wefter brng zusy Wyers huß frabnk gwerdt, haben
227 451 1097 584 Brotffbach zu ihmme geanntworfftet, er wüße sie
227 511 1097 643 noch krob zu hedenwen, das gedach d Arn kuen
227 574 1088 705 Es duucke dag er Nine mit bedsen, vnndt we
239 643 1074 765 sy nit betten könne werde sy inn die sall komn
209 708 1075 845 Welliches er gezug also bann Imme brrd tbachen vnd vandt
208 764 1080 879 Daßelbige aber genutz nit selbs persöhrlich vann
202 824 1083 936 Imme arg gehört unndt hat also hiemit yn kunndt
208 889 490 995 schafft geeundet.
182 1009 1089 1144 hristenn Rort, auch von Inns, Zuget
216 1109 1101 1228 alß Hannß Grotfbach vnndt er mit Aldan syer
212 1176 1090 1288 zu Punglitz eune frnuckh gethan, habe sich der
221 1242 1092 1353 nach etzgedacht Wyrr anngeredt mit zune heins
200 1294 1089 1405 ze kommen, so welle er Jueg alß dann daselbst
191 1370 1096 1468 Wyllen sein broff hach netzunnder auch wyhzahl
225 1419 1089 1529 einen trunckh Wyins bezahlen, wie sy aber dah
220 1497 1076 1609 kommen, Habe er Wyer sines Sohn mit wellichen
221 1558 1092 1675 betten berng auch gangen wys zureichen geschick
206 1626 1065 1732 Vndt er demnach Vffgethanen frunckh oß der
183 1692 1095 1803 Stubz gangen, Morunder aber berürten Wyr
209 1757 1074 1874 angezogner Grottbak aingeredt, ob er noch¬
210 1827 1095 1925 miln wüße, was er verscheinen abennts vott
190 1886 1091 2009 Aem Zusier frau weyserdt unndt alßo hard
210 1957 1090 2070 en Grottbach gieann Worttet sich wol zu
212 2026 1081 2137 eimmen Vuße dz augereget sen Jnasinegfr
195 2090 1093 2208 Wen vermeldet, Wanes sÿ mit Bettem könnt l
210 2159 1069 2276 sy nit na Henrli kög unndt so sy nit belt.
197 2229 1088 2343 kone, wolle er sy daßelbige wenen Wedlich
188 2295 1079 2391 er also bann imme broffbaches ufl syn wyers
197 2358 1085 2461 anhalt knommen vnndt aber nit selbs vorsamb
189 2413 1087 2504 bang ihmmedem angezognen Arm vndstanden, vedt
181 2490 1037 2607 att hiemit auch siy Khundtschafft grendet
761 2558 895 2650 16
2164 20 2230 104 8
1200 57 2214 231 Uff bölliches ist ehrgemlß cas, sambstag den
1251 149 2159 292 etbris Martisebris durch herren Groß Weylel
1158 219 2194 368 Eischern dise der Mannen keffn alhif bekragt, Band
1147 288 2075 465 Ine vorgehalten worden, die Volfes
1184 408 2196 596 Deß erstese ober nit wider mme g h und obern
1222 500 2213 651 nd bottt sich under hr Hauptman Wyttein bach von
1242 576 2214 680 Biech mchmn diennst nach Vrnedig vnrsprachen, nuch ob er
1258 633 2191 766 nit schrg albereit, him Wagge hue zugeng vnndt wie nd
1246 702 2184 813 darzu sye sedamlaßet worden, darüber hatt ei
1268 759 2190 863 Akennt Wirsich begeben das gemelter Hauptman
1194 824 2153 930 Wttembach ihme vndt Hannß Loffel von Lys
1241 878 2154 981 sanget annderen mehr zu Bichen antroffen vnndt zu
1222 945 2208 1068 ihmme er dinge angeredt nit vmelden, das mir 9 f.
1256 1005 2213 1113 solches keins wags vrbattenn, dann dieselben Imme
1216 1064 2199 1170 enen predirannten uß hhr (hh unnderkanen be
1220 1135 2181 1239 Williget habent, neben dem man nit wider daß
1216 1190 2228 1274 Ebenngelunn zechey werden, wellicher furgebene wort
1217 1255 2199 1347 Im umbso vil bewegt, das eo sich gegen gemalten
1157 1315 2191 1421 Wyttenbach ihm deinst krllichtes, der dann
1247 1375 2155 1483 Imme siben kanes zu vier dieke monatlich
1203 1453 2191 1550 Saldts zu entrachtn Gheißen, daruff hin er bi
1243 1498 2215 1619 mit Imme biß gan Lantzburg geziogen, daselbst
1234 1559 2162 1666 aber uffgehalten vnndt widerumb hinder sich gewisen
1210 1617 1443 1718 worden sye
1249 1720 2201 1843 eutientih em vnehlicher weß erzuget Kindt
1229 1796 2212 1901 betreffennt habee dero zwey undt namlich
1240 1844 2210 1969 Ds serst Im höttt vnndt Wyll siner anneren Ehe
1220 1928 2158 2045 weg dieselbig syn Ehefrauw zune kein gutt
1227 1964 2176 2086 thun wöllen, das ander Vnnehr lich Kundts abers
1228 2031 2198 2163 nach deer tag gemelten siner andr ehe frau
1220 2084 2078 2210 geschiden worden, Im ledigen staunnt er zuletn
1218 2139 2222 2306 Belangendt, Dametho siy ennutz Lied erlich leben
1225 2248 2221 2375 unndt weßen, Im williches er sich nach offlösung sieen
1228 2284 2206 2425 aunderes Ehr begeben, vnndt was die Vrsach deß
1223 2342 2174 2475 selbigen, Zeipt er an das er bunn huß vnd heimb
1202 2397 2193 2540 kandt hiemit umb ders syz kommen disere syn das er
1215 2476 2210 2623 namlichen bey sinem votter seligen vil schulden so 6f
1944 2605 2071 2737 de
