4000 3000
69 1882 110 1956 6
237 64 1087 250 herrenn Amptonj Pillier, des Ke¬
237 114 1014 285 Raths, Niclans Kilchberger den
220 188 1074 362 wann unnd Rielans Brocher Ge
1016 241 1090 293 8
232 227 1070 400 weybel, uff brytag denn 2. Jul
280 277 1008 424 list 1619 Jars, vorgemelten
241 331 1071 500 Massen exammerz mit ernsthaht
253 384 1075 556 vmanen bschaffenheyt diser sach
257 429 1074 613 hafftig zeöfnenn, Der hat vol
262 501 626 590 gmnts anzeigt
895 561 1054 649 Vel
248 553 1046 698 siner sschwlger Gältselg zu Ge
242 595 1055 734 gehaltenn worden, sye er alleei
218 648 1061 788 Erb herren Billmanns Eines Groß
202 688 1026 816 Schwächers selligen vonn de
239 737 1074 887 gann Bernglangen, das er von
229 780 1032 909 Pödts Erben ruth zuuor gethan
235 838 1075 980 abreed, vmb das so sy lan diete
209 897 1032 1007 Arlschwiger zu Sprechen ghe
212 931 1025 1057 Vonn s Niclans Dachselhoff
217 974 1062 1105 H Spardschryber Rytchenensi
1033 1024 1074 1067 1
233 1055 1055 1142 ein protar unnd gwallt dari
238 1076 1049 1186 sy uff dem galtstag bezalten
219 1134 1059 1229 sprogen reichen wollen, wie er
218 1171 1062 1272 fengklich inn die stach kommen und
229 1230 1070 1328 seinem tochwäger Joserh by Schryl
183 1265 1058 1383 Wolffen synes domalen gehette
184 1321 1066 1414 Herren huss nachgfragt, denselben
230 1358 1052 1455 aber nit funden, sie er wolgents
182 1405 1059 1502 Ann syner schwtiger huß ganngen
173 1459 1059 1558 Daselbsten sie Tombs imme m
167 1505 1062 1595 wütenst schangsin unnd bygemelt
227 1550 1063 1646 ner schmwyter unnd einem schwy
209 1599 1036 1692 bydem kischgsägen, wellcher
208 1645 1053 1737 ime uff gethanne frag waser
178 1688 1054 1776 Schaffen. geentwortet er habe
206 1738 1048 1826 onn suter Schwiger wegenen
174 1788 1059 1878 Brieffseiner Gatten halb, darumb
222 1839 1047 1922 er Ira hundert eronen gäben
213 1877 1059 1971 wyl sy Ime daruff steh vndeschi
188 1933 1058 2021 en verhalten, welche er angeacht
178 1984 1059 2072 der entrichten kauffsum bezallen
204 2033 1049 2124 mugen, uff zerichten, unnd iur
182 2066 1056 2177 demn hiemit fürgezeigt, welchesn
153 2133 1020 2227 Dbebgschrifft er zwar geläset,
186 2180 1047 2269 denselben aber anglentz uffden
183 2219 1036 2324 risth gworffen unnd synem vor
178 2280 1041 2373 anzognen gschäfft nachgangen,
174 2331 1020 2415 Eyge zwar Inm Willdenman
151 2376 1041 2471 Ju Tamma es unnd schryberlag
154 2432 1017 2520 hanns auch zu herbrig gsin
131 2441 1048 2571 habe aber vson diser pochud
107 2490 1039 2609 Wvytters reeden hopen, ventzit
112 2558 1037 2666 Morgens. alls er Istann Herrey
120 2587 1036 2717 Sychener uss dem rahtthußwu
139 2641 1022 2775 umb iun beemelte würtshuß
2047 46 2116 103 79
1170 87 2121 322 kommen daselbsten fient Thomas und
1181 176 2073 353 bemelter schtrybter, so gschriben
1187 211 2120 393 a bischgfäen, wellchen schryber
1191 257 2120 428 ergfrsegt was er ubender hannden
1167 299 2121 480 hab unnd istiuliere der habe imm grant
1188 340 2070 498 wortet einen brieff der bertre h
1165 382 2140 546 schwiger, was bescheche auch ußsonderem
1166 426 2125 587 breuelch Eegs Sohns Josephs, welcher
1172 485 2070 623 ber erstfort gebungen, sy Mutter
1454 524 2095 629 spweliches er magen
1165 571 1436 661 gereichen.
1160 558 2154 706 profestiert sich diser sach mithit zebeladen
1150 613 2149 758 wyl imme zu sm koet, dige sach etwan
1161 668 2103 790 betrurs zunthalten w�rde, tein bei
1170 695 2107 830 denken syn schwiger das datum
1176 725 2141 876 etlicher Obligationen hinder sich gsteldt
1174 794 2109 928 hab auch Eygwyl sy iun der gusel
1173 839 2098 957 gfangen glegen, sender Frouwen
1141 869 2140 1018 Als genampt, so mit ira inn Franck¬
1192 935 2043 1052 rych gsin und sölche obligation
1183 977 2079 1088 mit rem pütschier verwardt
1161 1029 2019 1135 zukomen lagen, Vß Krafft
1137 1079 2094 1190 Welchern sy ain galtstag bezalt
1132 1125 2141 1238 worden. Nach dem nun er voranzege
1179 1179 2043 1266 neptorur fol Jacob Moiner
1175 1226 2091 1312 gschriben nach gworben, welche
1174 1262 2097 1353 Vorgemelte Herren. Dochselhoffer
1104 1335 2115 1401 unnd rychener nit verpütschieren
1126 1362 2117 1445 wollen, es gäbe dann Joseph Billman
1175 1427 2053 1500 syn schwäger, wyl thun die sach
1178 1458 2104 1544 auch betroffen. syn willen gundie
1186 1507 2104 1586 sih drin habte er damit er fordt
1178 1557 2116 1635 konn möge nn syner chwigter Huß
1179 1591 2146 1678 funden, vnnd wie er inn die stuben
1181 1658 2111 1743 kkommen, sye der voraldogne brieff
1177 1691 2082 1767 nham allerdingen verfertiget
1186 1735 2126 1824 unnd verpütschiert gesin, allso das
1179 1777 2085 1866 föllichen alles imme veiwrißkent
1173 1830 2129 1936 huch wider synen willen zugangen
1167 1860 2124 1981 unnd beshethen, er habe zwar zun
1160 1899 2093 2032 dem ertynen schwaglers phen
1175 1955 2048 2053 erwartet gsachen, das Thomtens
1176 1992 2129 2114 wenglich zutrit zedeh gschriben.
1162 2007 2142 2160 unnd verpütsiciert, so inngehalten
1106 2076 2132 2193 Was die frauw Tillmanni thomaser
1165 2112 2139 2261 unnd zi gegentwill, er itra ze thun
1171 2164 2099 2293 gsinshe Ers habe auch nach dem
1131 2205 2040 2329 Ime syn schwigen anzeigt
1122 2256 2108 2367 Habe Iimehn brieff erknnretret
1123 2278 2124 2431 unnd noch hundert eronen so sy imme
1105 2299 2069 2469 wegen vor anzogner matten
1172 2365 2151 2530 schuldig darzu versttriben, Also
1163 2407 2050 2554 Its die hamptstun sich uff 400 l
1161 2465 2145 2613 anlouffe. das aber sie im zwyffel
1147 2492 2127 2648 hafftigt für kommen, vnnd wie woll
1166 2557 2074 2697 er disere sach garn zun grund
1170 2594 2117 2757 erforschet, hatte habe er doch solches
1182 2631 2071 2781 nit thun dorffes wyl nit nun
1201 2690 2118 2859 schwiger sonderen auch syne
1159 2727 2129 2907 Schwälzereginge beschuldiget, alls
