4000 3000
180 36 1099 246 Rumblichen, wie das er vnnd sye gs
265 115 1131 299 Jacob Züricher verrung für einem jarz
267 167 1114 321 zu Sigristwyl zwey jemad, das einen
271 235 1121 371 sampt einem par schnh ser einzig ent
214 263 1124 437 frömbdet an sinem lyb verschlißen, geseln
250 350 1102 491 Vff der Schorren Allmennt, hab Inn sinen
256 412 1108 529 bysyn, gemelter syn gspan, einem Lach¬
253 453 1082 579 man so trnncken gsin, vnnd gschlaffe
251 496 1110 643 ein tronenn, dauon er Ime drey batzen
259 552 778 638 gäben. Vernntrüiet.
195 627 1090 760 zu Hollgen Lannd Lutzern gepiets hab
251 683 1111 830 diser syn gsell, ein käller, darin sy mitt
254 745 1094 852 truncken, vnd demnach ein stuck käs
254 798 1102 916 so sy ouch mit einanderen verbrucht,
247 846 538 912 enntwent.
256 901 1085 1049 vyter habennt sy im Lutzern gepirt
230 978 1071 1101 zwen käsen, dauon ime, alls sy die
238 1038 1099 1155 verkauft, ein cronenn worden, entfrömb
214 1092 326 1162 det
218 1171 1063 1287 An einem Ort Im Zürich gepiet, deßen
239 1242 1084 1333 namen, Imme nit mer zuwüßen. hab
245 1289 1012 1389 ent sy by Elffellen tuch gestolen,
206 1365 1092 1467 So siemit bemelter syn gspan, vnnd einer
251 1433 1086 1518 o sich Peter Murer. vß dem Adelboden
245 1497 1098 1549 namse, ouch er nechtlicherwyl zu Wald
234 1551 1077 1619 hus. Inn ein Spycher brochen darub
250 1583 1077 1670 petliche hembder etliche Tynlache
232 1635 1085 1723 seinstückli guttuch unnd ein grumge
228 1684 1084 1779 tuchin par hosenn, Welche Ime gefange
196 1740 1060 1830 nann, ein Cronenn golten, eintagen,
190 1812 1093 1942 Abermalen habemnt sy uß Hanns Geller
211 1896 1047 1995 zu Bigel Spycher. denn sine gsellen
236 1959 1066 2042 mit einem Immie vnbekandten kent
220 1997 1080 2097 Ilych wie denn vorgenden geyfnet, zwey
184 2056 1072 2169 stucktuch, so sy hernach im Rutzern gepr
200 2095 1075 2189 etlichenn hartheren, verkoufft, vnnd da
212 2151 1062 2257 erlößte gallt, mit einanderen verbrunk¬
203 2230 459 2314 enntzuckt
218 2303 1068 2415 enne haber mit hilff zweyer annder
209 2353 1062 2465 siner gsellenn, der ein heiße schan in
196 2407 993 2509 der Annder Aber Schan Bynabe
190 2449 1056 2571 Dällsperg mit dem strangenn hingel
157 2513 1048 2607 worden zu Conrandling ein spycher
149 2553 1059 2674 brächenn helfen, vnnd darus genomen
172 2598 1061 2733 zweystuck lynin unnd wellin stuch
560 2640 1052 2773 dareus sey zu Bast
180 2696 562 2771 etliche kysten,
172 2751 525 2847 3. l erlößet
2091 21 2156 77 90
1225 48 2124 232 syter habennt sy uß einem käller ei
1234 96 2139 269 gybbrot apfel unnd Biren, so sy mit
1269 152 2051 316 nannderen geäßen, veruntriuret,
1211 234 2176 421 nur Basel habennt sy ein spycher uf
1227 302 2082 451 brochenn, vnnd darus entfrömbdet, den
1180 340 2170 506 tucktuus fünf pfund flachst unnd sonsten
1186 399 2112 547 aenderen züg, so sy zu Moltzenn umb
1205 476 1584 590 d verkauft,
1156 532 2179 722 zwüschenn Straßburg unnd Hagenouw hab
1193 611 2115 738 emnt beyde sine wälschenn gsellen, ein
1207 646 2184 781 faller, darus sy zwen käsenn zwey wyß
1192 722 2185 842 brot unnd ein mas wyn, so sy miteinandren
1204 783 1643 902 genoßenn, gestolenn,
1176 883 2154 1012 Item zu Burgzaberen, Vnnder Hagenomw
1201 944 2108 1045 habennt sy an einem gehaltnen wuchen
1207 998 2145 1088 merckt zwey roß, so an einen zun ge
1184 1053 2145 1156 bunden gsin, enntfunt, vnnd die An ei¬
1190 1103 2121 1214 nemort Grau Wyßennburg genannt.
1186 1158 1723 1255 umb im h verkoufft.
1175 1249 2088 1366 So bekennt diser Meyer, das onngfar vor¬
1196 1336 2094 1433 zweyenn Jaren, nechst obbemelte sine ge¬
1196 1397 2086 1475 soanenn vnnd er ein meitlin, so zu Basel
1163 1432 2091 1517 gelt gheüshenn, welches Imme Aber nit
1193 1480 2137 1569 wordenn, an einem Ort, vnnder der Eindel
1209 1532 2074 1625 genannt, onngfar einstund wägs vonn
1183 1583 2108 1685 Kasel, Inmeynung berurt gelt, sie Ime
1204 1634 2082 1736 zugestellt, ermordt, Welches sy nach
1183 1678 2123 1783 dem sy im Gürtel vnnd müßer, deßglychen
1190 1731 2085 1841 fürtuch unnd hut, abzogen unnd genommen
1187 1777 2136 1889 Inn ein holtz geschleifft, vnnd daselbsten mit
1185 1825 1488 1915 Miesch bedacht,
1171 1907 2146 2059 Demnach Inn der Hardt, habemnt sy ein Metzg
1171 2003 2111 2117 er, so vonn Basel kon, vnnd sines erachtens
1173 2049 2110 2170 daselbst Burger gsin, Antroffen. Welcher
1190 2089 2100 2210 inbez mit sinem guten schwärdtz anner
1167 2142 2146 2282 sehner wys Angriffen, vnnd erstlich syn Raß¬
1182 2196 2117 2346 Volchermaßen verletzt, das es gfallen
1174 2230 2145 2393 demnach haber Inn zu todt ghouwen, Welch
1185 2294 2136 2449 en sy volgennts wenignäbenn den wag ge¬
1171 2347 2131 2495 ethan unnd mit Mieschuch steinen verdeckt
1176 2443 2109 2641 Blycherwys habent sy ein dienstknecht.
1177 2537 2015 2714 so Hanns Gheiserin, nach dem derselb
1184 2585 2130 2765 sen seines meisters namen zu Dallspang
1165 2659 2100 2827 gaclt ghaushenn, vnnd widenumb heim
