<?xml version="1.0" encoding="UTF-8" standalone="yes"?>
<PcGts xmlns="http://schema.primaresearch.org/PAGE/gts/pagecontent/2013-07-15" xmlns:xsi="http://www.w3.org/2001/XMLSchema-instance" xsi:schemaLocation="http://schema.primaresearch.org/PAGE/gts/pagecontent/2013-07-15 http://schema.primaresearch.org/PAGE/gts/pagecontent/2013-07-15/pagecontent.xsd">
    <Metadata>
        <Creator>prov=University of Rostock/Institute of Mathematics/CITlab|PLANET AI GmbH/Gundram Leifert/gundram.leifert@planet-ai.de:name=German_Kurrent_XVI-XVIII_M1(htr_id=19584)::::v=2.6.7
prov=University of Rostock/Institute of Mathematics/CITlab|PLANET AI GmbH/Tobias Gruening/tobias.gruening@planet-ai.de:name=de.uros.citlab.module.baseline2polygon.B2PSeamMultiOriented:v=2.6.7
prov=University of Rostock/Institute of Mathematics/CITlab|PLANET AI GmbH/Gundram Leifert/gundram.leifert@planet-ai.de:name=Turmbücher_StaBe_3_A.Funk(htr_id=27278)::::v=2.6.7
prov=University of Rostock/Institute of Mathematics/CITlab|PLANET AI GmbH/Tobias Gruening/tobias.gruening@planet-ai.de:name=de.uros.citlab.module.baseline2polygon.B2PSeamMultiOriented:v=2.6.7
prov=University of Rostock/Institute of Mathematics/CITlab|PLANET AI GmbH/Tobias Gruening/tobias.gruening@planet-ai.de:name=/net_tf/LA73_249_0mod360.pb:de.uros.citlab.segmentation.CITlab_LA_ML:v=2.6.6
Transkribus</Creator>
        <Created>2020-10-03T12:26:24.171+02:00</Created>
        <LastChange>2022-09-12T14:24:10.826+02:00</LastChange>
        <TranskribusMetadata docId="1334811" pageId="52359275" pageNr="99" tsid="114640991" status="IN_PROGRESS" userId="9570" imgUrl="https://files.transkribus.eu/Get?id=WVKJKJPWRAONVQVIHWNEVJBT&amp;fileType=view" xmlUrl="https://files.transkribus.eu/Get?id=XSSGSNPFVWNCOEZYBNQOXLBW" imageId="15997929"/>
    </Metadata>
    <Page imageFilename="BIX461_92v,93r.jpg" imageWidth="4000" imageHeight="3000">
        <ReadingOrder>
            <OrderedGroup id="ro_1687513818775" caption="Regions reading order">
                <RegionRefIndexed index="0" regionRef="r1"/>
                <RegionRefIndexed index="1" regionRef="r2"/>
                <RegionRefIndexed index="2" regionRef="r3"/>
                <RegionRefIndexed index="3" regionRef="r4"/>
                <RegionRefIndexed index="4" regionRef="r5"/>
            </OrderedGroup>
        </ReadingOrder>
        <TextRegion orientation="0.0" id="r1" custom="readingOrder {index:0;}">
            <Coords points="93,85 93,2675 1080,2675 1080,85"/>
            <TextLine id="r1l1" custom="readingOrder {index:0;}">
                <Coords points="168,130 370,154 482,121 603,151 712,133 936,165 1079,223 1082,190 1000,127 800,98 736,118 660,56 557,105 449,95 403,51 316,71 277,34 174,67"/>
                <Baseline points="177,107 221,111 266,114 311,114 356,117 401,118 446,119 490,120 535,120 580,122 625,125 670,127 715,130 760,134 804,140 849,146 894,155 939,165 984,177 1029,193 1074,209"/>
                <TextEquiv>
                    <Unicode>Einen frouwenn, so man die Allte Se¬</Unicode>
                </TextEquiv>
            </TextLine>
            <TextLine id="r1l2" custom="readingOrder {index:1;} place {offset:28; length:8;}">
                <Coords points="187,170 637,182 684,212 839,193 1077,289 1084,220 1046,230 939,167 482,121 369,151 191,128"/>
                <Baseline points="195,153 241,157 287,159 333,161 380,162 426,162 472,164 518,165 565,166 611,167 657,171 703,174 750,179 796,185 842,192 888,202 935,213 981,227 1027,244 1074,263"/>
                <TextEquiv>
                    <Unicode>eren enmset, alle sy an der lrützgas</Unicode>
                </TextEquiv>
            </TextLine>
            <TextLine id="r1l3" custom="readingOrder {index:2;}">
                <Coords points="205,223 453,221 484,254 596,217 667,245 899,255 1047,310 1054,273 845,195 686,212 624,181 426,197 384,163 311,198 209,173"/>
                <Baseline points="213,204 254,207 296,209 337,210 379,211 421,212 462,212 504,213 546,215 587,216 629,218 671,220 712,224 754,228 796,233 837,239 879,248 921,256 962,267 1004,280 1046,294"/>
                <TextEquiv>
                    <Unicode>Irem Grämpel Abgewartet, hab er</Unicode>
                </TextEquiv>
            </TextLine>
            <TextLine id="r1l4" custom="readingOrder {index:3;}">
                <Coords points="217,265 544,277 606,301 775,284 988,345 996,288 711,234 681,254 589,220 487,251 452,221 220,227"/>
                <Baseline points="224,255 262,257 300,257 338,258 376,258 414,259 452,260 491,261 529,261 567,263 605,265 643,268 681,270 719,273 758,278 796,283 834,288 872,295 910,302 948,311 987,320"/>
                <TextEquiv>
                    <Unicode>21. F. vnnd 6. Eynnlachen gestolen</Unicode>
                </TextEquiv>
            </TextLine>
            <TextLine id="r1l5" custom="readingOrder {index:4;} person {offset:3; length:13;}">
                <Coords points="136,364 442,339 709,382 791,358 1043,420 1045,380 1007,353 831,308 463,291 391,314 352,280 279,305 195,267 140,292"/>
                <Baseline points="144,339 188,339 233,338 278,338 322,337 367,336 412,336 456,336 501,336 546,336 591,338 635,340 680,342 725,347 769,351 814,357 859,364 903,372 948,380 993,392 1038,404"/>
                <TextEquiv>
                    <Unicode>mr Hanns Seebach ein stuck sel leder</Unicode>
                </TextEquiv>
            </TextLine>
            <TextLine id="r1l6" custom="readingOrder {index:5;} person {offset:2; length:11;}">
                <Coords points="128,438 752,453 1050,511 1053,466 935,413 543,406 504,382 275,399 133,361"/>
                <Baseline points="135,428 180,429 225,431 271,432 316,432 362,432 407,432 453,432 498,432 544,432 589,434 634,435 680,438 725,442 771,445 816,451 862,458 907,466 953,476 998,488 1044,503"/>
                <TextEquiv>
                    <Unicode>M Hanns Neser Sol Läder, stüil er</Unicode>
                </TextEquiv>
            </TextLine>
            <TextLine id="r1l7" custom="readingOrder {index:6;}">
                <Coords points="229,498 696,493 743,527 833,533 836,474 555,464 533,439 354,468 298,436 262,454 231,438"/>
                <Baseline points="236,477 265,479 295,479 324,480 354,480 384,480 413,480 443,480 472,482 502,482 532,482 561,483 591,484 620,485 650,486 680,489 709,491 739,494 768,496 798,500 828,504"/>
                <TextEquiv>
                    <Unicode>uffeinmal tragenn mögen</Unicode>
                </TextEquiv>
            </TextLine>
            <TextLine id="r1l8" custom="readingOrder {index:7;} person {offset:3; length:14;}">
                <Coords points="101,587 759,579 1053,640 1056,575 973,560 600,521 534,555 483,515 362,548 302,517 104,522"/>
                <Baseline points="108,567 157,567 206,567 256,567 305,567 355,567 404,567 453,567 503,567 552,569 602,570 651,572 701,575 750,578 799,582 849,589 898,596 948,605 997,614 1047,626"/>
                <TextEquiv>
                    <Unicode>Mr Maritz Koūffer. hab er ein schlachte</Unicode>
                </TextEquiv>
            </TextLine>
            <TextLine id="r1l9" custom="readingOrder {index:8;}">
                <Coords points="191,631 293,649 475,621 671,659 722,633 939,687 1067,686 1069,652 995,619 906,626 806,585 567,601 402,572 276,597 195,573"/>
                <Baseline points="198,614 241,616 284,617 327,618 370,620 413,620 456,620 500,621 543,621 586,623 629,623 672,625 715,627 758,630 802,634 845,639 888,644 931,652 974,660 1017,669 1061,681"/>
                <TextEquiv>
                    <Unicode>Rosthut, vnnd zwey stuck wälsch läder</Unicode>
                </TextEquiv>
            </TextLine>
            <TextLine id="r1l10" custom="readingOrder {index:9;}">
                <Coords points="217,676 234,685 307,675 349,692 385,675 426,672 497,691 498,632 476,622 441,637 413,624 391,638 375,623 361,629 345,620 308,652 218,647"/>
                <Baseline points="224,666 250,666 277,666 304,666 330,665 357,665 384,665 410,667 437,668 464,670 491,675"/>
                <TextEquiv>
                    <Unicode>enntzueft,</Unicode>
                </TextEquiv>
            </TextLine>
            <TextLine id="r1l11" custom="readingOrder {index:10;}">
                <Coords points="86,784 243,775 288,812 347,775 737,777 1085,831 1086,797 992,748 911,774 676,718 434,752 346,733 295,681 87,743"/>
                <Baseline points="93,770 142,770 191,770 241,770 290,768 339,768 389,768 438,767 487,767 537,767 586,767 635,768 685,770 734,771 783,775 833,780 882,784 931,791 981,799 1030,808 1080,819"/>
                <TextEquiv>
                    <Unicode>Letstlichenn habe er vß wolgemelts mir</Unicode>
                </TextEquiv>
            </TextLine>
            <TextLine id="r1l12" custom="readingOrder {index:11;}">
                <Coords points="189,835 857,834 1063,885 1073,830 826,787 778,808 732,780 692,806 572,776 467,803 347,775 191,788"/>
                <Baseline points="195,815 238,816 282,818 325,818 369,818 412,818 456,818 499,818 543,818 586,818 630,818 673,819 717,819 760,822 804,825 847,828 891,835 934,839 978,846 1021,856 1065,866"/>
                <TextEquiv>
                    <Unicode>G herren Schultheisten Mannels kell</Unicode>
                </TextEquiv>
            </TextLine>
            <TextLine id="r1l13" custom="readingOrder {index:12;}">
                <Coords points="223,880 786,876 1032,914 1033,876 905,839 772,858 462,847 427,822 305,855 225,838"/>
                <Baseline points="230,867 269,867 309,867 349,867 389,867 429,867 468,866 508,866 548,866 588,866 628,867 667,868 707,869 747,870 787,873 827,876 866,880 906,885 946,890 986,897 1026,905"/>
                <TextEquiv>
                    <Unicode>Unnder zweyen malen, by zweye</Unicode>
                </TextEquiv>
            </TextLine>
            <TextLine id="r1l14" custom="readingOrder {index:13;}">
                <Coords points="218,936 601,922 650,954 730,916 1040,966 1022,912 780,879 718,907 585,871 490,903 298,898 258,872 220,891"/>
                <Baseline points="225,918 265,918 306,918 346,918 387,918 427,918 468,918 508,918 549,917 589,917 630,917 670,917 711,918 751,920 792,921 832,924 873,927 913,933 954,937 994,944 1035,951"/>
                <TextEquiv>
                    <Unicode>Cronenn, enndtragen Alls er vber</Unicode>
                </TextEquiv>
            </TextLine>
            <TextLine id="r1l15" custom="readingOrder {index:14;}">
                <Coords points="184,984 800,977 1049,1020 1073,986 956,939 834,960 727,916 646,954 579,923 542,950 475,924 186,940"/>
                <Baseline points="191,963 234,965 278,966 322,966 365,966 409,966 453,966 496,966 540,966 584,965 628,966 671,966 715,968 759,970 802,972 846,975 890,981 933,986 977,992 1021,999 1065,1010"/>
                <TextEquiv>
                    <Unicode>widerumb zun disen kellen wollen, sie et</Unicode>
                </TextEquiv>
            </TextLine>
            <TextLine id="r1l16" custom="readingOrder {index:15;}">
                <Coords points="220,1041 616,1024 778,1059 839,1028 1030,1064 1038,1015 936,987 848,1006 798,976 624,1001 587,973 551,1002 496,971 393,978 354,1011 310,978 221,990"/>
                <Baseline points="227,1023 267,1023 307,1023 347,1022 388,1022 428,1020 468,1019 508,1019 549,1017 589,1017 629,1017 669,1017 710,1019 750,1020 790,1022 830,1024 871,1026 911,1032 951,1036 991,1042 1032,1049"/>
                <TextEquiv>
                    <Unicode>beheundigt, vnnd ergriffenn worden</Unicode>
                </TextEquiv>
            </TextLine>
            <TextLine id="r1l17" custom="readingOrder {index:16;}">
                <Coords points="171,1189 570,1166 624,1191 1036,1194 1036,1161 990,1141 853,1150 777,1105 690,1138 594,1113 301,1147 238,1109 171,1136"/>
                <Baseline points="177,1172 219,1172 262,1172 304,1170 347,1170 390,1169 432,1169 475,1167 517,1167 560,1166 603,1166 645,1166 688,1166 730,1166 773,1167 816,1169 858,1170 901,1172 943,1175 986,1178 1029,1182"/>
                <TextEquiv>
                    <Unicode>Beträffennt das diser gefanngne, einer</Unicode>
                </TextEquiv>
            </TextLine>
            <TextLine id="r1l18" custom="readingOrder {index:17;}">
                <Coords points="219,1245 451,1224 540,1248 629,1222 1051,1249 1070,1193 740,1204 646,1180 607,1202 562,1171 526,1195 479,1174 412,1202 360,1181 219,1202"/>
                <Baseline points="225,1221 269,1221 313,1221 357,1220 401,1220 445,1218 489,1218 534,1217 578,1217 622,1217 666,1217 710,1217 754,1218 799,1218 843,1220 887,1223 931,1224 975,1228 1019,1232 1064,1236"/>
                <TextEquiv>
                    <Unicode>cwustenn Person, wo einer Anderen Abe</Unicode>
                </TextEquiv>
            </TextLine>
            <TextLine id="r1l19" custom="readingOrder {index:18;}">
                <Coords points="191,1290 624,1271 1065,1309 1066,1255 1001,1236 752,1257 611,1222 505,1257 397,1229 192,1264"/>
                <Baseline points="198,1274 241,1272 284,1272 327,1271 370,1270 413,1269 456,1268 499,1268 542,1268 585,1268 628,1268 671,1268 714,1268 757,1269 800,1271 843,1272 886,1274 929,1277 972,1280 1015,1284 1059,1287"/>
                <TextEquiv>
                    <Unicode>G0. näbennmer. Alls nach zo S. soma</Unicode>
                </TextEquiv>
            </TextLine>
            <TextLine id="r1l20" custom="readingOrder {index:19;}">
                <Coords points="218,1342 478,1326 539,1361 609,1324 999,1337 1035,1327 1035,1295 915,1286 879,1309 786,1282 688,1307 621,1271 487,1308 398,1284 361,1307 319,1276 218,1303"/>
                <Baseline points="224,1325 264,1324 304,1323 344,1322 385,1320 425,1320 465,1320 505,1319 546,1319 586,1319 626,1319 666,1319 707,1319 747,1320 787,1320 827,1320 868,1322 908,1322 948,1323 988,1323 1029,1323"/>
                <TextEquiv>
                    <Unicode>hinder Imme funden, gelichen. Ob wol</Unicode>
                </TextEquiv>
            </TextLine>
            <TextLine id="r1l21" custom="readingOrder {index:20;}">
                <Coords points="215,1409 362,1372 726,1402 891,1379 999,1408 1049,1391 1049,1330 888,1357 750,1357 700,1323 623,1347 574,1329 539,1361 461,1328 389,1361 215,1344"/>
                <Baseline points="221,1376 262,1374 303,1374 344,1373 385,1373 426,1371 467,1371 508,1371 549,1371 590,1371 632,1371 673,1373 714,1373 755,1373 796,1373 837,1373 878,1373 919,1373 960,1373 1001,1373 1043,1373"/>
                <TextEquiv>
                    <Unicode>imnne mit wytleüffigen worten, fir</Unicode>
                </TextEquiv>
            </TextLine>
            <TextLine id="r1l22" custom="readingOrder {index:21;}">
                <Coords points="182,1471 475,1428 981,1451 1056,1437 1056,1388 987,1412 930,1382 797,1380 627,1411 563,1375 500,1408 361,1373 181,1418"/>
                <Baseline points="188,1433 231,1430 274,1428 317,1427 360,1425 403,1425 446,1424 489,1424 532,1422 575,1422 619,1422 662,1422 705,1422 748,1422 791,1424 834,1424 877,1424 920,1424 963,1425 1006,1425 1050,1425"/>
                <TextEquiv>
                    <Unicode>gebilldet wordenn, er habe diß gellt</Unicode>
                </TextEquiv>
            </TextLine>
            <TextLine id="r1l23" custom="readingOrder {index:22;}">
                <Coords points="210,1491 561,1482 622,1515 709,1478 741,1507 823,1482 992,1501 1068,1490 1068,1444 1037,1462 895,1430 799,1465 740,1428 494,1427 451,1463 296,1435 210,1465"/>
                <Baseline points="216,1482 258,1482 300,1481 342,1479 385,1479 427,1478 469,1478 512,1476 554,1476 596,1476 639,1476 681,1475 723,1475 765,1475 808,1476 850,1476 892,1476 935,1477 977,1478 1019,1479 1062,1479"/>
                <TextEquiv>
                    <Unicode>ouch merenteyls veruntruwet Wylent</Unicode>
                </TextEquiv>
            </TextLine>
            <TextLine id="r1l24" custom="readingOrder {index:23;}">
                <Coords points="198,1544 638,1546 686,1523 1041,1543 1040,1503 937,1483 738,1513 702,1486 617,1514 560,1482 319,1517 276,1490 198,1499"/>
                <Baseline points="204,1530 245,1530 287,1530 328,1530 370,1530 411,1530 453,1530 494,1529 536,1529 577,1529 619,1527 661,1527 702,1526 744,1526 785,1526 827,1526 868,1526 910,1526 951,1526 993,1526 1035,1526"/>
                <TextEquiv>
                    <Unicode>wol müglich, das er solches mit siner</Unicode>
                </TextEquiv>
            </TextLine>
            <TextLine id="r1l25" custom="readingOrder {index:24;}">
                <Coords points="185,1591 319,1613 467,1585 732,1586 776,1612 813,1586 1009,1612 1068,1593 1068,1559 988,1532 832,1558 690,1523 615,1566 497,1535 440,1563 381,1536 185,1553"/>
                <Baseline points="192,1578 235,1580 279,1580 322,1581 366,1581 409,1581 453,1581 496,1580 540,1580 583,1579 627,1578 670,1578 714,1577 757,1577 801,1577 844,1577 888,1577 931,1577 975,1577 1018,1578 1062,1580"/>
                <TextEquiv>
                    <Unicode>Arbegt ersparen mögen. Inn Ausecene</Unicode>
                </TextEquiv>
            </TextLine>
            <TextLine id="r1l26" custom="readingOrder {index:25;}">
                <Coords points="204,1643 1071,1639 1047,1591 971,1612 826,1588 775,1615 731,1585 619,1581 583,1613 464,1588 262,1619 203,1590"/>
                <Baseline points="210,1637 252,1635 295,1635 338,1634 381,1633 423,1632 466,1632 509,1632 552,1632 594,1632 637,1632 680,1632 723,1632 765,1632 808,1632 851,1631 894,1631 936,1629 979,1628 1022,1626 1065,1623"/>
                <TextEquiv>
                    <Unicode>perlich nit mar alls sechs j daruber</Unicode>
                </TextEquiv>
            </TextLine>
            <TextLine id="r1l27" custom="readingOrder {index:26;}">
                <Coords points="219,1699 910,1711 1060,1685 1059,1636 928,1661 886,1636 816,1671 701,1639 646,1670 589,1635 531,1670 410,1636 218,1673"/>
                <Baseline points="225,1688 266,1686 307,1685 349,1684 390,1683 432,1683 473,1683 514,1683 556,1683 597,1685 639,1685 680,1685 721,1685 763,1685 804,1685 846,1684 887,1683 928,1682 970,1679 1011,1678 1053,1674"/>
                <TextEquiv>
                    <Unicode>sich kleyden mußen, sulan ghept, so in</Unicode>
                </TextEquiv>
            </TextLine>
            <TextLine id="r1l28" custom="readingOrder {index:27;}">
                <Coords points="206,1753 280,1771 357,1744 452,1765 502,1742 785,1760 1029,1737 1028,1703 983,1688 896,1727 791,1693 704,1721 501,1686 438,1719 301,1699 206,1725"/>
                <Baseline points="212,1739 252,1738 293,1737 333,1737 374,1736 414,1736 455,1736 495,1736 536,1736 576,1736 617,1737 657,1737 698,1737 738,1737 779,1737 819,1737 860,1736 900,1736 941,1735 981,1734 1022,1733"/>
                <TextEquiv>
                    <Unicode>10. Jaren, seidt Inna syn wuchen o</Unicode>
                </TextEquiv>
            </TextLine>
            <TextLine id="r1l29" custom="readingOrder {index:28;}">
                <Coords points="188,1808 1063,1795 1062,1745 913,1737 592,1775 503,1743 450,1783 188,1764"/>
                <Baseline points="195,1794 238,1793 281,1793 324,1793 367,1791 410,1791 453,1791 496,1791 539,1791 582,1791 625,1791 668,1790 711,1790 754,1790 797,1788 840,1787 883,1787 926,1785 969,1784 1012,1782 1056,1779"/>
                <TextEquiv>
                    <Unicode>angangen, nit mer alls so 5 gebracht</Unicode>
                </TextEquiv>
            </TextLine>
            <TextLine id="r1l30" custom="readingOrder {index:29;}">
                <Coords points="202,1866 522,1842 910,1864 940,1839 1046,1843 1045,1784 926,1820 847,1790 795,1817 673,1798 611,1831 560,1805 438,1831 377,1797 286,1834 200,1804"/>
                <Baseline points="207,1848 248,1848 290,1847 331,1847 373,1846 415,1845 456,1845 498,1845 540,1845 581,1844 623,1844 665,1844 706,1842 748,1842 790,1841 831,1839 873,1836 915,1835 956,1832 998,1830 1040,1826"/>
                <TextEquiv>
                    <Unicode>danns man, 39. f s er vorgehörte</Unicode>
                </TextEquiv>
            </TextLine>
            <TextLine id="r1l31" custom="readingOrder {index:30;}">
                <Coords points="171,1920 584,1925 666,1899 732,1924 919,1895 964,1919 1051,1890 1020,1833 845,1876 733,1843 633,1878 340,1851 170,1888"/>
                <Baseline points="177,1905 220,1904 263,1904 307,1902 350,1901 393,1901 437,1899 480,1899 523,1898 567,1896 610,1895 653,1894 697,1893 740,1892 783,1890 827,1887 870,1885 913,1883 957,1881 1000,1878 1044,1875"/>
                <TextEquiv>
                    <Unicode>Wyß, allein angelt vertrüwet, item</Unicode>
                </TextEquiv>
            </TextLine>
            <TextLine id="r1l32" custom="readingOrder {index:31;}">
                <Coords points="194,1989 242,1962 958,1962 1032,1939 1030,1900 994,1896 864,1928 672,1901 621,1932 514,1907 433,1936 357,1909 252,1949 192,1932"/>
                <Baseline points="200,1967 241,1963 282,1961 323,1958 365,1956 406,1954 447,1953 488,1952 530,1951 571,1950 612,1949 653,1949 695,1947 736,1947 777,1946 818,1943 860,1941 901,1939 942,1937 983,1933 1025,1929"/>
                <TextEquiv>
                    <Unicode>g. F. die er sinem furgäben nach, Ion</Unicode>
                </TextEquiv>
            </TextLine>
            <TextLine id="r1l33" custom="readingOrder {index:32;}">
                <Coords points="197,2033 243,2007 375,2026 498,2006 631,2039 698,2003 935,2010 1032,1974 1006,1938 878,1972 824,1947 765,1981 687,1952 633,1990 488,1950 449,1983 392,1963 267,1993 229,1964 196,1991"/>
                <Baseline points="203,2007 244,2007 285,2006 326,2006 367,2006 408,2004 449,2004 491,2004 532,2003 573,2003 614,2001 655,2000 696,1999 737,1997 779,1995 820,1993 861,1990 902,1987 943,1983 984,1978 1026,1974"/>
                <TextEquiv>
                    <Unicode>sinem heimet ererpt. vnnd nach e0t</Unicode>
                </TextEquiv>
            </TextLine>
            <TextLine id="r1l34" custom="readingOrder {index:33;}">
                <Coords points="184,2072 707,2052 852,2056 883,2082 917,2047 1056,2028 1055,1996 1003,1988 771,2036 693,2004 628,2042 587,2015 561,2038 451,2018 374,2040 182,2004"/>
                <Baseline points="189,2058 232,2057 275,2057 318,2055 361,2055 404,2055 447,2055 490,2054 533,2054 576,2054 619,2054 662,2052 705,2052 748,2049 791,2048 834,2046 877,2042 920,2038 963,2033 1006,2027 1050,2021"/>
                <TextEquiv>
                    <Unicode>der Ai einem kauf Lader, gewunnen</Unicode>
                </TextEquiv>
            </TextLine>
            <TextLine id="r1l35" custom="readingOrder {index:34;}">
                <Coords points="172,2138 328,2111 378,2143 430,2113 936,2120 1056,2080 1055,2025 882,2083 843,2055 727,2088 665,2053 603,2092 473,2061 436,2095 377,2069 337,2101 169,2078"/>
                <Baseline points="177,2120 220,2118 264,2115 307,2114 351,2112 395,2112 438,2112 482,2111 526,2111 569,2109 613,2109 657,2108 700,2106 744,2105 788,2103 831,2099 875,2097 919,2092 962,2086 1006,2080 1050,2073"/>
                <TextEquiv>
                    <Unicode>den 160. F. welcheman hinder zur</Unicode>
                </TextEquiv>
            </TextLine>
            <TextLine id="r1l36" custom="readingOrder {index:35;}">
                <Coords points="978,2144 986,2143 989,2146 996,2138 1000,2138 1012,2147 1022,2144 1029,2134 1039,2133 1033,2084 1026,2085 1014,2098 1006,2100 997,2093 993,2093 983,2105 974,2106"/>
                <Baseline points="984,2136 1032,2130"/>
                <TextEquiv>
                    <Unicode></Unicode>
                </TextEquiv>
            </TextLine>
            <TextLine id="r1l37" custom="readingOrder {index:36;}">
                <Coords points="192,2189 460,2170 555,2203 623,2169 672,2194 756,2158 859,2176 973,2148 972,2113 914,2130 871,2110 795,2140 633,2122 603,2143 419,2118 361,2146 326,2115 241,2114 190,2143"/>
                <Baseline points="198,2172 236,2171 274,2171 313,2170 351,2169 390,2169 428,2168 466,2167 505,2166 543,2165 582,2163 620,2163 658,2162 697,2159 735,2157 774,2156 812,2153 850,2151 889,2147 927,2145 966,2142"/>
                <TextEquiv>
                    <Unicode>funden, Abzüche, blybe noch tor</Unicode>
                </TextEquiv>
            </TextLine>
            <TextLine id="r1l38" custom="readingOrder {index:37;}">
                <Coords points="196,2249 317,2254 383,2222 735,2236 1060,2179 1054,2132 765,2191 721,2165 554,2204 458,2170 348,2204 193,2189"/>
                <Baseline points="201,2229 243,2228 286,2226 328,2225 371,2225 414,2223 456,2222 499,2220 541,2219 584,2217 627,2215 669,2213 712,2210 754,2208 797,2204 840,2201 882,2195 925,2191 967,2185 1010,2178 1053,2172"/>
                <TextEquiv>
                    <Unicode>ubrige darus aundens nützit zuschi</Unicode>
                </TextEquiv>
            </TextLine>
            <TextLine id="r1l39" custom="readingOrder {index:38;}">
                <Coords points="152,2312 374,2277 999,2268 1059,2231 1057,2191 845,2208 760,2247 518,2222 464,2260 371,2223 318,2258 149,2268"/>
                <Baseline points="156,2288 200,2285 245,2282 290,2279 335,2278 380,2276 425,2274 469,2274 514,2273 559,2271 604,2269 649,2268 694,2265 739,2262 783,2259 828,2256 873,2252 918,2247 963,2242 1008,2235 1053,2228"/>
                <TextEquiv>
                    <Unicode>en. dann das er der meretheyl dißgel</Unicode>
                </TextEquiv>
            </TextLine>
            <TextLine id="r1l40" custom="readingOrder {index:39;}">
                <Coords points="186,2340 1022,2306 1057,2298 1053,2237 1004,2268 927,2255 890,2289 779,2266 731,2296 677,2268 644,2302 591,2271 471,2303 373,2277 330,2310 288,2286 184,2313"/>
                <Baseline points="192,2334 234,2332 277,2331 320,2330 363,2328 406,2328 449,2327 492,2325 535,2324 578,2324 621,2322 663,2319 706,2317 749,2316 792,2313 835,2309 878,2305 921,2300 964,2294 1007,2287 1050,2279"/>
                <TextEquiv>
                    <Unicode>ouch entfrömbdet. derhalben solle er</Unicode>
                </TextEquiv>
            </TextLine>
            <TextLine id="r1l41" custom="readingOrder {index:40;}">
                <Coords points="150,2407 988,2355 1059,2379 1054,2295 897,2308 806,2350 730,2316 491,2360 364,2340 308,2369 223,2334 148,2365"/>
                <Baseline points="156,2394 200,2390 245,2386 290,2385 334,2382 379,2381 424,2380 468,2379 513,2379 558,2378 603,2378 647,2376 692,2375 737,2372 781,2369 826,2365 871,2360 915,2355 960,2348 1005,2339 1050,2328"/>
                <TextEquiv>
                    <Unicode>komne warheyt bekennen, hat erd</Unicode>
                </TextEquiv>
            </TextLine>
            <TextLine id="r1l42" custom="readingOrder {index:41;}">
                <Coords points="184,2448 893,2438 1054,2389 1051,2327 1003,2371 937,2356 885,2399 839,2370 699,2410 630,2375 523,2414 486,2387 382,2410 352,2384 183,2429"/>
                <Baseline points="189,2439 231,2438 274,2436 317,2435 360,2434 403,2433 446,2432 489,2432 532,2431 575,2430 618,2429 660,2427 703,2424 746,2423 789,2420 832,2416 875,2411 918,2406 961,2399 1004,2392 1047,2384"/>
                <TextEquiv>
                    <Unicode>nützit wytens öfnen wellen, sondern</Unicode>
                </TextEquiv>
            </TextLine>
            <TextLine id="r1l43" custom="readingOrder {index:42;}">
                <Coords points="179,2532 262,2495 662,2481 703,2516 838,2465 948,2480 1054,2434 1051,2392 824,2449 595,2432 389,2470 338,2439 295,2474 175,2474"/>
                <Baseline points="183,2493 226,2492 269,2490 312,2490 355,2489 399,2487 442,2487 485,2486 528,2486 571,2484 615,2483 658,2480 701,2478 744,2475 787,2472 831,2467 874,2462 917,2456 960,2449 1003,2441 1047,2430"/>
                <TextEquiv>
                    <Unicode>gwent, er habe das an sinem wuchenlich</Unicode>
                </TextEquiv>
            </TextLine>
            <TextLine id="r1l44" custom="readingOrder {index:43;}">
                <Coords points="178,2568 296,2539 358,2564 447,2541 626,2567 687,2534 794,2559 846,2522 1006,2510 1056,2479 1053,2438 911,2496 867,2470 711,2516 655,2482 619,2520 565,2487 467,2516 268,2495 176,2534"/>
                <Baseline points="183,2546 226,2544 269,2541 313,2541 356,2540 399,2540 443,2538 486,2538 529,2537 573,2537 616,2535 659,2534 703,2531 746,2528 789,2525 833,2519 876,2514 919,2507 963,2500 1006,2489 1050,2478"/>
                <TextEquiv>
                    <Unicode>mit Schuchplatzen, trinckgelten, melte</Unicode>
                </TextEquiv>
            </TextLine>
            <TextLine id="r1l45" custom="readingOrder {index:44;}">
                <Coords points="177,2610 340,2600 388,2637 539,2597 652,2627 741,2583 1029,2552 1016,2503 913,2548 845,2523 797,2562 685,2538 555,2576 447,2541 388,2579 296,2539 246,2584 175,2569"/>
                <Baseline points="183,2598 227,2597 271,2595 315,2595 359,2595 403,2594 447,2594 492,2593 536,2592 580,2591 624,2589 668,2588 712,2585 757,2581 801,2577 845,2573 889,2567 933,2560 977,2552 1022,2543"/>
                <TextEquiv>
                    <Unicode>unnd derglychen, erspare, sie auch e</Unicode>
                </TextEquiv>
            </TextLine>
            <TextLine id="r1l46" custom="readingOrder {index:45;}">
                <Coords points="151,2687 199,2707 328,2657 405,2696 465,2658 508,2682 639,2645 725,2674 908,2624 950,2649 1045,2598 1042,2552 877,2594 747,2586 643,2630 386,2637 282,2602 148,2649"/>
                <Baseline points="155,2663 199,2660 243,2657 287,2654 331,2651 375,2650 419,2649 464,2648 508,2646 552,2645 596,2643 640,2642 684,2640 728,2637 773,2634 817,2630 861,2624 905,2618 949,2610 993,2602 1038,2592"/>
                <TextEquiv>
                    <Unicode>ag, die begangnen diebstäl zuerstetze</Unicode>
                </TextEquiv>
            </TextLine>
            <TextEquiv>
                <Unicode>Einen frouwenn, so man die Allte Se¬
eren enmset, alle sy an der lrützgas
Irem Grämpel Abgewartet, hab er
21. F. vnnd 6. Eynnlachen gestolen
mr Hanns Seebach ein stuck sel leder
M Hanns Neser Sol Läder, stüil er
uffeinmal tragenn mögen
Mr Maritz Koūffer. hab er ein schlachte
Rosthut, vnnd zwey stuck wälsch läder
enntzueft,
Letstlichenn habe er vß wolgemelts mir
G herren Schultheisten Mannels kell
Unnder zweyen malen, by zweye
Cronenn, enndtragen Alls er vber
widerumb zun disen kellen wollen, sie et
beheundigt, vnnd ergriffenn worden
Beträffennt das diser gefanngne, einer
cwustenn Person, wo einer Anderen Abe
G0. näbennmer. Alls nach zo S. soma
hinder Imme funden, gelichen. Ob wol
imnne mit wytleüffigen worten, fir
gebilldet wordenn, er habe diß gellt
ouch merenteyls veruntruwet Wylent
wol müglich, das er solches mit siner
Arbegt ersparen mögen. Inn Ausecene
perlich nit mar alls sechs j daruber
sich kleyden mußen, sulan ghept, so in
10. Jaren, seidt Inna syn wuchen o
angangen, nit mer alls so 5 gebracht
danns man, 39. f s er vorgehörte
Wyß, allein angelt vertrüwet, item
g. F. die er sinem furgäben nach, Ion
sinem heimet ererpt. vnnd nach e0t
der Ai einem kauf Lader, gewunnen
den 160. F. welcheman hinder zur

funden, Abzüche, blybe noch tor
ubrige darus aundens nützit zuschi
en. dann das er der meretheyl dißgel
ouch entfrömbdet. derhalben solle er
komne warheyt bekennen, hat erd
nützit wytens öfnen wellen, sondern
gwent, er habe das an sinem wuchenlich
mit Schuchplatzen, trinckgelten, melte
unnd derglychen, erspare, sie auch e
ag, die begangnen diebstäl zuerstetze</Unicode>
            </TextEquiv>
        </TextRegion>
        <TextRegion orientation="0.0" id="r2" custom="readingOrder {index:1;}">
            <Coords points="1101,1862 1101,2015 1116,2015 1116,1862"/>
            <TextLine id="r2l1" custom="readingOrder {index:0;}">
                <Coords points="1094,1964 1102,1966 1103,1968 1112,1969 1113,1971 1114,1970 1116,1972 1121,1973 1126,1950 1121,1949 1116,1946 1113,1946 1108,1940 1106,1941 1099,1940"/>
                <Baseline points="1101,1962 1116,1965"/>
                <TextEquiv>
                    <Unicode></Unicode>
                </TextEquiv>
            </TextLine>
            <TextEquiv>
                <Unicode></Unicode>
            </TextEquiv>
        </TextRegion>
        <TextRegion orientation="0.0" id="r3" custom="readingOrder {index:2;}">
            <Coords points="1121,2005 1121,2155 1151,2155 1151,2005"/>
            <TextLine id="r3l1" custom="readingOrder {index:0;}">
                <Coords points="1115,2113 1123,2113 1125,2116 1130,2118 1132,2116 1137,2120 1146,2117 1157,2119 1157,2054 1151,2054 1145,2049 1137,2049 1128,2059 1121,2054 1115,2054"/>
                <Baseline points="1121,2105 1151,2105"/>
                <TextEquiv>
                    <Unicode></Unicode>
                </TextEquiv>
            </TextLine>
            <TextEquiv>
                <Unicode></Unicode>
            </TextEquiv>
        </TextRegion>
        <TextRegion orientation="0.0" id="r4" custom="readingOrder {index:3;}">
            <Coords points="1125,310 1125,475 1164,475 1164,310"/>
            <TextLine id="r4l1" custom="readingOrder {index:0;}">
                <Coords points="1126,446 1144,434 1161,440 1165,430 1177,427 1141,335 1128,338 1113,354 1102,349 1098,357 1092,359"/>
                <Baseline points="1125,425 1164,410"/>
                <TextEquiv>
                    <Unicode></Unicode>
                </TextEquiv>
            </TextLine>
            <TextEquiv>
                <Unicode></Unicode>
            </TextEquiv>
        </TextRegion>
        <TextRegion orientation="0.0" id="r5" custom="readingOrder {index:4;}">
            <Coords points="1142,21 1142,2701 2147,2701 2147,21"/>
            <TextLine id="r5l1" custom="readingOrder {index:0;}">
                <Coords points="2070,79 2079,78 2102,57 2114,63 2134,60 2137,10 2127,9 2119,4 2112,6 2109,4 2099,13 2090,10 2082,14 2074,14"/>
                <Baseline points="2078,45 2103,49 2129,48"/>
                <TextEquiv>
                    <Unicode>95</Unicode>
                </TextEquiv>
            </TextLine>
            <TextLine id="r5l2" custom="readingOrder {index:1;} person {offset:12; length:10;}">
                <Coords points="1205,230 1292,181 1457,152 2104,119 2107,58 1889,49 1646,110 1526,85 1364,142 1251,125 1198,153"/>
                <Baseline points="1209,200 1253,188 1298,177 1343,167 1388,160 1433,152 1477,146 1522,139 1567,134 1612,129 1657,126 1701,123 1746,120 1791,117 1836,114 1881,113 1925,110 1970,108 2015,106 2060,104 2105,102"/>
                <TextEquiv>
                    <Unicode>vorgemelter Rteygmeyer. ist mit ruten</Unicode>
                </TextEquiv>
            </TextLine>
            <TextLine id="r5l3" custom="readingOrder {index:2;}">
                <Coords points="1232,270 1465,199 2012,170 2048,161 2045,120 1871,125 1829,153 1698,126 1603,165 1514,148 1338,195 1294,180 1228,221"/>
                <Baseline points="1236,236 1276,226 1316,218 1356,211 1397,203 1437,198 1477,192 1518,188 1558,183 1598,179 1639,176 1679,173 1719,170 1759,168 1800,165 1840,164 1880,162 1921,161 1961,159 2001,158 2042,156"/>
                <TextEquiv>
                    <Unicode>ußgestrichenn unnd demnach mit de</Unicode>
                </TextEquiv>
            </TextLine>
            <TextLine id="r5l4" custom="readingOrder {index:3;}">
                <Coords points="1318,276 1743,222 1944,224 1991,211 1988,170 1873,188 1846,172 1804,205 1743,178 1686,197 1644,182 1594,210 1550,192 1497,221 1435,207 1315,233"/>
                <Baseline points="1323,255 1356,252 1389,248 1422,243 1455,239 1488,237 1521,233 1554,231 1587,228 1620,225 1654,224 1687,221 1720,219 1753,218 1786,216 1819,215 1852,213 1885,213 1918,212 1951,210 1985,209"/>
                <TextEquiv>
                    <Unicode>Eyd vonn stetten launden und</Unicode>
                </TextEquiv>
            </TextLine>
            <TextLine id="r5l5" custom="readingOrder {index:4;}">
                <Coords points="1343,346 1499,292 1700,273 1812,287 1981,259 1977,218 1904,211 1813,240 1730,224 1673,256 1633,245 1581,264 1485,247 1338,285"/>
                <Baseline points="1347,308 1378,303 1409,298 1441,295 1472,290 1503,286 1535,283 1566,280 1597,278 1629,276 1660,273 1691,271 1723,268 1754,266 1785,266 1817,263 1848,261 1879,260 1911,258 1942,257 1974,254"/>
                <TextEquiv>
                    <Unicode>gepieten, minen G Ert vndt</Unicode>
                </TextEquiv>
            </TextLine>
            <TextLine id="r5l6" custom="readingOrder {index:5;}">
                <Coords points="1359,355 1404,369 1507,339 1580,353 1677,333 1725,354 1790,323 1940,338 1960,330 1956,273 1916,267 1835,302 1769,274 1685,307 1499,292 1357,334"/>
                <Baseline points="1365,351 1394,348 1423,344 1453,343 1482,339 1511,337 1541,335 1570,333 1599,332 1629,329 1658,327 1687,326 1717,324 1746,323 1775,321 1805,320 1834,318 1863,317 1893,315 1922,314 1952,312"/>
                <TextEquiv>
                    <Unicode>Oberen verwisen worden</Unicode>
                </TextEquiv>
            </TextLine>
            <TextLine id="r5l7" custom="readingOrder {index:6;}">
                <Coords points="1426,411 1466,418 1508,383 1533,397 1656,382 1717,393 1767,375 1807,390 1841,374 1907,384 1904,340 1781,328 1731,354 1677,332 1599,361 1507,339 1423,364"/>
                <Baseline points="1431,396 1457,394 1483,391 1509,389 1535,385 1561,383 1587,382 1613,380 1639,378 1665,377 1691,375 1717,374 1743,372 1769,372 1795,371 1821,369 1847,368 1873,368 1899,366"/>
                <TextEquiv>
                    <Unicode>uff sambstag den 20</Unicode>
                </TextEquiv>
            </TextLine>
            <TextLine id="r5l8" custom="readingOrder {index:7;}">
                <Coords points="1467,474 1570,440 1636,455 1753,429 1827,465 1876,420 1908,420 1908,383 1851,376 1804,394 1743,377 1687,400 1656,383 1575,410 1511,385 1466,411"/>
                <Baseline points="1473,440 1498,435 1523,432 1548,430 1573,429 1599,428 1624,429 1649,429 1674,429 1700,430 1725,431 1750,431 1775,431 1801,430 1826,428 1851,425 1876,421 1902,416"/>
                <TextEquiv>
                    <Unicode>noevebr 161.</Unicode>
                </TextEquiv>
            </TextLine>
            <TextLine id="r5l9" custom="readingOrder {index:8;} person {offset:0; length:12;}">
                <Coords points="1199,699 1268,680 1350,707 1442,665 1545,698 1606,648 1668,670 1728,641 1988,672 2139,652 2137,608 2084,568 1876,562 1811,603 1771,568 1621,604 1554,567 1409,599 1359,574 1198,662"/>
                <Baseline points="1205,678 1251,673 1297,668 1344,664 1390,660 1436,656 1483,653 1529,648 1575,646 1622,644 1668,642 1714,640 1761,639 1807,638 1853,638 1900,638 1946,638 1992,639 2039,641 2085,642 2132,645"/>
                <TextEquiv>
                    <Unicode>Slath Bouman</Unicode>
                </TextEquiv>
            </TextLine>
            <TextLine id="r5l10" custom="readingOrder {index:9;} place {offset:5; length:12;}">
                <Coords points="1364,750 1567,727 1732,727 1766,749 1794,726 1992,736 1992,683 1882,689 1834,650 1777,649 1739,684 1684,692 1618,655 1545,698 1461,667 1364,696"/>
                <Baseline points="1370,722 1400,720 1431,719 1462,716 1493,716 1523,714 1554,714 1585,714 1616,713 1646,713 1677,714 1708,714 1739,714 1769,714 1800,716 1831,716 1862,717 1892,717 1923,718 1954,719 1985,720"/>
                <TextEquiv>
                    <Unicode>vonn Muntschenner</Unicode>
                </TextEquiv>
            </TextLine>
            <TextLine id="r5l11" custom="readingOrder {index:10;}">
                <Coords points="2023,764 2040,770 2056,765 2068,755 2081,757 2091,686 2085,685 2074,691 2037,717 2030,716"/>
                <Baseline points="2033,735 2078,741"/>
                <TextEquiv>
                    <Unicode>1</Unicode>
                </TextEquiv>
            </TextLine>
            <TextLine id="r5l12" custom="readingOrder {index:11;}">
                <Coords points="1197,853 1630,820 1717,861 1906,820 1964,851 2132,808 2132,777 1843,790 1799,754 1737,812 1513,772 1377,809 1310,778 1197,785"/>
                <Baseline points="1203,840 1249,836 1295,831 1341,827 1387,824 1433,822 1479,821 1526,819 1572,819 1618,818 1664,818 1710,819 1756,819 1802,821 1849,821 1895,822 1941,824 1987,825 2033,825 2079,827 2126,828"/>
                <TextEquiv>
                    <Unicode>uffmonntag den 22. gbrris diß 16</Unicode>
                </TextEquiv>
            </TextLine>
            <TextLine id="r5l13" custom="readingOrder {index:12;}">
                <Coords points="1196,910 1750,872 2051,907 2051,835 1999,859 1907,821 1730,859 1636,827 1195,853"/>
                <Baseline points="1202,888 1244,883 1286,880 1328,876 1370,873 1412,872 1454,870 1497,869 1539,869 1581,869 1623,869 1665,869 1707,870 1749,870 1792,872 1834,873 1876,874 1918,875 1960,876 2002,877 2045,878"/>
                <TextEquiv>
                    <Unicode>Jars inn bysyn vnnd anhören, der onns</Unicode>
                </TextEquiv>
            </TextLine>
            <TextLine id="r5l14" custom="readingOrder {index:13;}">
                <Coords points="1183,954 1545,920 2101,946 2115,903 1811,887 1734,911 1512,877 1450,904 1396,876 1344,911 1258,891 1183,917"/>
                <Baseline points="1190,938 1235,932 1281,927 1327,924 1373,921 1419,918 1465,918 1511,917 1557,917 1603,917 1649,918 1694,918 1740,920 1786,921 1832,923 1878,924 1924,926 1970,927 2016,929 2062,929 2108,930"/>
                <TextEquiv>
                    <Unicode>Ehrenuesten, frommen fursichtigen Er</Unicode>
                </TextEquiv>
            </TextLine>
            <TextLine id="r5l15" custom="readingOrder {index:14;} person {offset:22; length:13;}">
                <Coords points="1185,979 1895,981 1946,1014 2114,997 2115,959 1977,930 1884,966 1745,927 1623,948 1585,921 1185,953"/>
                <Baseline points="1191,980 1236,976 1282,972 1328,970 1374,968 1420,966 1466,966 1512,966 1558,966 1604,968 1650,968 1695,970 1741,972 1787,974 1833,975 1879,977 1925,978 1971,980 2017,981 2063,981 2109,981"/>
                <TextEquiv>
                    <Unicode>sammen. Wysen Herren, Sammel Jeuens</Unicode>
                </TextEquiv>
            </TextLine>
            <TextLine id="r5l16" custom="readingOrder {index:15;} organization {offset:4; length:14;} person {offset:19; length:16;}">
                <Coords points="1184,1044 1418,1052 1500,1019 1684,1049 1779,1026 1859,1064 2092,1041 2092,1004 1961,1015 1817,979 1750,1001 1530,979 1480,1007 1317,972 1184,1001"/>
                <Baseline points="1190,1028 1234,1025 1279,1022 1324,1020 1369,1019 1413,1019 1458,1019 1503,1019 1548,1019 1592,1020 1637,1022 1682,1023 1727,1026 1771,1028 1816,1030 1861,1031 1906,1033 1950,1034 1995,1036 2040,1037 2085,1037"/>
                <TextEquiv>
                    <Unicode>des kleynenn raths Jacob Tscharners</Unicode>
                </TextEquiv>
            </TextLine>
            <TextLine id="r5l17" custom="readingOrder {index:16;} person {offset:14; length:16;}">
                <Coords points="1192,1091 1719,1077 2094,1110 2096,1039 2035,1077 1986,1036 1806,1065 1750,1031 1635,1053 1544,1023 1485,1057 1194,1043"/>
                <Baseline points="1199,1077 1243,1075 1287,1073 1332,1071 1376,1071 1421,1070 1465,1070 1510,1070 1554,1071 1599,1073 1643,1074 1687,1075 1732,1077 1776,1079 1821,1082 1865,1085 1910,1087 1954,1091 1999,1093 2043,1097 2088,1100"/>
                <TextEquiv>
                    <Unicode>der Burgerenn Niclans Brochers Groß</Unicode>
                </TextEquiv>
            </TextLine>
            <TextLine id="r5l18" custom="readingOrder {index:17;}">
                <Coords points="1181,1145 1665,1128 1757,1159 1821,1139 2061,1163 2062,1119 1796,1091 1641,1108 1566,1077 1182,1095"/>
                <Baseline points="1187,1131 1230,1129 1273,1127 1317,1125 1360,1125 1404,1124 1447,1124 1490,1124 1534,1125 1577,1125 1621,1127 1664,1128 1707,1130 1751,1131 1794,1133 1838,1134 1881,1137 1924,1139 1968,1140 2011,1142 2055,1143"/>
                <TextEquiv>
                    <Unicode>weybels, ouch etlicher Weyblen miner</Unicode>
                </TextEquiv>
            </TextLine>
            <TextLine id="r5l19" custom="readingOrder {index:18;}">
                <Coords points="1154,1207 1251,1185 1328,1217 1462,1180 1509,1201 1825,1192 1969,1227 1978,1150 1580,1153 1557,1130 1391,1160 1309,1130 1155,1164"/>
                <Baseline points="1160,1181 1200,1179 1241,1178 1281,1177 1322,1176 1362,1176 1403,1176 1443,1176 1484,1176 1524,1178 1565,1178 1605,1179 1646,1180 1686,1182 1727,1184 1767,1185 1808,1187 1848,1190 1889,1191 1929,1194 1970,1197"/>
                <TextEquiv>
                    <Unicode>G Herrenn, vnnd Oberen dieneren,</Unicode>
                </TextEquiv>
            </TextLine>
            <TextLine id="r5l20" custom="readingOrder {index:19;} person {offset:18; length:13;}">
                <Coords points="1150,1314 1508,1283 2123,1331 2112,1283 1834,1259 1760,1215 1703,1257 1152,1247"/>
                <Baseline points="1157,1287 1205,1284 1253,1283 1301,1280 1349,1280 1397,1280 1445,1280 1493,1280 1541,1280 1589,1282 1637,1283 1685,1285 1733,1287 1781,1291 1829,1294 1877,1296 1925,1300 1973,1303 2021,1306 2069,1309 2118,1313"/>
                <TextEquiv>
                    <Unicode>at gegrunwürtiger Matys Boliman</Unicode>
                </TextEquiv>
            </TextLine>
            <TextLine id="r5l21" custom="readingOrder {index:20;} place {offset:3; length:12;} place {offset:20; length:15;}">
                <Coords points="1197,1357 1663,1347 2115,1394 2117,1339 1941,1310 1885,1329 1632,1297 1540,1324 1449,1292 1335,1324 1301,1292 1199,1299"/>
                <Baseline points="1203,1337 1248,1335 1293,1334 1338,1334 1384,1334 1429,1335 1474,1335 1520,1337 1565,1338 1610,1340 1656,1341 1701,1344 1746,1346 1791,1349 1837,1352 1882,1354 1927,1357 1973,1361 2018,1364 2063,1367 2109,1370"/>
                <TextEquiv>
                    <Unicode>zu Muntschanner der Amptyung Erlach</Unicode>
                </TextEquiv>
            </TextLine>
            <TextLine id="r5l22" custom="readingOrder {index:21;}">
                <Coords points="1181,1398 1781,1408 1830,1439 1940,1412 2022,1444 2058,1424 2060,1380 1979,1397 1863,1362 1785,1378 1726,1352 1688,1379 1444,1344 1370,1373 1289,1341 1182,1364"/>
                <Baseline points="1187,1385 1230,1385 1273,1385 1316,1386 1360,1386 1403,1388 1446,1389 1489,1390 1533,1391 1576,1392 1619,1395 1662,1397 1706,1398 1749,1400 1792,1403 1835,1405 1879,1408 1922,1410 1965,1413 2008,1417 2052,1419"/>
                <TextEquiv>
                    <Unicode>furtig, nachnolgennde die bstäl, auch</Unicode>
                </TextEquiv>
            </TextLine>
            <TextLine id="r5l23" custom="readingOrder {index:22;}">
                <Coords points="1165,1456 1489,1448 1578,1489 1642,1451 1748,1479 1892,1457 1922,1488 2072,1462 2067,1419 2024,1447 1939,1413 1821,1442 1792,1412 1615,1429 1545,1397 1509,1425 1404,1397 1167,1409"/>
                <Baseline points="1172,1437 1216,1437 1261,1437 1306,1437 1350,1437 1395,1439 1440,1440 1484,1440 1529,1442 1574,1443 1619,1445 1663,1447 1708,1449 1753,1450 1797,1452 1842,1454 1887,1455 1931,1457 1976,1458 2021,1460 2066,1460"/>
                <TextEquiv>
                    <Unicode>Abschuhliche vnnd gruwliche mißhand</Unicode>
                </TextEquiv>
            </TextLine>
            <TextLine id="r5l24" custom="readingOrder {index:23;} place {offset:10; length:7;}">
                <Coords points="1187,1494 1994,1522 2019,1515 2021,1467 1921,1488 1880,1457 1779,1487 1724,1457 1653,1481 1622,1453 1582,1487 1490,1447 1375,1442 1264,1476 1188,1454"/>
                <Baseline points="1194,1487 1237,1488 1280,1488 1323,1489 1366,1490 1409,1491 1452,1493 1495,1494 1538,1496 1581,1497 1625,1499 1668,1500 1711,1502 1754,1503 1797,1504 1840,1505 1883,1506 1926,1506 1969,1508 2013,1508"/>
                <TextEquiv>
                    <Unicode>lungen zu Marzili bekanndt, vnnd</Unicode>
                </TextEquiv>
            </TextLine>
            <TextLine id="r5l25" custom="readingOrder {index:24;}">
                <Coords points="1185,1556 1265,1579 1316,1546 1409,1545 2055,1579 2056,1545 2010,1516 1799,1540 1730,1504 1635,1542 1545,1505 1448,1527 1395,1499 1355,1528 1187,1493"/>
                <Baseline points="1191,1539 1233,1539 1276,1539 1319,1539 1362,1541 1405,1542 1448,1543 1491,1545 1534,1547 1577,1548 1620,1551 1662,1552 1705,1554 1748,1556 1791,1557 1834,1559 1877,1560 1920,1561 1963,1562 2006,1562 2049,1562"/>
                <TextEquiv>
                    <Unicode>Volgennts mit der marter erhaldten</Unicode>
                </TextEquiv>
            </TextLine>
            <TextLine id="r5l26" custom="readingOrder {index:25;}">
                <Coords points="1198,1608 1349,1606 1399,1630 1446,1605 1491,1609 1535,1634 1568,1612 1613,1611 1615,1553 1579,1574 1511,1550 1447,1560 1409,1545 1344,1561 1316,1546 1264,1579 1214,1543 1200,1550"/>
                <Baseline points="1205,1590 1230,1590 1255,1590 1280,1590 1305,1590 1330,1591 1356,1592 1381,1592 1406,1595 1431,1595 1456,1596 1482,1598 1507,1598 1532,1598 1557,1599 1582,1599 1608,1598"/>
                <TextEquiv>
                    <Unicode>vnnd bestättiget</Unicode>
                </TextEquiv>
            </TextLine>
            <TextLine id="r5l27" custom="readingOrder {index:26;}">
                <Coords points="1135,1684 1670,1695 1787,1732 1853,1699 2016,1746 2110,1719 2112,1679 2061,1650 1983,1691 1824,1641 1711,1673 1582,1626 1503,1665 1312,1625 1225,1646 1139,1607"/>
                <Baseline points="1142,1664 1190,1666 1238,1668 1286,1671 1334,1674 1382,1676 1430,1679 1479,1681 1527,1683 1575,1685 1623,1687 1671,1689 1719,1691 1767,1694 1816,1697 1864,1698 1912,1701 1960,1703 2008,1706 2056,1709 2105,1712"/>
                <TextEquiv>
                    <Unicode>Nemblichen vnnd furs erst sie er ongfar</Unicode>
                </TextEquiv>
            </TextLine>
            <TextLine id="r5l28" custom="readingOrder {index:27;} person {offset:23; length:13;}">
                <Coords points="1180,1730 1661,1746 1693,1774 1807,1750 1934,1784 2067,1772 2069,1741 1859,1704 1785,1732 1687,1698 1634,1726 1547,1693 1472,1712 1436,1682 1360,1713 1183,1679"/>
                <Baseline points="1187,1716 1230,1718 1274,1721 1318,1723 1361,1725 1405,1727 1449,1730 1492,1732 1536,1734 1580,1736 1624,1738 1667,1740 1711,1743 1755,1745 1798,1747 1842,1750 1886,1752 1929,1754 1973,1757 2017,1760 2061,1763"/>
                <TextEquiv>
                    <Unicode>vorzächenn Jaren, vonn Peter Boliman.</Unicode>
                </TextEquiv>
            </TextLine>
            <TextLine id="r5l29" custom="readingOrder {index:28;}">
                <Coords points="1204,1772 1456,1811 1795,1797 1931,1836 1975,1815 2065,1835 2068,1794 1845,1780 1801,1753 1705,1777 1668,1747 1557,1765 1517,1737 1206,1749"/>
                <Baseline points="1211,1764 1253,1767 1295,1770 1338,1772 1380,1775 1423,1777 1465,1779 1508,1781 1550,1783 1593,1785 1635,1788 1677,1791 1720,1793 1762,1794 1805,1797 1847,1800 1890,1803 1932,1806 1975,1810 2017,1813 2060,1817"/>
                <TextEquiv>
                    <Unicode>mein vater, so sines hanndtwercks ein</Unicode>
                </TextEquiv>
            </TextLine>
            <TextLine id="r5l30" custom="readingOrder {index:29;}">
                <Coords points="1157,1847 1323,1828 1365,1860 1443,1832 1537,1872 1740,1846 2141,1892 2080,1821 1903,1841 1867,1804 1671,1824 1162,1770"/>
                <Baseline points="1166,1812 1214,1815 1262,1818 1311,1821 1359,1824 1408,1826 1456,1829 1505,1832 1553,1835 1602,1838 1650,1841 1698,1844 1747,1848 1795,1851 1844,1854 1892,1858 1941,1862 1989,1866 2038,1871 2086,1875 2135,1881"/>
                <TextEquiv>
                    <Unicode>Wagner sie wegenn vile kinden, so er do¬</Unicode>
                </TextEquiv>
            </TextLine>
            <TextLine id="r5l31" custom="readingOrder {index:30;}">
                <Coords points="1172,1883 1201,1867 1305,1909 1603,1894 1672,1931 1745,1900 1835,1943 1906,1915 2036,1930 2038,1893 1981,1865 1909,1886 1611,1847 1523,1872 1442,1832 1378,1863 1285,1834 1174,1851"/>
                <Baseline points="1179,1863 1221,1866 1264,1869 1306,1872 1349,1875 1392,1877 1434,1880 1477,1882 1519,1884 1562,1886 1605,1889 1647,1891 1690,1893 1732,1897 1775,1899 1818,1903 1860,1906 1903,1909 1945,1913 1988,1917 2031,1922"/>
                <TextEquiv>
                    <Unicode>mals gehept unnd das syn sie enniter</Unicode>
                </TextEquiv>
            </TextLine>
            <TextLine id="r5l32" custom="readingOrder {index:31;}">
                <Coords points="1169,1909 1880,1987 2099,1985 2102,1944 2064,1919 1822,1943 1745,1900 1672,1931 1627,1898 1579,1923 1170,1883"/>
                <Baseline points="1175,1910 1223,1913 1271,1917 1320,1920 1368,1923 1416,1926 1465,1930 1513,1933 1561,1936 1610,1940 1658,1943 1707,1946 1755,1950 1803,1953 1852,1958 1900,1960 1948,1965 1997,1968 2045,1971 2094,1976"/>
                <TextEquiv>
                    <Unicode>inne zimlich traung unnd ruch gehaldten</Unicode>
                </TextEquiv>
            </TextLine>
            <TextLine id="r5l33" custom="readingOrder {index:32;}">
                <Coords points="1148,1975 1805,2011 1837,2045 1903,2014 1940,2049 2011,2021 2102,2036 2105,1982 1900,1995 1670,1947 1622,1977 1567,1940 1508,1971 1454,1928 1274,1945 1152,1918"/>
                <Baseline points="1155,1953 1202,1958 1249,1962 1296,1967 1343,1971 1390,1974 1437,1979 1484,1983 1531,1986 1578,1990 1626,1993 1673,1996 1720,1999 1767,2001 1814,2004 1861,2006 1908,2010 1955,2012 2002,2015 2049,2016 2097,2019"/>
                <TextEquiv>
                    <Unicode>doch mit deselben sines Vaters gunst vnnd</Unicode>
                </TextEquiv>
            </TextLine>
            <TextLine id="r5l34" custom="readingOrder {index:33;}">
                <Coords points="1156,2023 2038,2101 2041,2061 1964,2027 1836,2046 1724,2003 1596,2017 1543,1985 1423,2007 1346,1978 1292,2003 1160,1971"/>
                <Baseline points="1164,1998 1207,2006 1251,2013 1294,2018 1338,2024 1381,2028 1425,2032 1468,2036 1512,2040 1555,2043 1599,2046 1642,2049 1686,2051 1729,2054 1773,2056 1816,2059 1860,2061 1903,2065 1947,2068 1990,2072 2034,2076"/>
                <TextEquiv>
                    <Unicode>Willenn, Abgescheydenn, Volgennts dem</Unicode>
                </TextEquiv>
            </TextLine>
            <TextLine id="r5l35" custom="readingOrder {index:34;}">
                <Coords points="1147,2065 1725,2136 1935,2138 1981,2106 1919,2072 1868,2103 1748,2063 1669,2090 1594,2048 1478,2041 1418,2071 1337,2028 1291,2058 1199,2013 1150,2026"/>
                <Baseline points="1154,2051 1195,2056 1236,2061 1277,2067 1318,2072 1359,2078 1400,2082 1441,2085 1482,2089 1523,2094 1564,2097 1605,2101 1646,2104 1687,2107 1728,2110 1769,2112 1810,2115 1851,2118 1892,2120 1933,2123 1974,2124"/>
                <TextEquiv>
                    <Unicode>Ahlmusen, vnnd Pätelnachzogen, Im</Unicode>
                </TextEquiv>
            </TextLine>
            <TextLine id="r5l36" custom="readingOrder {index:35;}">
                <Coords points="1159,2128 1467,2164 1497,2144 1523,2172 1922,2173 1977,2201 2080,2197 2084,2151 1738,2150 1606,2109 1365,2116 1163,2074"/>
                <Baseline points="1167,2105 1212,2111 1257,2116 1303,2122 1348,2127 1394,2132 1439,2136 1484,2140 1530,2145 1575,2149 1621,2152 1666,2156 1711,2159 1757,2162 1802,2165 1848,2168 1893,2171 1938,2174 1984,2177 2029,2178 2075,2181"/>
                <TextEquiv>
                    <Unicode>Wellichem er, Wyl Inn niemant gepur</Unicode>
                </TextEquiv>
            </TextLine>
            <TextLine id="r5l37" custom="readingOrder {index:36;}">
                <Coords points="1147,2171 1361,2188 1397,2218 1525,2205 1619,2247 1683,2215 2063,2254 2068,2199 2030,2185 1975,2218 1923,2173 1877,2203 1814,2177 1732,2198 1677,2163 1640,2187 1495,2144 1459,2167 1150,2135"/>
                <Baseline points="1155,2156 1200,2163 1245,2169 1290,2175 1335,2180 1380,2186 1425,2190 1471,2195 1516,2198 1561,2203 1606,2206 1651,2209 1696,2213 1741,2216 1787,2219 1832,2223 1877,2226 1922,2230 1967,2233 2012,2238 2058,2241"/>
                <TextEquiv>
                    <Unicode>enndermaßen züchtiget noch zum Gotts¬</Unicode>
                </TextEquiv>
            </TextLine>
            <TextLine id="r5l38" custom="readingOrder {index:37;}">
                <Coords points="1152,2228 1520,2263 1541,2289 1795,2284 1878,2326 1925,2302 2095,2350 2106,2255 2063,2233 1809,2256 1737,2218 1604,2251 1525,2205 1424,2230 1375,2191 1155,2192"/>
                <Baseline points="1160,2208 1206,2215 1253,2222 1300,2229 1346,2234 1393,2240 1440,2245 1486,2249 1533,2255 1580,2259 1627,2264 1673,2267 1720,2271 1767,2275 1813,2279 1860,2285 1907,2289 1953,2294 2000,2300 2047,2305 2094,2312"/>
                <TextEquiv>
                    <Unicode>wort unnderwisen, Annfachen äßige pyßt</Unicode>
                </TextEquiv>
            </TextLine>
            <TextLine id="r5l39" custom="readingOrder {index:38;}">
                <Coords points="1162,2300 1234,2277 1362,2289 1391,2322 1653,2319 1973,2357 2018,2391 2151,2386 2158,2323 2081,2349 1880,2326 1843,2292 1779,2312 1705,2273 1642,2298 1169,2232"/>
                <Baseline points="1172,2264 1220,2271 1269,2278 1318,2285 1367,2291 1415,2297 1464,2301 1513,2307 1562,2313 1610,2317 1659,2322 1708,2327 1757,2331 1805,2336 1854,2340 1903,2344 1952,2349 2000,2353 2049,2358 2098,2363 2147,2367"/>
                <TextEquiv>
                    <Unicode>stälenn, sonil das er solches, so wenig alls</Unicode>
                </TextEquiv>
            </TextLine>
            <TextLine id="r5l40" custom="readingOrder {index:39;}">
                <Coords points="1149,2318 1326,2374 1415,2356 1469,2396 1518,2366 1621,2410 1702,2386 2059,2434 2064,2389 1980,2359 1896,2384 1857,2351 1649,2318 1464,2340 1157,2255"/>
                <Baseline points="1157,2310 1201,2318 1246,2327 1291,2334 1336,2341 1381,2346 1426,2352 1470,2357 1515,2361 1560,2365 1605,2369 1650,2373 1695,2378 1740,2383 1784,2387 1829,2391 1874,2397 1919,2402 1964,2409 2009,2416 2054,2424"/>
                <TextEquiv>
                    <Unicode>anndere geringe diebstäl. dieser gethan</Unicode>
                </TextEquiv>
            </TextLine>
            <TextLine id="r5l41" custom="readingOrder {index:40;}">
                <Coords points="1168,2381 1440,2447 1662,2439 1900,2495 1939,2472 2053,2486 2056,2459 1933,2417 1902,2432 1878,2402 1693,2388 1628,2411 1589,2381 1495,2397 1464,2360 1348,2379 1242,2335 1171,2353"/>
                <Baseline points="1175,2370 1218,2379 1262,2385 1305,2392 1349,2397 1393,2403 1436,2409 1480,2413 1524,2419 1567,2424 1611,2429 1655,2433 1698,2438 1742,2443 1786,2447 1829,2453 1873,2457 1917,2463 1960,2468 2004,2474 2048,2481"/>
                <TextEquiv>
                    <Unicode>nit wol zuöfnenn noch unzuzeygen</Unicode>
                </TextEquiv>
            </TextLine>
            <TextLine id="r5l42" custom="readingOrder {index:41;}">
                <Coords points="1143,2433 1470,2480 1529,2519 1937,2528 2046,2585 2071,2521 1947,2471 1895,2501 1839,2463 1695,2444 1564,2431 1461,2459 1151,2372"/>
                <Baseline points="1152,2414 1197,2426 1242,2437 1288,2446 1333,2454 1379,2461 1424,2468 1470,2473 1515,2479 1561,2483 1606,2488 1651,2493 1697,2498 1742,2502 1788,2507 1833,2513 1879,2518 1924,2526 1970,2533 2015,2542 2061,2552"/>
                <TextEquiv>
                    <Unicode>wüste, erzuuere sich Aber, das er ver¬</Unicode>
                </TextEquiv>
            </TextLine>
            <TextLine id="r5l43" custom="readingOrder {index:42;}">
                <Coords points="1142,2496 1188,2494 1209,2513 1264,2504 1323,2530 1379,2528 1399,2550 1417,2552 1428,2492 1403,2467 1330,2495 1288,2488 1259,2452 1235,2465 1207,2444 1174,2462 1149,2462"/>
                <Baseline points="1152,2478 1178,2482 1204,2486 1231,2491 1257,2496 1284,2502 1310,2507 1336,2513 1363,2519 1389,2523 1416,2526"/>
                <TextEquiv>
                    <Unicode>untruwet,</Unicode>
                </TextEquiv>
            </TextLine>
            <TextLine id="r5l44" custom="readingOrder {index:43;} person {offset:0; length:18;} place {offset:22; length:15;}">
                <Coords points="1138,2583 1249,2576 1379,2625 2032,2703 2039,2655 1983,2654 1940,2599 1870,2645 1808,2645 1551,2564 1515,2588 1467,2561 1364,2574 1151,2498"/>
                <Baseline points="1149,2553 1195,2564 1241,2574 1287,2583 1334,2592 1380,2600 1426,2608 1472,2616 1519,2623 1565,2630 1611,2636 1657,2643 1704,2649 1750,2655 1796,2661 1842,2667 1889,2672 1935,2676 1981,2682 2028,2687"/>
                <TextEquiv>
                    <Unicode>Nichi Schonholtzer zu Obergomerkungen</Unicode>
                </TextEquiv>
            </TextLine>
            <TextLine id="r5l45" custom="readingOrder {index:44;}">
                <Coords points="1161,2630 1212,2628 1265,2652 1314,2654 1376,2696 1415,2675 1460,2707 1533,2690 1567,2699 1576,2659 1539,2664 1517,2637 1477,2656 1454,2632 1410,2644 1395,2631 1333,2635 1296,2591 1257,2592 1245,2575 1170,2591"/>
                <Baseline points="1173,2606 1199,2612 1225,2619 1251,2626 1277,2633 1303,2639 1329,2645 1355,2652 1381,2658 1407,2664 1433,2670 1459,2675 1485,2680 1511,2683 1537,2687 1563,2690"/>
                <TextEquiv>
                    <Unicode>mitlengelschen</Unicode>
                </TextEquiv>
            </TextLine>
            <TextEquiv>
                <Unicode>95
vorgemelter Rteygmeyer. ist mit ruten
ußgestrichenn unnd demnach mit de
Eyd vonn stetten launden und
gepieten, minen G Ert vndt
Oberen verwisen worden
uff sambstag den 20
noevebr 161.
Slath Bouman
vonn Muntschenner
1
uffmonntag den 22. gbrris diß 16
Jars inn bysyn vnnd anhören, der onns
Ehrenuesten, frommen fursichtigen Er
sammen. Wysen Herren, Sammel Jeuens
des kleynenn raths Jacob Tscharners
der Burgerenn Niclans Brochers Groß
weybels, ouch etlicher Weyblen miner
G Herrenn, vnnd Oberen dieneren,
at gegrunwürtiger Matys Boliman
zu Muntschanner der Amptyung Erlach
furtig, nachnolgennde die bstäl, auch
Abschuhliche vnnd gruwliche mißhand
lungen zu Marzili bekanndt, vnnd
Volgennts mit der marter erhaldten
vnnd bestättiget
Nemblichen vnnd furs erst sie er ongfar
vorzächenn Jaren, vonn Peter Boliman.
mein vater, so sines hanndtwercks ein
Wagner sie wegenn vile kinden, so er do¬
mals gehept unnd das syn sie enniter
inne zimlich traung unnd ruch gehaldten
doch mit deselben sines Vaters gunst vnnd
Willenn, Abgescheydenn, Volgennts dem
Ahlmusen, vnnd Pätelnachzogen, Im
Wellichem er, Wyl Inn niemant gepur
enndermaßen züchtiget noch zum Gotts¬
wort unnderwisen, Annfachen äßige pyßt
stälenn, sonil das er solches, so wenig alls
anndere geringe diebstäl. dieser gethan
nit wol zuöfnenn noch unzuzeygen
wüste, erzuuere sich Aber, das er ver¬
untruwet,
Nichi Schonholtzer zu Obergomerkungen
mitlengelschen</Unicode>
            </TextEquiv>
        </TextRegion>
    </Page>
</PcGts>
