4000 3000
82 60 933 209 Durch diefrauen, fursichtiger Schi¬
89 144 941 250 Wysen Herren Hanns Rudolff Sstey
125 205 881 289 Des kleinen schatz Baumel sSchmalt
885 232 925 288 d
118 255 958 354 Buegeren Nitlans Grocher Großwe
150 323 946 413 zu Wezili exammieree oorden
122 358 883 462 Derhatt erstlich ubergethanne fred
890 409 960 450 w
146 416 936 520 gehenmen unnd uß was ursachen wer
148 466 955 554 lannd kommen, anzeigt, er sie by Jomo
157 528 948 618 mürtig unnd vonn armut wegen on
169 563 1006 689 vor sibenen viertzig garen gen finer s
163 621 972 747 heit hieher gwisen worden vnnd hal¬
157 682 968 778 Anfang, ouch er er kam worden sich in
166 735 984 834 hirten unnd hüten, deß wychsendt
145 786 977 896 Inmaßen das eines vrhoffens nntzit
169 843 954 948 frombklichs vonn Ime zuuernennn
150 911 349 978 werde,
120 995 996 1122 As nun hieruf obstende bschuldigungr
176 1069 1001 1170 ner unchristlicher thaten, deß glychen
175 1135 1001 1228 das ergredt, er welle dstat Bern
172 1182 1007 1280 brönnen, Item auch etlichen landtlüte
175 1237 1012 1342 Innen ire hußer zeuerbrönnen tör
178 1292 1005 1396 haben solle mit ernsthafften worte
191 1346 1008 1452 fürgehaldtenn unnd die warheydt
184 1411 1018 1513 zuzeygenn vermandt worden, sit
194 1465 1010 1558 er darüber geantwortet, er habe
176 1519 1010 1617 Inn vnchristlichen haten niemalen
182 1574 1014 1672 geßen, vnnd sye Im solches durch den
196 1624 1024 1738 hingerichten falschlich villicht uß eid
205 1691 1023 1796 er zunoftmalen vonn hochzytenale
197 1739 1020 1853 getriben zugelegt worden, betreff
194 1811 1017 1910 das er gern by Roßen sie, daneuhe
206 1863 1017 1964 die mutmaßung anzogner unchrit
201 1929 1030 2033 thaten entstamden, sie syn deme schu
196 1981 1026 2094 vnnd wyl er reuerenter zmelden an
218 2039 1044 2151 beyden fußen kenne zechen hab, mögt
199 2089 1048 2215 kumerlich weündlen, unnd werde
197 2165 1039 2275 alen, damit, er witer unnd fürer
210 2225 1032 2335 möre verursachet, dem guren der
210 2280 1031 2400 syn therberg gehept ein roß uß de
196 2350 1038 2449 sall oder ab der weyd zenemmen und
194 2388 1040 2510 Das iun ein anderort oder dorff
208 2471 415 2562 erenn,
1979 20 2062 86 33
1042 59 2019 198 Dnd danothin er gefangne gret haben
1043 130 2005 249 Slle erwelle dstatt Bern verbronnen
1081 186 1985 303 Ierm bscheche Im ouch vnrecht, dann er
1098 237 2046 349 kein ursach niemnelen ghept, sollche worten
1096 282 1990 401 ußzegießen, wyl er vil gutzeten vom
1116 336 2025 441 ennen gih unnd ohberen empfangen,
1064 388 2007 491 pertrau worten halb gegen, etlichen
1096 444 2051 547 landtluten, zeigt er und er werde vill
1098 495 1988 603 mallen, wonn der jugent geferiert
1112 550 2045 647 klagt vnnd hangmacht Iren solchem er
1108 603 2037 699 villicht dise wort kauffen laßenn, es were
1105 656 2054 744 kein wunder, das er innen die Hüßer ver¬
1114 707 2067 792 bronte, das sie Aber niemalen inn sinem willen
1112 758 2036 856 gsin, zeuerbringen, woll war, das angfar
1119 806 2074 899 vorsechs unnd dryßig heren vonn flychen
1069 852 2067 953 worten wegen, steter herdt von mßen
1100 910 2070 998 inne by minen a unnd olberen verclagt
1097 959 2088 1062 darumb sie er bfencklich inzogen, unnd mit
1128 1019 2040 1106 marter exammiert worden, es habe fil
1121 1061 2082 1169 aber uff zn dütlich nit befinden mögen
1112 1127 2111 1230 Inmaßen man Inn, Inn syn heimetigewißen
1100 1175 2061 1290 Wyl er aber sich glych widerumb zun diße
1128 1231 2074 1343 gegne glaßen, sie er volgents mit dem syo
1100 1285 2058 1381 Werweisenn worden, wye nun er uß dem
1130 1340 2028 1429 lnnd uff vei zu wellen sie er iun zu
1135 1384 2069 1487 gefallner Loubheyte by wyl warender kelte
1135 1451 2051 1537 byhinderlacken, uff einen Bärgganngen
1127 1489 2025 1591 vnnd daselbst dergstalten erfroren, Das
1140 1540 2027 1640 man Inn, widerumb hieher Inn die
1129 1591 2052 1699 Aunfel gfürt vnnd Im ime zechen gunst
1126 1659 2075 1752 gemeldten, abgehauwen vnnd syeerhernac
1140 1708 2092 1811 knnder zweyen malen dru Jar laung In
1157 1764 2075 1860 großen spital im Laubhüßli glegenn.
1147 1824 2070 1920 nach der ußlaßung hab er sich des All¬
1160 1872 2039 1976 mußens beholffen, habe znn großer
1165 1922 2126 2028 amseligkeyte sie auch unlangst zu meichen
1157 1992 2095 2088 eingen jun das fürgfallen unnd übelge
1151 2041 1585 2143 gschädigt worden.
1133 2129 2134 2269 fundtlichen ist imme gefaugnen fürghalten
1123 2209 2127 2298 worden, er habe inn aller gottloßheyt
1175 2269 2107 2375 es sie mit schwuren, vnnd sonst bruche auch
1177 2317 2154 2427 seltzame reeden, vonn erlichen h unnd per-
1165 2374 2178 2478 sonen, habe vnnder anderem ouch ußglaßen
1184 2432 2169 2529 er habe ein zug dem süffel vor dem unnd
1184 2489 2143 2589 Gottzbewar zu zefaren, bestelt vnnd fir
1180 2550 2149 2647 nun gh schnloheiß Wannel der stell,
1179 2584 1358 2685 hengst
