4000 3000
155 28 957 152 kranck worden sye, da aber sy gefan
158 87 993 193 dra zwar uf ein sybg ein trunckk geben
168 122 939 240 im selbigen aber allein wyn und
154 160 1003 294 einwöged zutrincken gebn geg
204 234 979 346 mnnach ald sy bfragt worden u
191 296 988 411 it uf ein byth mit etlichen ehrlichen
184 329 1006 448 wyberen uf der gfellschafft zun er
163 371 987 482 wegen antruncken und ein gloß fr
178 402 1021 518 eeig vortra jahr ghan ouch scusen
168 433 1000 572 Spüllers frowwen geredt, sy solle ire
151 490 1002 612 fryn ußtruncken, gangeltes süllerin
159 521 1018 648 hingegen getagt, der weyn sye nit i
201 557 1024 661 sonders gehöre fra gefangenen und
215 595 1002 697 söllichesmse einem schwruer bestätiget
190 635 1012 743 uf wellches sy Sarosonch mit seinem
200 682 985 789 rur, das das glofahs mit wynn
199 718 1002 828 ine ir sye beteüret und harufmrag
174 760 1011 882 Jacobs Frouw, so by dra getes geredten
178 801 1009 917 das were wol ein schandt erannse
216 859 1003 938 somewerent und keine denwy
203 888 1033 987 trincken wölte, hie mie einen bitbe
186 924 1013 1052 In das glaß gelegt und die ser
223 972 988 1062 sollch wyn ze trincken vernrant
235 1013 1014 1097 wellches sy spüllerin getgan, das be
224 1055 1023 1171 seeh undden wyn uff jr Sara Gy
167 1102 1023 1199 anhalter ufgetruncken, aber als
301 1142 1019 1221 baldtdaruf branuck wordenn
189 1191 1022 1282 unnd man ira gefangenen sollches
202 1226 1000 1309 r jar und tag kundt getgan gabe
201 1255 1008 1345 Hierüber hatt sy gesantwortet, wie
213 1307 1015 1393 das sy und ire nachtirenen etwas
223 1341 1017 1438 gelts ghanmit eianderen Zeuer¬
174 1396 1003 1483 trincken und alsman sy desmals
204 1428 1028 1507 doman solliches vseeren wöllenn
201 1474 967 1555 zum anderen mal berüftt, sye sr
218 1497 1026 1594 endtlich gangen, in den sy min dahin
218 1552 1021 1629 kommen habe die spüllesein iro ein
215 1588 1041 1668 glass zugestelt und gesagt, sy sölle seine
205 1624 1021 1723 dann sy syn spat kongen, da aber sy
219 1673 1026 1759 tra alsbalßt das glag wider zugessel
198 1719 1029 1790 undenuch dang daryn nit gethan
223 1754 1025 1826 also und anderst sye es nit ergangen
259 1804 1019 1890 enne btragt, ob nit uf ein yb
249 1871 1017 1948 einer gwis fröüwen als dieselbstch
212 1910 1036 1998 ira gelt onisich zu bescheidt gebenn
230 1960 1033 2041 sy gabe besintgelt, wann sy aber an
212 1995 1036 2076 nemmen, so wölle sy grosgesben, Drochin
202 2027 1038 2121 mit vierspfundt werden laßen, als sy
221 2072 1023 2150 nun sollch über das fürgeschenckt
203 2109 1038 2191 derselbig aber nit sieden wöllen sye d
215 2160 1038 2244 Jansge frau widerumb Ru Jragan
230 2195 1043 2282 sollenhaiß frader gefangenen angezeg
177 2239 1035 2336 und sye gefangene (sy vermandt wider
193 2290 1002 2371 umb genzegan, in dem sy nu
188 2306 1048 2399 wnderumb gedeubgangen, dan auch
203 2359 1047 2458 lang gesotffen, derselbign aber allein ein
182 2403 1050 2491 viertlin geben und sölliches grader sat
140 2464 1049 2546 iderumb vermehdet, habe sy sar
116 2504 1045 2600 gesprochen, sy sölle niemandt erwas
2027 33 2079 99 18
1117 59 2034 159 harnon sagen, wolle fraenandere mas
1135 103 2091 182 anckengeben, antwort, es habe gemelt
1130 153 2094 225 frau dra geäyet und jra für den lon
1118 182 2076 281 znvier oder finfmalen aufkenabge
1147 226 2003 303 orderet, on ihron desswegen zu hußs
1085 268 2078 342 geim kommen und ob glyig wsol sy ge
1142 314 2076 387 fangene jraange zeigt, das söllichr kneken
1166 345 2010 433 ar lirdt und sich nit ballen laßen
1092 369 2088 470 werde, habe sy doch tradenselben nachman
1100 427 2073 525 len geben meissen, dorby aber vermeldet
1147 469 2088 551 ras und wienel es geben werde, alsome
1147 508 2063 590 sölle sy ira darfür ezalen, das aber sy
1159 553 2065 634 gesaggt, sy sölle fürr schwygen, wölle ira
1154 592 2046 674 anderen sancfkeit geben, sye gantz nit
1193 638 1930 718 mahr, werde sich auch nit erfinden,
1073 698 2018 832 Item als zra fürgehalten wordenn.
1084 771 2078 885 ob nit Caspar Stotzer und sy uf ein syte
1157 808 1975 907 In veclans Rißen hußs y'sin, da sy
1141 851 2005 942 ime stotzern zeteinckeit, item zwey
1154 890 2070 985 öpffel küchle und imhalbe bachne schniter
1166 931 2067 1003 geben und als er daruon geetzen, er darob
1141 981 2079 1055 branck worden sye, Item ob nit hernach
1155 1014 2090 1091 gemelte gefangene zu gemeltem stotzern
1153 1052 2081 1138 In sin kelles wyn alda zereichenkommen
1142 1091 1988 1179 und als er sysangeredt, es sygendt etliche
1148 1129 2028 1212 lütg, welcge anzeigenst, sy sara habe
1165 1162 2038 1255 einer person zetrinnckent geben, das sy
1148 1214 2061 1294 darab ersanck worden sye und darby
1068 1250 1989 1358 Wybers angezeigt, er hasse alle zyten
1162 1290 2098 1365 gehördt, wan mine enem etwas bot gebe
1170 1336 2063 1412 könne sy es ime widerumb abnemmen
1154 1366 2117 1456 sy inneßarüber e die achsolen geschlagen
1148 1424 2067 1493 und gesprochen habe, ob er sy darfür halte
1147 1455 2106 1532 thmit gelachet und hinwesgggwöllen
1160 1506 2081 1570 er aber sy gerwiderub geschlagen vnd
1164 1534 2031 1616 volgendts gan laßsen, Harüber ist j
1147 1578 2053 1663 bescheidt, es synvfff ein zybh als sy unnd
1174 1634 2133 1697 andere eint bilt miteinanderen genothen
1157 1666 2034 1739 und ein tischwol sysaamen gsin, dahin
1160 1710 2067 1785 kommen und mit wyn rast befladen ysin
1171 1746 2028 1817 auch mit inen trencken sy aber im
1118 1797 2121 1859 weder eßen, noch trincken, vnd deßwegen
1137 1841 2125 1915 weder bot, noch guts geben, neben dem man
1144 1876 2116 1953 omalin ouch heineandere Kuchli, weder
1168 1915 2143 1995 Gasenöhrli ghan, habe ouch angerecte, noch
1155 1953 2100 2043 Lanßere gespräch mit imme stotzern nit
1174 2001 2088 2061 getriben darmandt Inne Stotzern zu
1177 2044 2086 2126 anderen Syben wol angeruet er aber
1190 2079 2081 2157 sich eines glychen gegenhro gebrucht
1184 2117 2071 2193 nd sy Ime meinalen einiges bozes
1123 2183 1658 2256 mit angetgan
1193 2221 2177 2301 gefragt, ob sy nit einer summermanne
1124 2272 2078 2351 ie suppen, sampt einem glasunb
1124 2309 2173 2398 Wercfgeben stabe, wellche dordb dranck
1091 2362 2101 2419 worden sye, antwort, sy habe zwar
1183 2430 2190 2478 derselben zimermannin, uf dero begären
