<?xml version="1.0" encoding="UTF-8" standalone="yes"?>
<PcGts xmlns="http://schema.primaresearch.org/PAGE/gts/pagecontent/2013-07-15" xmlns:xsi="http://www.w3.org/2001/XMLSchema-instance" xsi:schemaLocation="http://schema.primaresearch.org/PAGE/gts/pagecontent/2013-07-15 http://schema.primaresearch.org/PAGE/gts/pagecontent/2013-07-15/pagecontent.xsd">
    <Metadata>
        <Creator>prov=University of Rostock/Institute of Mathematics/CITlab|PLANET AI GmbH/Gundram Leifert/gundram.leifert@planet-ai.de:name=German_Kurrent_XVI-XVIII_M1(htr_id=19584)::::v=2.6.7
prov=University of Rostock/Institute of Mathematics/CITlab|PLANET AI GmbH/Tobias Gruening/tobias.gruening@planet-ai.de:name=de.uros.citlab.module.baseline2polygon.B2PSeamMultiOriented:v=2.6.7
prov=University of Rostock/Institute of Mathematics/CITlab|PLANET AI GmbH/Gundram Leifert/gundram.leifert@planet-ai.de:name=Turmbücher_StaBe_3_A.Funk(htr_id=27278)::::v=2.6.7
prov=University of Rostock/Institute of Mathematics/CITlab|PLANET AI GmbH/Tobias Gruening/tobias.gruening@planet-ai.de:name=de.uros.citlab.module.baseline2polygon.B2PSeamMultiOriented:v=2.6.7
prov=University of Rostock/Institute of Mathematics/CITlab|PLANET AI GmbH/Tobias Gruening/tobias.gruening@planet-ai.de:name=/net_tf/LA73_249_0mod360.pb:de.uros.citlab.segmentation.CITlab_LA_ML:v=2.6.6
Transkribus</Creator>
        <Created>2020-10-03T12:26:18.531+02:00</Created>
        <LastChange>2022-09-12T14:21:48.190+02:00</LastChange>
        <TranskribusMetadata docId="1334811" pageId="52358840" pageNr="31" tsid="114640552" status="IN_PROGRESS" userId="9570" imgUrl="https://files.transkribus.eu/Get?id=BAOFURFLXANHYUXQVHPZSOCF&amp;fileType=view" xmlUrl="https://files.transkribus.eu/Get?id=PNSKNPPHAHCAALMNATONSGEL" imageId="15997814"/>
    </Metadata>
    <Page imageFilename="BIX461_33.1v,33.2r.jpg" imageWidth="4000" imageHeight="3000">
        <ReadingOrder>
            <OrderedGroup id="ro_1687513814539" caption="Regions reading order">
                <RegionRefIndexed index="0" regionRef="r1"/>
                <RegionRefIndexed index="1" regionRef="r2"/>
                <RegionRefIndexed index="2" regionRef="r3"/>
                <RegionRefIndexed index="3" regionRef="r4"/>
            </OrderedGroup>
        </ReadingOrder>
        <TextRegion orientation="0.0" id="r1" custom="readingOrder {index:0;}">
            <Coords points="89,104 89,2451 977,2451 977,104"/>
            <TextLine id="r1l1" custom="readingOrder {index:0;}">
                <Coords points="134,164 311,159 347,188 416,149 576,165 669,127 922,172 919,106 887,121 826,67 705,100 652,67 317,124 133,116"/>
                <Baseline points="141,162 179,161 218,158 257,156 295,152 334,149 373,145 411,141 450,137 489,133 528,129 566,128 605,125 644,125 682,125 721,125 760,127 798,132 837,138 876,145 915,155"/>
                <TextEquiv>
                    <Unicode>Darübergigt er zubscheid, wie das er</Unicode>
                </TextEquiv>
            </TextLine>
            <TextLine id="r1l2" custom="readingOrder {index:1;}">
                <Coords points="919,168 925,170 938,195 958,201 983,132 970,127 960,128 958,125 951,127 936,122"/>
                <Baseline points="930,156 963,168"/>
                <TextEquiv>
                    <Unicode></Unicode>
                </TextEquiv>
            </TextLine>
            <TextLine id="r1l3" custom="readingOrder {index:2;}">
                <Coords points="127,233 191,256 346,195 583,202 622,175 742,211 982,219 981,185 747,132 621,130 580,163 448,150 378,180 336,156 126,177"/>
                <Baseline points="132,210 174,207 216,204 258,200 300,197 342,192 384,190 427,186 469,184 511,182 553,179 595,179 637,177 679,177 722,179 764,180 806,183 848,186 890,192 932,198 975,206"/>
                <TextEquiv>
                    <Unicode>Silzemk worte brucht, das bescheche ales</Unicode>
                </TextEquiv>
            </TextLine>
            <TextLine id="r1l4" custom="readingOrder {index:3;}">
                <Coords points="157,286 411,239 441,262 544,226 620,261 675,229 792,234 978,296 977,251 893,212 635,180 377,220 347,195 157,243"/>
                <Baseline points="164,264 204,258 244,254 285,249 325,243 365,240 406,235 446,232 486,229 527,227 567,225 607,224 648,224 688,225 728,227 769,230 809,235 849,241 890,249 930,258 971,270"/>
                <TextEquiv>
                    <Unicode>Anlaß, der jennigen personnen hyin</Unicode>
                </TextEquiv>
            </TextLine>
            <TextLine id="r1l5" custom="readingOrder {index:4;}">
                <Coords points="735,257 743,257 746,260 753,263 762,263 762,232 753,232 750,229 743,233 735,233"/>
                <Baseline points="741,251 756,251"/>
                <TextEquiv>
                    <Unicode></Unicode>
                </TextEquiv>
            </TextLine>
            <TextLine id="r1l6" custom="readingOrder {index:5;}">
                <Coords points="173,325 667,281 834,324 886,297 983,357 982,270 944,295 794,235 758,263 681,229 627,261 411,239 373,272 255,264 172,299"/>
                <Baseline points="179,315 218,310 258,305 298,299 338,294 378,289 418,285 458,281 498,278 538,275 578,273 617,273 657,273 697,275 737,277 777,281 817,286 857,293 897,300 937,309 977,321"/>
                <TextEquiv>
                    <Unicode>ersihebe aulh voltetweas zy o zm wd</Unicode>
                </TextEquiv>
            </TextLine>
            <TextLine id="r1l7" custom="readingOrder {index:6;}">
                <Coords points="177,396 365,353 412,375 449,338 529,356 560,329 655,366 729,338 761,367 787,342 848,374 882,353 949,376 965,342 884,297 832,322 551,279 445,318 381,295 176,338"/>
                <Baseline points="182,366 220,362 259,355 298,350 337,344 376,339 415,334 453,330 492,327 531,324 570,323 609,321 648,321 687,322 725,323 764,327 803,331 842,336 881,343 920,352 959,362"/>
                <TextEquiv>
                    <Unicode>hist zu uchser uff beschrichene frag von</Unicode>
                </TextEquiv>
            </TextLine>
            <TextLine id="r1l8" custom="readingOrder {index:7;}">
                <Coords points="164,437 230,421 264,447 412,391 496,430 640,415 688,379 970,431 969,367 925,390 621,331 511,364 447,339 404,377 365,352 201,406 163,390"/>
                <Baseline points="170,419 209,414 249,409 288,404 328,400 368,394 407,390 447,387 487,383 526,381 566,378 606,377 645,375 685,376 725,377 764,379 804,383 844,387 883,393 923,401 963,410"/>
                <TextEquiv>
                    <Unicode>vüegehaltenen zug gredt zwar mer </Unicode>
                </TextEquiv>
            </TextLine>
            <TextLine id="r1l9" custom="readingOrder {index:8;}">
                <Coords points="166,474 395,477 730,428 970,486 944,412 820,420 778,389 517,422 412,391 288,441 165,437"/>
                <Baseline points="171,461 210,459 250,457 289,454 329,450 369,446 408,442 448,438 487,434 527,431 567,428 606,426 646,425 685,425 725,425 765,426 804,430 844,434 883,440 923,448 963,458"/>
                <TextEquiv>
                    <Unicode>Schuldtheißen nemen nit brucht, ab</Unicode>
                </TextEquiv>
            </TextLine>
            <TextLine id="r1l10" custom="readingOrder {index:9;} place {offset:11; length:6;}">
                <Coords points="165,536 227,519 264,545 354,507 503,521 552,488 633,516 756,495 784,519 835,489 946,528 956,487 731,429 399,478 163,471"/>
                <Baseline points="170,513 209,510 248,509 287,505 326,502 365,497 404,493 443,489 482,486 521,483 560,480 599,478 638,477 677,477 716,477 755,479 794,482 833,486 872,493 911,499 950,509"/>
                <TextEquiv>
                    <Unicode>des h vonn Spietz, das sie gm aben</Unicode>
                </TextEquiv>
            </TextLine>
            <TextLine id="r1l11" custom="readingOrder {index:10;}">
                <Coords points="179,574 382,559 422,593 568,550 641,607 725,551 781,574 823,547 930,608 966,590 965,540 829,489 790,521 756,495 732,517 564,500 395,531 356,508 270,546 179,535"/>
                <Baseline points="185,563 223,561 262,560 301,558 340,554 378,550 417,547 456,543 495,540 533,536 572,534 611,532 650,530 688,530 727,531 766,533 805,538 843,542 882,550 921,559 960,570"/>
                <TextEquiv>
                    <Unicode>sitet, derfallen frungenlich umbge</Unicode>
                </TextEquiv>
            </TextLine>
            <TextLine id="r1l12" custom="readingOrder {index:11;}">
                <Coords points="173,656 337,623 387,639 420,616 451,640 479,611 521,635 554,617 550,567 479,584 439,570 424,587 381,559 327,581 269,562 247,586 224,589 166,572"/>
                <Baseline points="176,617 202,618 228,618 255,617 281,615 307,613 334,611 360,608 386,606 413,602 439,600 465,598 492,596 518,594 545,593"/>
                <TextEquiv>
                    <Unicode>unnd verzochung,</Unicode>
                </TextEquiv>
            </TextLine>
            <TextLine id="r1l13" custom="readingOrder {index:12;}">
                <Coords points="142,765 328,724 460,748 532,714 619,749 680,699 848,702 942,738 939,619 820,603 713,663 548,617 460,674 387,650 273,690 201,658 141,702"/>
                <Baseline points="147,716 186,713 225,711 265,707 304,703 344,699 383,696 422,692 462,689 501,686 541,684 580,681 619,680 659,680 698,680 738,682 777,686 816,689 856,694 895,702 935,710"/>
                <TextEquiv>
                    <Unicode>It einmallehr fzogen worden,</Unicode>
                </TextEquiv>
            </TextLine>
            <TextLine id="r1l14" custom="readingOrder {index:13;} person {offset:5; length:22; continued:true;}">
                <Coords points="154,908 721,855 964,886 962,812 916,786 669,760 640,786 558,774 489,820 207,653 149,680"/>
                <Baseline points="159,870 198,872 238,873 278,873 318,872 358,870 398,867 438,864 478,861 518,859 558,857 597,854 637,852 677,849 717,849 757,850 797,851 837,855 877,859 917,866 957,873"/>
                <TextEquiv>
                    <Unicode>Dser Hanns Rodt Wyler Lamd¬</Unicode>
                </TextEquiv>
            </TextLine>
            <TextLine id="r1l15" custom="readingOrder {index:14;} person {offset:0; length:15; continued:true;}">
                <Coords points="171,959 339,924 545,937 602,911 642,936 701,905 736,930 950,938 935,882 837,863 791,892 723,855 649,887 566,866 170,908"/>
                <Baseline points="176,932 214,930 252,929 291,926 329,923 368,921 406,918 444,915 483,912 521,910 560,908 598,906 636,906 675,905 713,905 752,906 790,908 828,912 867,916 905,921 944,929"/>
                <TextEquiv>
                    <Unicode>hochenn Allters. Ouch vor etwas Jahre</Unicode>
                </TextEquiv>
            </TextLine>
            <TextLine id="r1l16" custom="readingOrder {index:15;}">
                <Coords points="174,1002 401,967 429,989 534,972 567,998 618,962 665,996 758,963 972,996 972,949 760,946 702,905 648,943 604,909 540,940 342,924 173,958"/>
                <Baseline points="179,975 218,975 257,974 297,972 336,970 375,968 415,966 454,964 493,962 533,960 572,959 611,957 651,956 690,956 729,956 769,958 808,960 847,963 887,968 926,973 966,980"/>
                <TextEquiv>
                    <Unicode>Laub, vnnd vnsinnig gsin, so Imme nocht</Unicode>
                </TextEquiv>
            </TextLine>
            <TextLine id="r1l17" custom="readingOrder {index:16;}">
                <Coords points="177,1051 256,1055 288,1028 548,1037 584,1012 963,1041 962,988 756,965 666,999 619,962 579,998 533,972 447,994 393,968 176,1003"/>
                <Baseline points="182,1031 220,1029 259,1026 298,1024 336,1022 375,1019 414,1017 452,1016 491,1014 530,1011 569,1010 607,1010 646,1008 685,1008 723,1009 762,1010 801,1011 839,1014 878,1017 917,1022 956,1026"/>
                <TextEquiv>
                    <Unicode>schängig, damit den Lanndtluten so</Unicode>
                </TextEquiv>
            </TextLine>
            <TextLine id="r1l18" custom="readingOrder {index:17;}">
                <Coords points="207,1086 269,1073 325,1094 365,1068 410,1102 456,1069 549,1086 741,1064 784,1092 885,1092 925,1086 924,1028 863,1048 813,1017 777,1040 584,1012 540,1041 206,1039"/>
                <Baseline points="213,1076 248,1074 283,1073 318,1070 354,1068 389,1067 424,1065 459,1064 495,1062 530,1061 565,1061 600,1059 636,1059 671,1059 706,1061 741,1061 777,1063 812,1065 847,1068 882,1072 918,1076"/>
                <TextEquiv>
                    <Unicode>inethalben erclagt, durchs für kei¬</Unicode>
                </TextEquiv>
            </TextLine>
            <TextLine id="r1l19" custom="readingOrder {index:18;}">
                <Coords points="195,1152 308,1126 443,1156 564,1117 601,1137 936,1128 935,1095 800,1076 782,1096 742,1064 679,1087 646,1065 609,1091 451,1069 409,1102 365,1068 325,1104 270,1073 194,1088"/>
                <Baseline points="201,1128 237,1127 273,1124 310,1122 346,1120 383,1118 419,1116 455,1115 492,1113 528,1112 565,1112 601,1112 637,1110 674,1112 710,1112 747,1112 783,1114 819,1116 856,1118 892,1121 929,1124"/>
                <TextEquiv>
                    <Unicode>schadenn zugfügt werde. Ist ihun ein</Unicode>
                </TextEquiv>
            </TextLine>
            <TextLine id="r1l20" custom="readingOrder {index:19;}">
                <Coords points="185,1183 376,1209 472,1162 555,1190 646,1161 718,1195 768,1164 959,1194 968,1156 922,1125 875,1145 678,1119 637,1144 567,1117 448,1152 307,1126 184,1153"/>
                <Baseline points="191,1173 229,1172 268,1170 306,1169 345,1167 383,1166 422,1164 460,1163 499,1161 537,1160 576,1160 615,1158 653,1158 692,1158 730,1160 769,1161 807,1163 846,1166 884,1170 923,1175 962,1181"/>
                <TextEquiv>
                    <Unicode>Gubhüstli im großenn spitaliarkenn</Unicode>
                </TextEquiv>
            </TextLine>
            <TextLine id="r1l21" custom="readingOrder {index:20;}">
                <Coords points="86,1259 361,1215 448,1249 519,1217 963,1240 963,1208 829,1167 721,1196 645,1161 554,1191 472,1162 409,1202 382,1178 280,1202 255,1177 86,1202"/>
                <Baseline points="93,1218 136,1220 179,1220 222,1220 265,1218 309,1218 352,1217 395,1216 438,1215 481,1212 525,1212 568,1211 611,1211 654,1211 697,1211 741,1212 784,1215 827,1218 870,1221 913,1225 957,1232"/>
                <TextEquiv>
                    <Unicode>ordenn, allso das er unntziz zu eine</Unicode>
                </TextEquiv>
            </TextLine>
            <TextLine id="r1l22" custom="readingOrder {index:21;}">
                <Coords points="201,1278 479,1309 579,1277 716,1277 755,1304 909,1318 974,1294 975,1255 784,1222 592,1254 523,1217 447,1250 353,1219 201,1251"/>
                <Baseline points="207,1271 245,1271 283,1269 321,1269 359,1268 397,1268 435,1266 473,1266 511,1265 549,1265 587,1265 625,1265 663,1265 701,1266 739,1267 777,1268 815,1270 853,1273 891,1276 929,1279 968,1284"/>
                <TextEquiv>
                    <Unicode>ies läbenns, darunn endthalten were</Unicode>
                </TextEquiv>
            </TextLine>
            <TextLine id="r1l23" custom="readingOrder {index:22;}">
                <Coords points="181,1337 196,1336 199,1332 211,1337 224,1325 240,1331 262,1324 272,1333 290,1331 289,1278 263,1280 257,1276 248,1283 227,1274 206,1279 198,1271 192,1276 189,1273 178,1276"/>
                <Baseline points="186,1320 219,1319 252,1316 285,1317"/>
                <TextEquiv>
                    <Unicode>solle</Unicode>
                </TextEquiv>
            </TextLine>
            <TextLine id="r1l24" custom="readingOrder {index:23;} person {offset:0; length:13;}">
                <Coords points="189,1469 316,1515 469,1502 513,1531 549,1511 679,1529 736,1506 836,1541 886,1513 947,1522 951,1423 856,1433 660,1350 549,1424 470,1419 387,1342 191,1407"/>
                <Baseline points="195,1467 232,1474 269,1479 307,1485 344,1490 381,1493 419,1496 456,1497 493,1499 531,1500 568,1502 605,1502 643,1502 680,1502 717,1502 755,1502 792,1503 829,1503 867,1503 904,1504 942,1505"/>
                <TextEquiv>
                    <Unicode>dargeel Blaus</Unicode>
                </TextEquiv>
            </TextLine>
            <TextLine id="r1l25" custom="readingOrder {index:24;}">
                <Coords points="389,1564 429,1560 469,1587 489,1576 511,1594 565,1569 661,1589 702,1570 772,1590 774,1525 734,1505 703,1529 644,1512 581,1532 513,1533 468,1503 439,1522 389,1526"/>
                <Baseline points="395,1554 421,1554 448,1556 474,1556 501,1557 527,1558 554,1559 581,1559 607,1560 634,1561 660,1562 687,1562 713,1562 740,1562 767,1562"/>
                <TextEquiv>
                    <Unicode>vorgemellt.</Unicode>
                </TextEquiv>
            </TextLine>
            <TextLine id="r1l26" custom="readingOrder {index:25;}">
                <Coords points="104,1664 432,1663 516,1695 570,1663 660,1691 817,1673 864,1704 900,1675 977,1678 978,1652 830,1580 440,1632 342,1571 235,1609 157,1561 106,1574"/>
                <Baseline points="111,1637 154,1640 197,1643 240,1646 283,1648 326,1650 369,1652 412,1655 455,1656 498,1656 541,1658 584,1659 627,1661 670,1661 713,1661 756,1662 799,1662 842,1662 885,1662 928,1662 971,1662"/>
                <TextEquiv>
                    <Unicode>Wyl sy ein arme Corhaffte personkun</Unicode>
                </TextEquiv>
            </TextLine>
            <TextLine id="r1l27" custom="readingOrder {index:26;}">
                <Coords points="176,1710 742,1726 852,1756 878,1732 971,1737 973,1684 938,1668 860,1708 818,1673 760,1674 707,1707 608,1698 574,1663 516,1699 433,1663 340,1688 178,1657"/>
                <Baseline points="183,1694 222,1697 261,1699 300,1702 339,1704 378,1706 417,1707 456,1709 495,1710 534,1712 574,1713 613,1713 652,1715 691,1715 730,1716 769,1718 808,1718 847,1719 886,1720 925,1721 965,1722"/>
                <TextEquiv>
                    <Unicode>derhalbenn vff Ire reedenn nitzit zusetzen</Unicode>
                </TextEquiv>
            </TextLine>
            <TextLine id="r1l28" custom="readingOrder {index:27;}">
                <Coords points="172,1774 323,1755 411,1762 439,1790 624,1764 659,1796 709,1772 884,1793 948,1776 949,1753 878,1731 811,1760 742,1726 586,1747 544,1715 365,1738 306,1707 245,1729 175,1708"/>
                <Baseline points="180,1742 218,1744 256,1746 294,1748 332,1749 370,1752 408,1752 446,1755 484,1757 522,1758 560,1760 598,1761 636,1763 674,1764 712,1766 750,1767 788,1769 826,1770 864,1770 902,1772 941,1772"/>
                <TextEquiv>
                    <Unicode>der gfanngenschafft erlaßen, vnnd ver¬</Unicode>
                </TextEquiv>
            </TextLine>
            <TextLine id="r1l29" custom="readingOrder {index:28;}">
                <Coords points="193,1806 523,1813 600,1846 637,1821 699,1842 936,1834 937,1782 893,1800 857,1773 779,1772 745,1799 710,1773 660,1798 621,1764 490,1793 323,1755 289,1786 195,1775"/>
                <Baseline points="200,1794 236,1795 273,1796 309,1797 346,1800 382,1800 419,1803 455,1805 492,1807 528,1808 565,1809 601,1812 638,1813 674,1815 711,1817 747,1817 784,1818 820,1820 857,1820 893,1820 930,1820"/>
                <TextEquiv>
                    <Unicode>emannt wordenn, sich fürhin der statt</Unicode>
                </TextEquiv>
            </TextLine>
            <TextLine id="r1l30" custom="readingOrder {index:29;}">
                <Coords points="184,1865 430,1883 454,1864 633,1897 683,1877 732,1905 813,1881 956,1895 944,1829 777,1823 726,1855 635,1820 577,1849 523,1813 356,1832 326,1801 258,1818 188,1794"/>
                <Baseline points="192,1841 231,1842 271,1843 311,1845 351,1847 391,1849 431,1851 471,1855 511,1857 551,1860 591,1863 631,1865 671,1868 711,1869 751,1871 791,1872 831,1872 871,1872 911,1872 951,1871"/>
                <TextEquiv>
                    <Unicode>zuendtziechen, vnnd anheinisch zublyben</Unicode>
                </TextEquiv>
            </TextLine>
            <TextLine id="r1l31" custom="readingOrder {index:30;}">
                <Coords points="262,2026 412,2025 445,2050 551,2032 578,2054 605,2033 647,2061 742,2045 825,2083 869,2054 905,2082 930,1910 851,1909 720,1953 645,1895 607,1916 439,1913 345,1862 270,1895"/>
                <Baseline points="270,2003 302,2006 334,2007 367,2010 399,2013 431,2016 464,2019 496,2021 528,2025 561,2027 593,2029 625,2031 658,2034 690,2036 722,2037 755,2038 787,2039 819,2039 852,2038 884,2037 917,2034"/>
                <TextEquiv>
                    <Unicode>Eibels diessis</Unicode>
                </TextEquiv>
            </TextLine>
            <TextLine id="r1l32" custom="readingOrder {index:31;} place {offset:5; length:9;}">
                <Coords points="367,2081 476,2085 646,2120 692,2108 770,2134 803,2118 808,2052 786,2042 756,2061 741,2045 719,2060 675,2047 599,2072 553,2033 523,2052 457,2056 405,2024 370,2042"/>
                <Baseline points="374,2067 400,2070 427,2072 453,2075 480,2078 506,2081 533,2084 559,2086 586,2088 612,2091 639,2093 665,2095 692,2096 718,2097 745,2097 771,2097 798,2096"/>
                <TextEquiv>
                    <Unicode>Vonn Burgdorff</Unicode>
                </TextEquiv>
            </TextLine>
            <TextLine id="r1l33" custom="readingOrder {index:32;}">
                <Coords points="831,2114 838,2113 847,2121 851,2121 863,2111 875,2118 887,2116 882,2052 876,2052 870,2059 860,2061 857,2065 853,2065 845,2058 827,2061"/>
                <Baseline points="836,2099 879,2096"/>
                <TextEquiv>
                    <Unicode></Unicode>
                </TextEquiv>
            </TextLine>
            <TextLine id="r1l34" custom="readingOrder {index:33;}">
                <Coords points="114,2180 191,2166 251,2206 286,2183 330,2222 388,2197 771,2257 949,2231 953,2183 849,2142 801,2174 715,2157 652,2186 619,2159 471,2165 390,2119 287,2155 188,2074 121,2096"/>
                <Baseline points="123,2156 164,2161 205,2166 246,2171 287,2177 328,2181 369,2187 410,2193 451,2197 492,2203 533,2207 574,2211 615,2216 656,2219 697,2221 738,2222 779,2223 820,2223 861,2221 902,2220 944,2216"/>
                <TextEquiv>
                    <Unicode>Wägenn sy sich mit vier unnderschidliche</Unicode>
                </TextEquiv>
            </TextLine>
            <TextLine id="r1l35" custom="readingOrder {index:34;}">
                <Coords points="147,2232 635,2289 937,2291 940,2250 876,2228 754,2260 603,2216 534,2242 489,2206 423,2229 378,2197 336,2223 223,2201 191,2166 151,2178"/>
                <Baseline points="155,2214 193,2218 232,2222 271,2227 310,2231 349,2236 388,2241 426,2245 465,2249 504,2254 543,2258 582,2262 621,2265 660,2267 698,2270 737,2273 776,2273 815,2273 854,2273 893,2272 932,2270"/>
                <TextEquiv>
                    <Unicode>personenn, inn Wercken vppiger hart</Unicode>
                </TextEquiv>
            </TextLine>
            <TextLine id="r1l36" custom="readingOrder {index:35;}">
                <Coords points="163,2276 572,2323 607,2353 677,2325 706,2356 912,2333 959,2311 962,2280 842,2309 795,2278 658,2271 611,2303 574,2265 167,2237"/>
                <Baseline points="171,2267 210,2271 249,2274 288,2279 327,2285 366,2290 405,2295 444,2300 483,2305 522,2309 562,2314 601,2319 640,2322 679,2325 718,2326 757,2327 796,2327 835,2325 874,2322 913,2318 953,2312"/>
                <TextEquiv>
                    <Unicode>befleckt, vnnd versundigt, vff Gnadmm</Unicode>
                </TextEquiv>
            </TextLine>
            <TextLine id="r1l37" custom="readingOrder {index:36;}">
                <Coords points="162,2327 275,2325 412,2375 561,2365 650,2408 754,2380 895,2416 955,2379 959,2339 755,2333 707,2358 674,2325 627,2356 568,2322 479,2311 445,2333 228,2275 166,2283"/>
                <Baseline points="170,2313 209,2318 248,2323 287,2329 326,2333 365,2339 404,2345 443,2351 482,2356 521,2360 560,2365 599,2370 638,2373 677,2376 716,2378 755,2379 794,2379 833,2378 872,2375 911,2371 950,2366"/>
                <TextEquiv>
                    <Unicode>4f herren inn die angestelte züchtig</Unicode>
                </TextEquiv>
            </TextLine>
            <TextLine id="r1l38" custom="readingOrder {index:37;}">
                <Coords points="151,2380 247,2375 580,2454 633,2432 926,2442 957,2381 899,2416 753,2380 645,2408 561,2365 518,2393 276,2325 155,2333"/>
                <Baseline points="159,2363 198,2367 237,2371 277,2376 316,2382 356,2387 395,2393 434,2398 474,2404 513,2409 553,2415 592,2420 631,2423 671,2427 710,2429 750,2431 789,2432 828,2432 868,2429 907,2427 947,2421"/>
                <TextEquiv>
                    <Unicode>Das Schallenwerck genannt, erkenn</Unicode>
                </TextEquiv>
            </TextLine>
            <TextLine id="r1l39" custom="readingOrder {index:38;}">
                <Coords points="81,2430 149,2431 172,2444 224,2436 249,2461 301,2444 346,2476 377,2473 381,2422 354,2409 332,2415 295,2398 270,2406 234,2374 204,2389 179,2371 157,2381 127,2350 115,2355 88,2341"/>
                <Baseline points="89,2415 114,2415 140,2417 166,2418 192,2419 218,2421 244,2423 270,2426 296,2429 322,2433 348,2435 374,2439"/>
                <TextEquiv>
                    <Unicode>wordenn.</Unicode>
                </TextEquiv>
            </TextLine>
            <TextEquiv>
                <Unicode>Darübergigt er zubscheid, wie das er

Silzemk worte brucht, das bescheche ales
Anlaß, der jennigen personnen hyin

ersihebe aulh voltetweas zy o zm wd
hist zu uchser uff beschrichene frag von
vüegehaltenen zug gredt zwar mer 
Schuldtheißen nemen nit brucht, ab
des h vonn Spietz, das sie gm aben
sitet, derfallen frungenlich umbge
unnd verzochung,
It einmallehr fzogen worden,
Dser Hanns Rodt Wyler Lamd¬
hochenn Allters. Ouch vor etwas Jahre
Laub, vnnd vnsinnig gsin, so Imme nocht
schängig, damit den Lanndtluten so
inethalben erclagt, durchs für kei¬
schadenn zugfügt werde. Ist ihun ein
Gubhüstli im großenn spitaliarkenn
ordenn, allso das er unntziz zu eine
ies läbenns, darunn endthalten were
solle
dargeel Blaus
vorgemellt.
Wyl sy ein arme Corhaffte personkun
derhalbenn vff Ire reedenn nitzit zusetzen
der gfanngenschafft erlaßen, vnnd ver¬
emannt wordenn, sich fürhin der statt
zuendtziechen, vnnd anheinisch zublyben
Eibels diessis
Vonn Burgdorff

Wägenn sy sich mit vier unnderschidliche
personenn, inn Wercken vppiger hart
befleckt, vnnd versundigt, vff Gnadmm
4f herren inn die angestelte züchtig
Das Schallenwerck genannt, erkenn
wordenn.</Unicode>
            </TextEquiv>
        </TextRegion>
        <TextRegion orientation="0.0" id="r2" custom="readingOrder {index:1;}">
            <Coords points="999,1400 999,1550 1029,1550 1029,1400"/>
            <TextLine id="r2l1" custom="readingOrder {index:0;}">
                <Coords points="993,1525 1008,1526 1014,1532 1022,1527 1036,1526 1036,1464 1029,1464 1019,1455 1014,1455 1011,1458 1000,1448 993,1449"/>
                <Baseline points="999,1500 1029,1500"/>
                <TextEquiv>
                    <Unicode></Unicode>
                </TextEquiv>
            </TextLine>
            <TextEquiv>
                <Unicode></Unicode>
            </TextEquiv>
        </TextRegion>
        <TextRegion orientation="0.0" id="r3" custom="readingOrder {index:2;}">
            <Coords points="1011,241 1011,391 1026,391 1026,241"/>
            <TextLine id="r3l1" custom="readingOrder {index:0;}">
                <Coords points="1004,372 1013,372 1016,369 1024,378 1032,378 1032,311 1023,312 1017,310 1011,315 1004,315"/>
                <Baseline points="1011,341 1026,341"/>
                <TextEquiv>
                    <Unicode></Unicode>
                </TextEquiv>
            </TextLine>
            <TextEquiv>
                <Unicode></Unicode>
            </TextEquiv>
        </TextRegion>
        <TextRegion orientation="0.0" id="r4" custom="readingOrder {index:3;}">
            <Coords points="1056,31 1056,2813 2093,2813 2093,31"/>
            <TextLine id="r4l1" custom="readingOrder {index:0;}">
                <Coords points="2001,80 2018,83 2032,70 2045,77 2062,69 2067,72 2089,70 2083,15 2074,16 2065,26 2051,21 2041,28 2020,21 2007,32 1996,33"/>
                <Baseline points="2006,62 2031,59 2056,58 2081,53"/>
                <TextEquiv>
                    <Unicode>33</Unicode>
                </TextEquiv>
            </TextLine>
            <TextLine id="r4l2" custom="readingOrder {index:1;} person {offset:0; length:14; continued:true;}">
                <Coords points="1079,203 1188,246 1333,189 1533,168 1670,219 1765,171 1957,191 2019,165 2015,97 1870,81 1675,117 1626,91 1575,145 1513,93 1305,131 1220,109 1176,156 1078,177"/>
                <Baseline points="1086,215 1132,208 1178,203 1224,197 1271,192 1317,187 1363,183 1410,178 1456,174 1502,171 1549,168 1595,166 1641,164 1687,162 1734,161 1780,161 1826,159 1873,159 1919,161 1965,161 2012,162"/>
                <TextEquiv>
                    <Unicode>Huniseasparvon</Unicode>
                </TextEquiv>
            </TextLine>
            <TextLine id="r4l3" custom="readingOrder {index:2;} person {offset:0; length:7; continued:true;}">
                <Coords points="1297,284 1349,290 1389,257 1479,247 1531,266 1556,254 1594,282 1656,248 1655,222 1627,206 1555,201 1528,177 1468,189 1441,210 1421,201 1385,215 1335,190 1314,204 1294,200"/>
                <Baseline points="1302,248 1328,248 1355,249 1382,248 1409,246 1435,245 1462,242 1489,240 1516,239 1542,237 1569,237 1596,239 1623,241 1650,243"/>
                <TextEquiv>
                    <Unicode>Beclwyl</Unicode>
                </TextEquiv>
            </TextLine>
            <TextLine id="r4l4" custom="readingOrder {index:3;}">
                <Coords points="1106,364 1565,326 2044,342 2015,246 1905,298 1826,250 1683,261 1615,302 1384,265 1344,297 1214,280 1104,308"/>
                <Baseline points="1113,363 1159,356 1205,349 1251,343 1297,338 1344,334 1390,331 1436,328 1482,327 1528,326 1575,324 1621,324 1667,323 1713,323 1759,323 1806,323 1852,323 1898,321 1944,321 1990,320 2037,318"/>
                <TextEquiv>
                    <Unicode>demnach uff Frytag denn 21. nouenbr.</Unicode>
                </TextEquiv>
            </TextLine>
            <TextLine id="r4l5" custom="readingOrder {index:4;}">
                <Coords points="1116,418 1457,409 1587,374 1644,399 1692,371 1755,407 1834,370 2005,413 2034,382 2100,390 2099,355 1566,326 1114,368"/>
                <Baseline points="1122,408 1170,401 1219,394 1267,389 1316,384 1364,380 1413,376 1461,374 1510,371 1558,369 1607,368 1656,368 1704,366 1753,366 1801,366 1850,368 1898,368 1947,369 1995,370 2044,371 2093,372"/>
                <TextEquiv>
                    <Unicode>Dns 1617 jars uß benelen muner g herren</Unicode>
                </TextEquiv>
            </TextLine>
            <TextLine id="r4l6" custom="readingOrder {index:5;} person {offset:16; length:11;}">
                <Coords points="1050,468 1285,465 1388,428 2005,432 2003,402 1910,366 1872,398 1506,379 1458,408 1258,394 1049,434"/>
                <Baseline points="1056,456 1103,450 1150,445 1197,441 1244,437 1291,434 1338,429 1385,426 1432,423 1479,422 1527,419 1574,417 1621,416 1668,416 1715,414 1762,414 1809,416 1856,416 1903,417 1950,419 1998,422"/>
                <TextEquiv>
                    <Unicode>Vnnd Ohbaren S. DamelTerber, des</Unicode>
                </TextEquiv>
            </TextLine>
            <TextLine id="r4l7" custom="readingOrder {index:6;} organization {offset:0; length:14;} person {offset:17; length:13;}">
                <Coords points="1086,516 1352,512 1389,480 1444,500 1521,476 1607,511 1671,471 1824,469 1890,499 1965,473 1955,441 1706,419 1668,446 1347,431 1285,465 1085,474"/>
                <Baseline points="1092,504 1135,498 1178,492 1221,487 1265,482 1308,479 1351,476 1395,473 1438,471 1481,468 1525,467 1568,467 1611,466 1654,465 1698,465 1741,465 1784,465 1828,465 1871,465 1914,465 1958,465"/>
                <TextEquiv>
                    <Unicode>pleiinen Rhats H Johanns Meyer</Unicode>
                </TextEquiv>
            </TextLine>
            <TextLine id="r4l8" custom="readingOrder {index:7;} person {offset:25; length:9; continued:true;}">
                <Coords points="1106,579 1293,530 1499,556 1654,523 1766,547 1853,514 2064,535 2063,477 1985,497 1948,468 1879,499 1824,469 1670,471 1597,505 1535,471 1460,505 1410,478 1341,515 1104,516"/>
                <Baseline points="1112,546 1159,541 1206,537 1253,533 1301,530 1348,527 1395,524 1442,522 1490,520 1537,519 1584,518 1631,516 1679,516 1726,515 1773,515 1820,515 1868,515 1915,515 1962,515 2009,513 2057,513"/>
                <TextEquiv>
                    <Unicode>Predigeennt alhie unnd h Burckhart</Unicode>
                </TextEquiv>
            </TextLine>
            <TextLine id="r4l9" custom="readingOrder {index:8;} person {offset:0; length:7; continued:true;} person {offset:29; length:4; continued:true;}">
                <Coords points="1068,637 1218,621 1276,580 1552,606 1630,570 2085,581 2084,549 1849,515 1781,551 1692,521 1066,571"/>
                <Baseline points="1073,600 1123,594 1173,590 1223,585 1274,582 1324,579 1374,575 1424,573 1475,571 1525,569 1575,567 1625,567 1676,566 1726,566 1776,564 1826,564 1877,564 1927,564 1977,564 2027,564 2078,564"/>
                <TextEquiv>
                    <Unicode>Fischer Grogweybel, Junckern Hann</Unicode>
                </TextEquiv>
            </TextLine>
            <TextLine id="r4l10" custom="readingOrder {index:9;} person {offset:0; length:6; continued:true;} place {offset:11; length:7;}">
                <Coords points="1081,681 1376,615 1425,654 1548,621 1819,651 1887,617 1962,650 2022,621 2020,576 1388,578 1346,605 1270,583 1219,621 1168,598 1079,639"/>
                <Baseline points="1086,651 1132,644 1178,637 1225,632 1271,628 1318,624 1364,621 1411,619 1457,617 1504,617 1550,615 1596,615 1643,615 1689,615 1736,614 1782,614 1829,614 1875,612 1922,611 1968,609 2015,608"/>
                <TextEquiv>
                    <Unicode>Sahwar von Sallwyl ler syn selbs zu</Unicode>
                </TextEquiv>
            </TextLine>
            <TextLine id="r4l11" custom="readingOrder {index:10;} place {offset:0; length:9;}">
                <Coords points="1070,714 1191,717 1250,682 1410,710 1545,665 1662,666 1725,702 1773,662 2013,679 2023,620 1984,648 1744,628 1693,653 1549,621 1425,653 1369,623 1069,688"/>
                <Baseline points="1076,701 1123,694 1170,688 1217,683 1264,678 1311,675 1358,672 1405,669 1452,668 1499,666 1547,665 1594,665 1641,663 1688,663 1735,663 1782,662 1829,662 1876,662 1923,662 1970,660 2018,660"/>
                <TextEquiv>
                    <Unicode>Lentzburg gethanne verricht auch was</Unicode>
                </TextEquiv>
            </TextLine>
            <TextLine id="r4l12" custom="readingOrder {index:11;}">
                <Coords points="1077,749 1239,736 1314,766 1365,726 1464,764 1552,717 1660,760 1778,724 2097,731 2096,698 1994,670 1871,691 1774,664 1726,701 1643,667 1076,715"/>
                <Baseline points="1083,743 1133,739 1183,734 1234,732 1284,728 1334,725 1385,723 1435,721 1485,719 1536,717 1586,716 1636,715 1687,714 1737,714 1787,714 1838,714 1888,714 1938,716 1989,717 2039,719 2090,720"/>
                <TextEquiv>
                    <Unicode>Sperber, Imenthalb bekhenndt, vnnd andere</Unicode>
                </TextEquiv>
            </TextLine>
            <TextLine id="r4l13" custom="readingOrder {index:12;}">
                <Coords points="1080,806 1419,774 1528,814 1614,769 1763,766 1909,805 1991,775 2068,792 2067,751 1962,721 1665,757 1597,723 1479,758 1362,726 1314,765 1211,738 1080,764"/>
                <Baseline points="1086,786 1134,783 1183,781 1232,779 1281,777 1329,775 1378,774 1427,771 1476,770 1524,770 1573,768 1622,767 1671,767 1719,767 1768,767 1817,767 1866,767 1914,768 1963,768 2012,770 2061,771"/>
                <TextEquiv>
                    <Unicode>personen syn mithandlung betraffent</Unicode>
                </TextEquiv>
            </TextLine>
            <TextLine id="r4l14" custom="readingOrder {index:13;}">
                <Coords points="1097,864 1194,831 1262,859 1326,827 1387,868 1427,838 1813,853 2043,823 2012,777 1914,804 1795,778 1750,807 1620,769 1532,810 1418,773 1387,799 1351,777 1168,819 1096,804"/>
                <Baseline points="1103,836 1149,833 1196,830 1242,827 1289,825 1336,824 1382,822 1429,821 1476,821 1522,819 1569,819 1616,818 1662,818 1709,818 1756,818 1802,817 1849,816 1896,816 1942,816 1989,815 2036,815"/>
                <TextEquiv>
                    <Unicode>von imme beßgaben unnd güget mit</Unicode>
                </TextEquiv>
            </TextLine>
            <TextLine id="r4l15" custom="readingOrder {index:14;}">
                <Coords points="1094,904 1967,876 2016,899 2078,890 2078,834 1929,826 1896,859 1788,865 1595,862 1552,830 1385,864 1326,828 1256,862 1193,832 1094,870"/>
                <Baseline points="1100,887 1148,884 1197,882 1245,881 1294,879 1343,879 1391,878 1440,878 1488,878 1537,876 1586,876 1634,876 1683,876 1731,876 1780,876 1829,876 1877,876 1926,875 1974,874 2023,873 2072,872"/>
                <TextEquiv>
                    <Unicode>ernsthafften worten Examiiert unnd</Unicode>
                </TextEquiv>
            </TextLine>
            <TextLine id="r4l16" custom="readingOrder {index:15;}">
                <Coords points="1093,953 1973,938 2022,977 2091,950 2091,914 2037,900 1887,918 1747,884 1093,902"/>
                <Baseline points="1100,941 1149,938 1198,936 1247,933 1297,931 1346,930 1395,929 1444,929 1494,929 1543,929 1592,929 1641,929 1691,930 1740,930 1789,932 1838,932 1888,932 1937,933 1986,933 2035,933 2085,933"/>
                <TextEquiv>
                    <Unicode>uß gotteswort notwendiger magen</Unicode>
                </TextEquiv>
            </TextLine>
            <TextLine id="r4l17" custom="readingOrder {index:16;}">
                <Coords points="1103,1010 1209,1020 1276,985 1391,1014 1652,983 2043,1003 2043,975 1850,940 1104,961"/>
                <Baseline points="1110,989 1156,987 1202,984 1249,982 1295,980 1341,979 1388,978 1434,978 1480,977 1527,977 1573,977 1619,978 1666,978 1712,980 1758,981 1805,983 1851,984 1897,986 1944,988 1990,990 2037,992"/>
                <TextEquiv>
                    <Unicode>erinneret unnd vermant worden.</Unicode>
                </TextEquiv>
            </TextLine>
            <TextLine id="r4l18" custom="readingOrder {index:17;}">
                <Coords points="1084,1060 1196,1035 1230,1062 1467,1035 1510,1069 1625,1039 1865,1075 1923,1041 2065,1051 2065,1009 1955,989 1921,1015 1657,983 1147,1021 1084,990"/>
                <Baseline points="1091,1037 1139,1034 1187,1032 1236,1031 1284,1031 1332,1029 1381,1029 1429,1029 1477,1029 1526,1029 1574,1029 1622,1029 1671,1029 1719,1031 1767,1031 1816,1032 1864,1033 1912,1034 1961,1035 2009,1035 2058,1037"/>
                <TextEquiv>
                    <Unicode>die Lutere warheyte anzuzeygen, vnd</Unicode>
                </TextEquiv>
            </TextLine>
            <TextLine id="r4l19" custom="readingOrder {index:18;}">
                <Coords points="1087,1099 1328,1081 1461,1116 1559,1087 1614,1118 1656,1087 1842,1105 1842,1069 1705,1047 1512,1070 1465,1034 1334,1066 1087,1057"/>
                <Baseline points="1094,1083 1131,1082 1168,1082 1205,1080 1242,1080 1279,1079 1316,1079 1353,1079 1390,1079 1427,1079 1465,1079 1502,1080 1539,1080 1576,1080 1613,1080 1650,1080 1687,1081 1724,1082 1761,1082 1798,1082 1836,1082"/>
                <TextEquiv>
                    <Unicode>Hierin mitzit zeuerhaltenn</Unicode>
                </TextEquiv>
            </TextLine>
            <TextLine id="r4l20" custom="readingOrder {index:19;}">
                <Coords points="1853,1106 1861,1107 1864,1103 1876,1103 1893,1109 1897,1107 1901,1111 1915,1101 1922,1102 1922,1066 1911,1064 1897,1055 1880,1073 1853,1075"/>
                <Baseline points="1859,1083 1887,1080 1916,1083"/>
                <TextEquiv>
                    <Unicode></Unicode>
                </TextEquiv>
            </TextLine>
            <TextLine id="r4l21" custom="readingOrder {index:20;} person {offset:27; length:4; continued:true;}">
                <Coords points="1091,1149 2007,1147 2007,1111 1956,1098 1837,1122 1662,1087 1620,1119 1526,1089 1465,1116 1091,1097"/>
                <Baseline points="1097,1136 1142,1133 1187,1130 1232,1128 1277,1127 1323,1125 1368,1125 1413,1125 1458,1127 1503,1127 1549,1128 1594,1130 1639,1131 1684,1131 1729,1133 1775,1134 1820,1135 1865,1136 1910,1136 1955,1136 2001,1134"/>
                <TextEquiv>
                    <Unicode>Hat bemelter J. erstlichen Gott</Unicode>
                </TextEquiv>
            </TextLine>
            <TextLine id="r4l22" custom="readingOrder {index:21;} person {offset:0; length:10; continued:true;}">
                <Coords points="1088,1178 1226,1212 1308,1181 1628,1208 1886,1186 1929,1226 1978,1191 2023,1205 2024,1156 1771,1164 1736,1136 1698,1166 1607,1133 1539,1167 1469,1130 1417,1167 1232,1131 1180,1164 1088,1150"/>
                <Baseline points="1094,1178 1140,1176 1186,1176 1232,1176 1278,1176 1325,1178 1371,1178 1417,1179 1463,1181 1509,1182 1556,1182 1602,1184 1648,1185 1694,1187 1740,1187 1787,1187 1833,1188 1879,1187 1925,1187 1971,1185 2018,1184"/>
                <TextEquiv>
                    <Unicode>dem Herren dancklet, das dite sach</Unicode>
                </TextEquiv>
            </TextLine>
            <TextLine id="r4l23" custom="readingOrder {index:22;}">
                <Coords points="1111,1235 1210,1230 1268,1269 1492,1235 1678,1273 1707,1245 1813,1271 1956,1241 2069,1259 2077,1230 1926,1227 1887,1187 1549,1216 1493,1190 1463,1213 1329,1182 1230,1212 1112,1191"/>
                <Baseline points="1118,1227 1165,1226 1213,1227 1260,1227 1308,1228 1356,1229 1403,1230 1451,1230 1498,1232 1546,1233 1594,1235 1641,1236 1689,1237 1736,1238 1784,1239 1832,1241 1879,1241 1927,1242 1974,1242 2022,1242 2070,1242"/>
                <TextEquiv>
                    <Unicode>sowyth kommen, verhoffentlich die weri</Unicode>
                </TextEquiv>
            </TextLine>
            <TextLine id="r4l24" custom="readingOrder {index:23;}">
                <Coords points="1126,1265 1135,1266 1136,1264 1140,1264 1142,1266 1147,1261 1151,1262 1154,1259 1157,1260 1159,1257 1168,1256 1165,1228 1159,1229 1154,1235 1149,1236 1144,1233 1138,1238 1131,1233 1130,1235 1129,1233 1123,1234"/>
                <Baseline points="1131,1254 1161,1251"/>
                <TextEquiv>
                    <Unicode></Unicode>
                </TextEquiv>
            </TextLine>
            <TextLine id="r4l25" custom="readingOrder {index:24;}">
                <Coords points="1105,1281 1407,1284 1462,1316 1678,1289 1886,1315 1998,1305 1999,1279 1777,1253 1620,1277 1504,1244 1274,1267 1213,1231 1106,1267"/>
                <Baseline points="1112,1277 1156,1277 1200,1275 1244,1277 1288,1277 1332,1278 1376,1278 1420,1280 1464,1281 1508,1283 1552,1284 1596,1286 1640,1289 1684,1289 1728,1292 1772,1293 1816,1293 1860,1295 1904,1295 1948,1295 1992,1295"/>
                <TextEquiv>
                    <Unicode>iich furderlich zu einer erörternug</Unicode>
                </TextEquiv>
            </TextLine>
            <TextLine id="r4l26" custom="readingOrder {index:25;}">
                <Coords points="1113,1321 1123,1321 1130,1314 1136,1315 1142,1311 1152,1315 1157,1320 1161,1317 1171,1316 1168,1280 1146,1281 1135,1285 1127,1281 1122,1284 1111,1282"/>
                <Baseline points="1119,1305 1164,1302"/>
                <TextEquiv>
                    <Unicode>11</Unicode>
                </TextEquiv>
            </TextLine>
            <TextLine id="r4l27" custom="readingOrder {index:26;}">
                <Coords points="1105,1365 1343,1345 1489,1375 1598,1335 1910,1379 1995,1348 1996,1312 1766,1324 1678,1289 1460,1317 1408,1285 1226,1279 1190,1313 1106,1313"/>
                <Baseline points="1112,1329 1155,1328 1199,1328 1243,1328 1287,1329 1331,1329 1374,1331 1418,1331 1462,1332 1506,1334 1550,1336 1593,1337 1637,1338 1681,1340 1725,1341 1769,1341 1812,1343 1856,1343 1900,1343 1944,1342 1988,1341"/>
                <TextEquiv>
                    <Unicode>schicken unnd inne ußkumer zu</Unicode>
                </TextEquiv>
            </TextLine>
            <TextLine id="r4l28" custom="readingOrder {index:27;}">
                <Coords points="1110,1388 1295,1378 1478,1414 1522,1387 1564,1423 1669,1392 2081,1411 2082,1362 2018,1355 1918,1382 1598,1335 1491,1374 1111,1357"/>
                <Baseline points="1116,1373 1166,1374 1216,1376 1267,1378 1317,1380 1368,1382 1418,1383 1469,1385 1519,1386 1570,1387 1620,1388 1671,1389 1721,1391 1772,1392 1822,1394 1873,1395 1923,1397 1974,1398 2024,1400 2075,1401"/>
                <TextEquiv>
                    <Unicode>eüwen bringenn unnd demnach erzelt</Unicode>
                </TextEquiv>
            </TextLine>
            <TextLine id="r4l29" custom="readingOrder {index:28;}">
                <Coords points="1104,1437 2079,1476 2066,1407 1855,1427 1672,1393 1562,1423 1390,1384 1106,1392"/>
                <Baseline points="1112,1416 1160,1419 1208,1421 1256,1423 1304,1425 1352,1428 1400,1430 1448,1431 1496,1433 1544,1436 1592,1437 1640,1439 1688,1440 1736,1442 1784,1443 1832,1445 1880,1446 1928,1447 1976,1448 2024,1449 2073,1449"/>
                <TextEquiv>
                    <Unicode>mit was schwarer lybs kranckheyt</Unicode>
                </TextEquiv>
            </TextLine>
            <TextLine id="r4l30" custom="readingOrder {index:29;}">
                <Coords points="1096,1479 1306,1481 1337,1508 1370,1484 1404,1512 1626,1491 1707,1528 1787,1499 1844,1527 1874,1499 2027,1508 2028,1479 1888,1448 1840,1476 1635,1445 1558,1470 1477,1440 1387,1469 1211,1423 1097,1454"/>
                <Baseline points="1103,1467 1148,1469 1194,1471 1240,1473 1286,1474 1332,1476 1378,1479 1424,1480 1470,1482 1516,1484 1562,1487 1607,1488 1653,1490 1699,1491 1745,1493 1791,1494 1837,1496 1883,1496 1929,1497 1975,1497 2021,1499"/>
                <TextEquiv>
                    <Unicode>er vonn Jugent an behafftet, sye die</Unicode>
                </TextEquiv>
            </TextLine>
            <TextLine id="r4l31" custom="readingOrder {index:30;}">
                <Coords points="1102,1542 1173,1565 1329,1537 1400,1572 1462,1547 1512,1571 1611,1541 1896,1550 1996,1581 2060,1564 2061,1529 2003,1503 1961,1530 1873,1500 1750,1531 1667,1493 1517,1523 1306,1481 1235,1510 1138,1472 1103,1489"/>
                <Baseline points="1109,1524 1156,1526 1203,1527 1250,1529 1298,1530 1345,1532 1392,1533 1440,1535 1487,1536 1534,1538 1582,1539 1629,1540 1676,1542 1723,1542 1771,1544 1818,1545 1865,1547 1913,1547 1960,1547 2007,1548 2055,1548"/>
                <TextEquiv>
                    <Unicode>fache erstlich im Rucken an, kam Im</Unicode>
                </TextEquiv>
            </TextLine>
            <TextLine id="r4l32" custom="readingOrder {index:31;}">
                <Coords points="1084,1593 1133,1619 1306,1586 1348,1624 1407,1597 1873,1602 1930,1632 2019,1607 2019,1577 1792,1545 1517,1571 1461,1548 1416,1577 1283,1535 1173,1566 1085,1544"/>
                <Baseline points="1091,1581 1137,1583 1183,1583 1229,1584 1275,1586 1321,1586 1367,1587 1413,1587 1459,1589 1505,1589 1552,1589 1598,1590 1644,1590 1690,1592 1736,1592 1782,1593 1828,1593 1874,1594 1920,1595 1966,1596 2013,1598"/>
                <TextEquiv>
                    <Unicode>volgents inn buch unnd schnyde inn</Unicode>
                </TextEquiv>
            </TextLine>
            <TextLine id="r4l33" custom="readingOrder {index:32;}">
                <Coords points="1105,1664 1269,1634 1517,1679 1598,1644 1899,1648 1958,1685 1991,1656 2083,1666 2084,1592 1929,1635 1745,1596 1564,1629 1518,1598 1349,1623 1305,1586 1106,1610"/>
                <Baseline points="1112,1631 1160,1632 1208,1634 1256,1635 1304,1637 1353,1637 1401,1638 1449,1640 1497,1640 1545,1641 1594,1641 1642,1643 1690,1643 1738,1643 1786,1644 1835,1645 1883,1646 1931,1647 1979,1647 2027,1649 2076,1650"/>
                <TextEquiv>
                    <Unicode>so kart, das er syn sin unnd verstandt</Unicode>
                </TextEquiv>
            </TextLine>
            <TextLine id="r4l34" custom="readingOrder {index:33;}">
                <Coords points="1088,1695 2057,1726 2058,1670 1941,1686 1871,1650 1516,1679 1452,1648 1331,1670 1271,1635 1090,1631"/>
                <Baseline points="1095,1676 1142,1677 1190,1680 1238,1682 1286,1685 1334,1686 1381,1688 1429,1689 1477,1690 1525,1691 1573,1692 1620,1692 1668,1692 1716,1694 1764,1694 1812,1695 1859,1695 1907,1695 1955,1697 2003,1698 2051,1698"/>
                <TextEquiv>
                    <Unicode>Allenklichen Verlier verhalten im auch</Unicode>
                </TextEquiv>
            </TextLine>
            <TextLine id="r4l35" custom="readingOrder {index:34;}">
                <Coords points="1094,1738 1286,1741 1316,1771 1741,1744 1828,1783 1892,1748 2042,1755 1977,1711 1894,1729 1868,1704 1765,1729 1410,1697 1359,1728 1128,1679 1095,1700"/>
                <Baseline points="1101,1724 1147,1727 1194,1731 1241,1733 1288,1736 1334,1737 1381,1738 1428,1739 1475,1740 1521,1740 1568,1740 1615,1740 1662,1742 1708,1742 1755,1742 1802,1742 1849,1743 1895,1744 1942,1745 1989,1746 2036,1749"/>
                <TextEquiv>
                    <Unicode>syn waser unnd stulgaung jamaffen</Unicode>
                </TextEquiv>
            </TextLine>
            <TextLine id="r4l36" custom="readingOrder {index:35;}">
                <Coords points="1084,1803 1815,1798 1920,1840 2030,1808 2031,1757 1954,1748 1832,1783 1739,1744 1568,1777 1520,1740 1310,1776 1086,1732"/>
                <Baseline points="1091,1769 1137,1774 1184,1779 1230,1782 1277,1785 1324,1787 1370,1790 1417,1791 1464,1793 1510,1793 1557,1794 1604,1794 1650,1794 1697,1794 1744,1796 1790,1796 1837,1796 1884,1796 1930,1797 1977,1797 2024,1799"/>
                <TextEquiv>
                    <Unicode>das wee vnnd die noth die er deßhalb</Unicode>
                </TextEquiv>
            </TextLine>
            <TextLine id="r4l37" custom="readingOrder {index:36;}">
                <Coords points="1103,1834 1183,1863 1214,1836 1584,1849 1684,1881 1754,1853 2034,1864 2035,1808 1923,1838 1836,1802 1690,1797 1654,1826 1601,1792 1566,1815 1366,1788 1298,1827 1143,1789 1104,1810"/>
                <Baseline points="1109,1824 1157,1828 1205,1832 1254,1835 1302,1838 1350,1839 1399,1841 1447,1842 1495,1844 1544,1844 1592,1844 1641,1845 1689,1845 1737,1847 1786,1847 1834,1847 1882,1848 1931,1850 1979,1851 2028,1853"/>
                <TextEquiv>
                    <Unicode>hab ime fuß unnd kopf zusammen tryb</Unicode>
                </TextEquiv>
            </TextLine>
            <TextLine id="r4l38" custom="readingOrder {index:37;}">
                <Coords points="1073,1888 1656,1920 1888,1899 1923,1924 2045,1919 2047,1881 1993,1856 1951,1886 1810,1884 1755,1851 1682,1882 1567,1848 1482,1881 1401,1843 1213,1837 1181,1864 1075,1830"/>
                <Baseline points="1080,1868 1130,1874 1180,1879 1231,1881 1281,1885 1332,1887 1382,1890 1433,1892 1483,1893 1534,1893 1584,1895 1635,1896 1685,1896 1736,1897 1786,1898 1837,1899 1887,1900 1938,1901 1988,1904 2039,1905"/>
                <TextEquiv>
                    <Unicode>unnd köndte man under einemrucken</Unicode>
                </TextEquiv>
            </TextLine>
            <TextLine id="r4l39" custom="readingOrder {index:38;}">
                <Coords points="1087,1921 1200,1974 2024,1967 2025,1923 1956,1903 1759,1926 1620,1900 1571,1933 1413,1893 1164,1916 1089,1873"/>
                <Baseline points="1094,1920 1140,1924 1186,1929 1232,1932 1278,1936 1325,1938 1371,1941 1417,1943 1463,1944 1509,1945 1556,1947 1602,1947 1648,1949 1694,1949 1740,1950 1787,1950 1833,1952 1879,1952 1925,1954 1971,1955 2018,1958"/>
                <TextEquiv>
                    <Unicode>durch schluffen, Wie solliches alles die</Unicode>
                </TextEquiv>
            </TextLine>
            <TextLine id="r4l40" custom="readingOrder {index:39;}">
                <Coords points="1079,1988 1273,2026 1314,1997 1358,2032 1494,2001 1537,2037 1588,2005 1635,2039 1695,2005 1956,2017 1992,1988 1872,1958 1808,1984 1644,1957 1592,1986 1471,1959 1388,1983 1347,1955 1269,1981 1081,1921"/>
                <Baseline points="1086,1973 1133,1979 1180,1984 1227,1987 1275,1991 1322,1992 1369,1994 1417,1995 1464,1997 1511,1997 1559,1997 1606,1998 1653,1998 1701,1998 1748,1998 1795,1999 1843,2000 1890,2001 1937,2003 1985,2006"/>
                <TextEquiv>
                    <Unicode>Jennnigen so by ime inn werenden</Unicode>
                </TextEquiv>
            </TextLine>
            <TextLine id="r4l41" custom="readingOrder {index:40;}">
                <Coords points="1101,2048 1220,2046 1255,2077 1331,2049 1492,2089 1560,2053 2024,2067 2049,2030 1634,2039 1586,2004 1537,2039 1495,2002 1359,2035 1318,1999 1237,2024 1102,1981"/>
                <Baseline points="1107,2028 1153,2033 1200,2038 1247,2042 1294,2045 1340,2048 1387,2048 1434,2050 1481,2051 1527,2051 1574,2051 1621,2051 1668,2051 1714,2051 1761,2051 1808,2051 1855,2051 1901,2051 1948,2051 1995,2051 2042,2052"/>
                <TextEquiv>
                    <Unicode>Franckheylngfin syen, mit mereren</Unicode>
                </TextEquiv>
            </TextLine>
            <TextLine id="r4l42" custom="readingOrder {index:41;}">
                <Coords points="1081,2083 1428,2137 1494,2109 2081,2125 2061,2055 1983,2085 1765,2056 1704,2088 1557,2053 1487,2092 1369,2052 1265,2078 1179,2042 1082,2057"/>
                <Baseline points="1088,2078 1137,2083 1186,2088 1236,2092 1285,2094 1334,2097 1384,2099 1433,2100 1482,2100 1532,2100 1581,2100 1630,2100 1680,2100 1729,2100 1778,2100 1828,2100 1877,2100 1926,2102 1976,2103 2025,2105 2075,2106"/>
                <TextEquiv>
                    <Unicode>werden bezügten können, innsonderheyde</Unicode>
                </TextEquiv>
            </TextLine>
            <TextLine id="r4l43" custom="readingOrder {index:42;}">
                <Coords points="1073,2166 1984,2181 2043,2175 2044,2141 1758,2106 1725,2137 1495,2109 1430,2139 1289,2096 1074,2099"/>
                <Baseline points="1080,2132 1127,2138 1175,2142 1223,2145 1271,2148 1319,2151 1367,2151 1414,2153 1462,2153 1510,2153 1558,2153 1606,2153 1654,2151 1702,2151 1749,2151 1797,2151 1845,2151 1893,2151 1941,2153 1989,2154 2037,2156"/>
                <TextEquiv>
                    <Unicode>das diß weel sich an eine Peinlichen</Unicode>
                </TextEquiv>
            </TextLine>
            <TextLine id="r4l44" custom="readingOrder {index:43;}">
                <Coords points="1074,2214 1881,2237 2016,2220 2017,2190 1960,2159 1819,2192 1647,2153 1528,2198 1428,2160 1380,2190 1338,2156 1074,2169"/>
                <Baseline points="1080,2190 1126,2194 1173,2196 1219,2199 1266,2202 1312,2204 1359,2205 1405,2205 1452,2207 1498,2207 1545,2207 1591,2207 1638,2207 1684,2207 1731,2207 1777,2205 1824,2205 1870,2205 1917,2205 1963,2205 2010,2207"/>
                <TextEquiv>
                    <Unicode>Ordtfetzt, nit anders Alls welte</Unicode>
                </TextEquiv>
            </TextLine>
            <TextLine id="r4l45" custom="readingOrder {index:44;}">
                <Coords points="1110,2251 1185,2286 1355,2269 1395,2301 1442,2268 1606,2270 1648,2301 1846,2267 1987,2309 2066,2275 2066,2226 1782,2245 1687,2217 1545,2252 1465,2214 1339,2241 1251,2240 1209,2198 1110,2219"/>
                <Baseline points="1116,2238 1163,2244 1210,2250 1257,2254 1304,2257 1352,2259 1399,2262 1446,2262 1493,2264 1540,2264 1588,2264 1635,2264 1682,2262 1729,2262 1776,2261 1824,2261 1871,2261 1918,2261 1965,2261 2012,2261 2060,2262"/>
                <TextEquiv>
                    <Unicode>es die zersprengen, vonn wellicher</Unicode>
                </TextEquiv>
            </TextLine>
            <TextLine id="r4l46" custom="readingOrder {index:45;}">
                <Coords points="1100,2292 1574,2353 1632,2324 2078,2340 2079,2284 1986,2311 1715,2268 1616,2306 1541,2267 1394,2304 1188,2287 1101,2243"/>
                <Baseline points="1106,2286 1154,2294 1202,2300 1250,2305 1299,2309 1347,2313 1395,2315 1444,2316 1492,2318 1540,2319 1589,2319 1637,2319 1685,2319 1733,2319 1782,2319 1830,2319 1878,2319 1927,2321 1975,2322 2023,2324 2072,2325"/>
                <TextEquiv>
                    <Unicode>schwarenn imme zugestandenen lybs</Unicode>
                </TextEquiv>
            </TextLine>
            <TextLine id="r4l47" custom="readingOrder {index:46;}">
                <Coords points="1093,2372 1258,2363 1443,2408 1590,2384 1636,2414 1730,2383 1841,2416 1961,2377 2041,2402 2090,2389 2091,2353 1778,2325 1577,2353 1441,2317 1357,2343 1298,2314 1217,2342 1094,2295"/>
                <Baseline points="1100,2339 1149,2346 1198,2354 1247,2360 1296,2364 1346,2367 1395,2370 1444,2372 1493,2373 1542,2375 1592,2375 1641,2375 1690,2375 1739,2373 1788,2373 1838,2373 1887,2373 1936,2373 1985,2373 2034,2375 2084,2376"/>
                <TextEquiv>
                    <Unicode>kranckheyt unnd sresthaffte wagen</Unicode>
                </TextEquiv>
            </TextLine>
            <TextLine id="r4l48" custom="readingOrder {index:47;}">
                <Coords points="1099,2435 1180,2415 1225,2440 1261,2410 1591,2465 1674,2428 1778,2451 1827,2428 1888,2460 2044,2441 2046,2386 1634,2414 1591,2384 1480,2411 1394,2382 1331,2401 1257,2362 1101,2373"/>
                <Baseline points="1107,2387 1153,2395 1200,2403 1246,2410 1293,2413 1340,2417 1386,2420 1433,2423 1479,2424 1526,2424 1573,2424 1619,2424 1666,2424 1712,2424 1759,2423 1806,2423 1852,2423 1899,2423 1945,2423 1992,2425 2039,2427"/>
                <TextEquiv>
                    <Unicode>syn h vatterselig, wie auch er vill</Unicode>
                </TextEquiv>
            </TextLine>
            <TextLine id="r4l49" custom="readingOrder {index:48;}">
                <Coords points="1091,2457 1267,2501 1525,2475 1601,2505 1745,2479 1987,2501 1988,2459 1875,2460 1825,2427 1755,2460 1485,2441 1437,2463 1405,2434 1348,2458 1220,2444 1093,2398"/>
                <Baseline points="1098,2441 1142,2448 1186,2455 1230,2460 1274,2465 1319,2469 1363,2472 1407,2474 1451,2475 1495,2475 1540,2477 1584,2477 1628,2477 1672,2475 1716,2475 1761,2475 1805,2475 1849,2475 1893,2476 1937,2477 1982,2478"/>
                <TextEquiv>
                    <Unicode>Artzugenkeit aue mercklichen</Unicode>
                </TextEquiv>
            </TextLine>
            <TextLine id="r4l50" custom="readingOrder {index:49;}">
                <Coords points="1100,2505 1203,2550 1258,2521 1523,2565 1585,2544 1627,2573 1861,2536 2067,2547 2058,2480 2001,2519 1834,2482 1565,2515 1525,2484 1451,2510 1101,2467"/>
                <Baseline points="1106,2493 1153,2502 1201,2510 1249,2516 1297,2521 1344,2525 1392,2529 1440,2531 1488,2532 1535,2534 1583,2534 1631,2534 1679,2534 1726,2532 1774,2532 1822,2531 1870,2531 1917,2529 1965,2529 2013,2529 2061,2531"/>
                <TextEquiv>
                    <Unicode>grossen costen versucht, vnnd brucht</Unicode>
                </TextEquiv>
            </TextLine>
            <TextLine id="r4l51" custom="readingOrder {index:50;}">
                <Coords points="1076,2590 1197,2562 1330,2572 1371,2616 1426,2583 1585,2617 1677,2598 1734,2632 2068,2601 2068,2544 1984,2568 1860,2536 1624,2577 1346,2531 1210,2547 1080,2504"/>
                <Baseline points="1085,2538 1133,2546 1182,2554 1231,2560 1280,2567 1329,2571 1378,2576 1427,2579 1476,2582 1525,2585 1574,2586 1622,2588 1671,2588 1720,2589 1769,2589 1818,2588 1867,2588 1916,2587 1965,2586 2014,2585 2063,2585"/>
                <TextEquiv>
                    <Unicode>Die aber Inne nützet geholffen, vntzit¬</Unicode>
                </TextEquiv>
            </TextLine>
            <TextLine id="r4l52" custom="readingOrder {index:51;}">
                <Coords points="1109,2614 1215,2660 1311,2628 1509,2642 1539,2674 1598,2651 1631,2679 1764,2646 2035,2664 2053,2596 1732,2629 1620,2594 1372,2616 1341,2582 1198,2562 1110,2583"/>
                <Baseline points="1115,2598 1161,2605 1208,2610 1254,2616 1301,2622 1347,2625 1394,2628 1440,2631 1487,2634 1533,2636 1580,2638 1626,2639 1673,2640 1719,2640 1766,2642 1812,2642 1859,2641 1905,2640 1952,2640 1998,2639 2045,2639"/>
                <TextEquiv>
                    <Unicode>er sich zu einem Pfaffen ganwerdt</Unicode>
                </TextEquiv>
            </TextLine>
            <TextLine id="r4l53" custom="readingOrder {index:52;}">
                <Coords points="1103,2660 1194,2712 1261,2681 1456,2693 1491,2725 1567,2693 1672,2724 1707,2696 1944,2738 2035,2708 2037,2663 1415,2673 1333,2632 1242,2660 1105,2612"/>
                <Baseline points="1109,2654 1155,2660 1201,2666 1247,2671 1293,2676 1339,2681 1385,2684 1431,2685 1477,2688 1523,2690 1569,2692 1615,2693 1661,2694 1707,2694 1753,2694 1799,2694 1845,2694 1891,2694 1937,2694 1983,2694 2030,2694"/>
                <TextEquiv>
                    <Unicode>ongfarvor acht jahren verfügt</Unicode>
                </TextEquiv>
            </TextLine>
            <TextLine id="r4l54" custom="readingOrder {index:53;}">
                <Coords points="1076,2741 1202,2723 1323,2769 1356,2743 1574,2748 1682,2778 1736,2746 2065,2763 2051,2724 1712,2697 1668,2726 1575,2692 1531,2727 1262,2681 1180,2706 1079,2642"/>
                <Baseline points="1083,2712 1131,2718 1180,2724 1229,2728 1278,2732 1327,2734 1376,2737 1424,2739 1473,2741 1522,2742 1571,2744 1620,2745 1669,2745 1718,2745 1766,2747 1815,2747 1864,2747 1913,2747 1962,2747 2011,2747 2060,2748"/>
                <TextEquiv>
                    <Unicode>Der hab im vermelt so bald er einen</Unicode>
                </TextEquiv>
            </TextLine>
            <TextLine id="r4l55" custom="readingOrder {index:54;}">
                <Coords points="1085,2776 1271,2825 1314,2790 1760,2802 1896,2844 2051,2814 2053,2754 1828,2786 1736,2743 1656,2780 1621,2750 1552,2779 1087,2738"/>
                <Baseline points="1092,2754 1139,2763 1187,2771 1234,2776 1282,2782 1330,2786 1377,2790 1425,2793 1473,2795 1520,2797 1568,2798 1616,2799 1663,2799 1711,2799 1759,2799 1806,2799 1854,2801 1902,2801 1949,2801 1997,2801 2045,2802"/>
                <TextEquiv>
                    <Unicode>ansechtig worden. Die kranckheyt</Unicode>
                </TextEquiv>
            </TextLine>
            <TextEquiv>
                <Unicode>33
Huniseasparvon
Beclwyl
demnach uff Frytag denn 21. nouenbr.
Dns 1617 jars uß benelen muner g herren
Vnnd Ohbaren S. DamelTerber, des
pleiinen Rhats H Johanns Meyer
Predigeennt alhie unnd h Burckhart
Fischer Grogweybel, Junckern Hann
Sahwar von Sallwyl ler syn selbs zu
Lentzburg gethanne verricht auch was
Sperber, Imenthalb bekhenndt, vnnd andere
personen syn mithandlung betraffent
von imme beßgaben unnd güget mit
ernsthafften worten Examiiert unnd
uß gotteswort notwendiger magen
erinneret unnd vermant worden.
die Lutere warheyte anzuzeygen, vnd
Hierin mitzit zeuerhaltenn

Hat bemelter J. erstlichen Gott
dem Herren dancklet, das dite sach
sowyth kommen, verhoffentlich die weri

iich furderlich zu einer erörternug
11
schicken unnd inne ußkumer zu
eüwen bringenn unnd demnach erzelt
mit was schwarer lybs kranckheyt
er vonn Jugent an behafftet, sye die
fache erstlich im Rucken an, kam Im
volgents inn buch unnd schnyde inn
so kart, das er syn sin unnd verstandt
Allenklichen Verlier verhalten im auch
syn waser unnd stulgaung jamaffen
das wee vnnd die noth die er deßhalb
hab ime fuß unnd kopf zusammen tryb
unnd köndte man under einemrucken
durch schluffen, Wie solliches alles die
Jennnigen so by ime inn werenden
Franckheylngfin syen, mit mereren
werden bezügten können, innsonderheyde
das diß weel sich an eine Peinlichen
Ordtfetzt, nit anders Alls welte
es die zersprengen, vonn wellicher
schwarenn imme zugestandenen lybs
kranckheyt unnd sresthaffte wagen
syn h vatterselig, wie auch er vill
Artzugenkeit aue mercklichen
grossen costen versucht, vnnd brucht
Die aber Inne nützet geholffen, vntzit¬
er sich zu einem Pfaffen ganwerdt
ongfarvor acht jahren verfügt
Der hab im vermelt so bald er einen
ansechtig worden. Die kranckheyt</Unicode>
            </TextEquiv>
        </TextRegion>
    </Page>
</PcGts>
