4000 3000
269 79 1070 280 Saulomeh leineg
431 181 937 300 er alchie furtig,
132 277 1056 428 AAlls Bartlome Steynegger der Schni
202 350 1050 465 durch Herren Johannsen Megger, der
206 400 1076 522 Fleynenn Raths, vnnd wolgemelte p
205 445 1081 578 Wägenn bewußter Veruptenn betrug¬
208 497 1060 617 ligkeytenn zu Marzili exammer
215 551 1038 651 vnnd Alles ernsts vermannt worden
209 601 1059 724 deßhalb die warheyt anzezeygen, Ouch
155 650 1052 765 Was er für wytere Vntaten begangen
213 703 345 771 habe
607 711 1049 814 at derselb darüber
215 718 1061 862 volgennden bscheyd gäbenn, er sie zwag
196 801 1030 896 Annreed vnnd bekaundtlich, das er
210 849 1054 953 gegenn Himelburg dem Krämer Inn Chi¬
206 903 1056 1002 betrug brucht, vnnd deßhalb hochlich ge¬
193 950 1039 1045 fällt, eß sien aber die warenn, imme
188 999 1031 1076 durch denn hr castlan zu Frutingen
184 1044 1063 1149 Allenklich widerumb vberlifent worden
193 1099 732 1178 die ursach diß trugs sie.
884 1124 1032 1190 das er
185 1150 1049 1250 Petern Hanns Gaustei ein zu Fryburg
188 1201 1063 1315 habennden rechtshanndel wollen vßfure
197 1257 412 1337 helffenn.
556 1260 1068 1359 darumb Bans jmne
200 1307 1048 1393 30 f. fals er syn begärenn erhaldten
188 1353 1031 1448 wurde, Zelychenn versprochenn, Nnn
203 1411 1054 1491 diewyl sy zu Irem vorhaben kein galt
202 1462 1043 1541 gwüst, habe er Steinegger den obbe¬
164 1508 1029 1590 melten teng furgenommen, sie Aber
202 1556 1056 1636 villenns gsin. Wann er die bemelte
167 1610 1038 1697 waren gegen Oberleundischem tuch¬
182 1652 1046 1752 vertuschet uff Bryburg zereysen, das
184 1706 1038 1796 trch. wonil mer alls hie gällte sever
141 1760 1001 1851 kontenn, vnnd dann nach vßgefurtem
184 1787 1057 1891 rechtshanndel gesagten Trämers one sy
185 1854 1065 1938 unnd sines hr bruders des Predigrants
178 1901 1042 2007 zu Dießtbach nachteyl vnnd schaden zebe
156 1954 348 2042 halenn,
183 1986 1051 2100 gunsten bekerne er auch das er vilen Per¬
130 2068 1050 2143 sonenn, Waren so sy Imme zuuerat¬
143 2101 1032 2178 beyten, verteuwet, Wann er Im not
152 2138 1051 2251 kommen, hin vnnd wider versatzt, habe
158 2191 1047 2285 das alles aber nach unnd nach widerglihen
146 2256 1033 2355 Allso das nemant sonders, ab im wer
150 2307 1008 2401 clagenn können, alls hr stiftschaffner
132 2327 1041 2429 Bucher, Welcher die Imme gehörigen sord
149 2382 1050 2493 selbwiderglößt unnd diewyl erzur
126 2422 1053 2547 vil gearbeytet, begare er mit imme zed
100 2484 1035 2608 nenn vnnd Inn. so er Im etwas schuldig
134 2573 924 2659 verblybenn möcht, ze bezolenn.
213 2611 1045 2758 Ist zweymal bär ufzogen woren
1193 9 2170 255 so glychwol vorgemelter Steinegger, uff den
1294 96 2163 251 den 17. junii nochmalen zu Marzil
1216 132 2181 315 examinert worden, Hat er doch nützit
1214 225 1290 277 stat
1214 197 2164 356 vyters dann vorstadt bekennen wollen,
1199 244 2097 406 allein das er by serschiffeli unnd
1207 293 2109 462 gsortenn uff sinen bruder denn hitz
1189 323 2179 507 Predigeannten zu dießbach, auch ongfar
1189 389 2136 539 vmb 30 §. warenn genommen, siyn Sohn
1428 445 2158 549 Welcher domals ein hochzyter
1191 509 1429 596 Aaber.
1206 500 2142 649 gsin, sie darby gwesenn, es sie zwar der
1206 550 2139 702 zPredigeannt darab erzirnt worden
1206 602 2151 756 hab sich aber nachwerts begutigenn laßen.
1213 649 2145 783 mit versprächenn berürte waren ze beza
1203 714 2125 838 len, ongeacht deßen Aber, vnnd das be¬
1204 760 2127 892 malter h Predigeannt sich erlütenet
1209 825 2162 928 nutzitwyters für inn zethun haben
1206 883 2112 993 denn zu Chun beschechnenn trug, furge¬
1216 933 2145 1027 nommen, die Vrsach deßelben Aber sie
1207 991 1563 1102 Zūuor vermeldet,
1183 1056 2144 1171 das er mithin Sydin schnuer, vnnd derglychen
1214 1134 2150 1221 sachenn verkouft, sie war habe das aber
1215 1188 2097 1283 nit enndtfrömbdet, sonndern von etn
1206 1242 2161 1332 Schgr einem hanndelsman Inn Dasel¬
1208 1299 2151 1394 erkauft, auch inne merenteyls von man
1202 1349 2166 1432 rit zu Märit, darumb bezallt, ein Teyl
1205 1425 2136 1487 habe er mit arbeytenn, daran er All
1184 1461 2128 1546 wagen gwunnen, verbrucht, den vbrigen
1205 1519 2126 1610 teyl Aber, wann Inne noth angstoßen
1211 1560 2133 1660 hin vnnd wider, daran er verloren, ver¬
1184 1606 1335 1689 toufft
1190 1694 2059 1808 der zu Zenuarentwenden Kupfernen
1205 1758 2130 1851 trachterenn halb, hat er anzeigt, Alls ein
1199 1802 2139 1905 Schnyderknecht syn mitgsell unnd er mit
1202 1867 2095 1967 einem Schärer gsellen, inn h Inselndr
1175 1921 2161 2016 Hackbräts schärstubenn, ein trunck gethan
1202 1968 2125 2072 habe bemelter syn gspan, ein trachter
1205 2008 2115 2118 unnder sinem manntel fürzogen, mit
1186 2037 2137 2162 vmalden, er habe denn funden, vnd Ime
1445 2122 1560 2164 deait
1187 2091 2127 2240 Steinegger faenn, Angmutet, den einem
1153 2162 2165 2289 Kupferschuid zuuerkoufen, Welches er geta¬
1183 2200 2160 2326 Zun dem er solchen M Hanns Reinhandt.
1191 2268 2163 2405 dem Kupfenschmid, vmb 5 hz. verkault
1200 2317 2147 2447 nachwents alls hu jenner disen trachte
1192 2373 2147 2509 erfarenn, hab er ime dann mit 12 bze
1172 2393 1328 2489 hallt.
1526 2441 2080 2544 vill hiemit vmb den
1192 2472 2152 2630 annderen nützit wüsen, nach das en einichen
1188 2508 2160 2660 diebstal beganngen, mit wyterem ver
1176 2576 1377 2680 m�lden.
1518 2614 2135 2750 das er dise gnneten, Im
