4000 3000
2024 40 2105 106 25
1368 84 1942 207 ihe Runt
1339 176 1948 265 vonn Herzogenbuchser
1107 250 2007 387 Demnach gegenwurtiger Wichel
1121 318 2079 454 Rümli vonn Heerzogenbuchser bywyl siner
1127 368 2091 509 zugendt, sich mit dem gruwlichen, Abschulhlich
1123 427 2046 546 en schaundtlichen Caster der Sodonig, be¬
1116 474 2087 605 fleckt unnd damit syn gwüßen unnd con-
1120 523 2098 651 vientz so hardt beschwardt, das Imme die¬
1117 578 2068 703 selb kein ruw gelaßenn, eundtlich ouch ge¬
1136 633 2056 728 nötigt unnd zwungen, nie schwärlich, zun
1116 683 2036 796 Gottes Wordt hoch verpodtne beganngne
1146 736 2006 852 dünden vor etwas tagenn, mit großen
1757 781 1908 824 bsaben
1640 788 2068 870 Inmaften mi
1136 791 1632 894 göwenn, Zuerofuenn
1136 840 2099 944 Gnedig herrenn, vnnd Oberen, Inne gfeng
1133 893 2072 1001 lich Annemen, vnnd vber die clegten, so er
1117 941 2084 1045 weder sich selb gefurth, gepurenndermaßen
1144 988 2113 1094 durch sonnderbare darzu verordnete Herret
1152 1044 2104 1133 examndieren, vnnd befragen laßen, Welch
1129 1094 2087 1190 er harnt nachgechribne schware vorange¬
1120 1145 2070 1254 edüte mißhanndlungen, bekenndt, unnd
1118 1201 2073 1294 Wiewol er ußt Gottes wordt. notwendiger
1151 1247 2103 1348 maßenn erzuueret, vnnd vnderrichten wo¬
1119 1304 2078 1392 den, das er Inne vibs int Vnrecht thun
1158 1346 2088 1448 sölhe. So ist er jedoch vff siner erstgetanen
1147 1408 2040 1489 bekenidtnus bsteündig verbliben, Haz
1151 1462 2045 1559 dieselbe ouch eundtlich vff Frytag, denn
1136 1516 2085 1615 28. septembr Diß 1607 jahrs zun by
1120 1566 2079 1663 wasenn Anhoren vnnd gegenwürtigkeydt,
1153 1618 2031 1708 der Ehrenuesten, Frommen furnemen.
1154 1665 2103 1740 fursichtigen, Wysenn herren, Jacob Zilliers,
1142 1717 2098 1793 des kleynenn Raths, Daniel heintzent
1125 1779 2076 1859 der Burgeren Burckhardt Fischers Groß
1099 1821 2090 1924 Weybels Ouchetlicher mmner Gnedige
1129 1877 2075 1956 Herrenn vnnd Oberen Weÿblen. nochmalen
1108 1918 2067 2019 Wahr syn, mit der marten zu Marzilier¬
1129 1960 2106 2072 schaldtenn, vnnd bestättigt, Inn dem er bekent
1151 2051 1532 2133 Vnnd verzächenn
1093 2095 2034 2205 Alls erbnngfar by zeihenn, oder elff Jaren
1109 2145 2115 2251 Allt, vnnd by seinem Großuater, welcher A¬
1163 2196 2113 2292 einem orth Driegendorff genant nit wytz
1156 2244 2077 2368 vonn Graswyl gelegenn, wonnhafft gsen,
1158 2296 2073 2408 haben er hinder dem hus, reucrenterze¬
1143 2344 2071 2450 meldenn, ein Schwyn funden, Welches er
1158 2373 2119 2501 krätzlet unnd wie zmme das stell gehalten
1167 2444 2116 2570 sye zun so ein gruwlicher Cust ankommen
1126 2493 2113 2621 das er leyder mönntschlicher natur gött
