4000 3000
371 156 432 204 4
336 164 1081 376 illl Sanon
541 255 913 371 Vonn diewis
149 334 978 484 Demnachvor etwas abgeloff
239 394 923 505 Babricl dament Burger
953 451 995 488 s
1000 421 1067 510 euse
253 440 1022 552 zur kronnen zu neuwis im Iux¬
952 485 1039 530 ged
208 461 1010 585 dauon syn ehewyb unnd ein dln
178 487 1023 626 angentz alls sy dauon geesen un
212 547 1059 688 wyß geschweillen, unnd zu solches
226 587 1091 717 kranckhleydt gefallen, das sy werlig
213 634 1032 748 sy müsemt derosterben, Darin
234 681 1066 806 gemelts damoftsfrauw, nach
213 729 1021 833 personen geschickt Insonderhei
200 776 1097 891 Dem h redigeantten zu arwisch
212 812 1017 907 by Inn Gotteswortt damit
263 871 1073 971 älliger sterben möge, ze underrich
251 911 1063 1002 olichen, sy uffgethansfrag erofnet
236 964 1068 1043 as mageln diße stranekzeit Jnat
230 1020 1083 1097 iren dienstmagt uhrplotzlich zngefalen
234 1059 1059 1131 kölicher matzen sy habt gemelter Iee
209 1095 1065 1174 magt wegen irer franckheyt
209 1139 1070 1219 Guppen gesochen vnderstanden, Inn
195 1188 1082 1266 Dem alls ihr eheman vom wyn heim
233 1234 1067 1295 vhommen unnd sy by der fherblatten
255 1277 1059 1364 stehnfunden, habe er In die pfanne
246 1329 1070 1409 s der hannd genommen, sprachende syso
237 1370 1060 1451 wegen ihrer blödigkkett sich des fher
254 1420 1058 1493 entziechen, vnnd Inne die Suppen
247 1466 1070 1539 fochen lagen, welchem sy wilfhare
222 1503 1071 1581 Also sye er mit disem rtöch nit unnfor
214 1550 1061 1632 gefhuren, sonderen auch sy vemand
226 1589 1072 1675 so vill ynzeschnyden, das sy auch dan
254 1639 1064 1724 negen möge, welchesin sy wyls
248 1681 1065 1767 nit gehungeret, sich zwar geweigeet
197 1719 1081 1825 Alls aber die cbupren Inn znosschuft
248 1761 1084 1871 angericht inn die stuben bracht und
151 1804 1078 1926 rer magt fürgesteltt worden, dano
273 1851 1072 1952 y etlich töffel woll inn abwagen
179 1891 1080 2010 Iresmans gräsen mit erclagendi
215 1929 1083 2048 habe eingar wunderbarliche Pusth
235 1977 1068 2111 gar bitten byße sy auch hant uff de
219 2006 1080 2134 jungen unnd im hals habe sy dis
220 2065 1069 2205 Ihr magt darumb beschulten, ver
230 2095 1071 2237 gmeignent. dieselbschmörte ihren
124 2139 1065 2310 Iren kranckgryt fonsten nit zun
215 2197 1059 2334 auch znn die SSchuftlei griffen vn
191 2236 1072 2390 Alls sy ettlich loffel woll graßen
195 2271 1068 2423 hab sy ein glyches wie der dat
213 2319 1063 2478 bbefrnden insonderzeit ei bodt
193 2349 1059 2513 denn der Canßlen wysen zügsi
217 2401 1075 2577 glychgsechet, darab sy ein nelt
211 2466 1033 2635 gefaglt unnd sich gifftst besporget
169 2483 1069 2675 sonderheit, wyll sichangen
221 2531 1064 2708 stilst dauon erhept der schmäit
1031 2656 1059 2700 61
180 2583 1047 2759 auch zmmendar größe worden
193 2634 1006 2811 derhalben gchreit, man alles
186 2675 1014 2853 widerumb in ihren zun diecbt
2075 27 2153 96 19
1187 131 2132 299 kommen föliges verwisen, imme nit nun die
1232 178 2079 312 gegue smater gezaigt, sonderen auch
1174 209 2102 372 westteldtet, dr habe sy mit disem föch
1171 256 1253 328 4
1172 249 2064 419 bel verfanget un gur weigifften
1335 291 2104 394 unnd obglychwoll sy jnne ver
1167 340 2106 463 w�llen dise sbungen verblihen zelagen
1160 376 2107 550 nzit Jhat vbernachbuetten, vnd ansern
1194 413 1327 486 mant
1180 433 2130 581 personen dieselbe tampt dem gifft beficht
1174 478 2117 600 iget, hab er doch sölliches nit gethannn
1175 519 2126 674 kanderen die sammpt dem wses vener
1186 578 2094 703 enter meldern glych nach miegung diser
1170 621 2143 763 Cuppsen, vonn r vnnd des gnagtbrochen
1167 666 2061 803 angentz ab unnd henreg geschafet e.
1166 716 2147 858 hatt bemelter herr gredigrant zunbetracht
1175 759 2137 880 ingbscheffenheit dizer sach uß schuldigkeit
1180 810 2114 915 tragenden ampts nit für khonnen, dann
1184 856 2122 958 söliches alle ettlichen grichtsgschwornen
1179 906 2114 997 Wyl der herr landtvogt nach synEestlen
1174 951 2092 1034 nit anheimsch gfin teofenbaren, welche
1162 1013 2096 1098 folgents verschaffet, das er verwurdt
1156 1042 2082 1128 vnnd hernach zun gfangenschafft gethann
1140 1088 2053 1184 worden da man Inne wie ouch Eynn
1154 1125 2127 1210 wyb unnd magt übervorerzeltte pnnet
1164 1181 2077 1261 war epammiert inne aber zu kheiner
1178 1230 2105 1294 bekandtnus ohngeacht aller umbständen
1143 1277 2112 1366 so ine überzüget insonderzeit wyl sich
1176 1325 2094 1411 ißgegäbner zügnus. Der artzten, soman
1169 1368 2079 1462 hudiger vranszognen beiden wyls
1170 1420 2108 1506 ersonen bruht heitter befunden, das
1163 1466 2086 1560 syvergiffet worden bringen mögen
1131 1516 2071 1598 Annasten myn sh herr unnd beren
1126 1559 2119 1653 Danipt ein Pormbkliche prorerur gegen
1130 1606 2117 1703 disen personen geubt werde Vursachet
1136 1666 2033 1729 worden, sy alhar ze beschicken, unnd
1127 1696 2117 1790 Dem tlen ehrenueften Fhrommer hunnemmen
1221 1735 1256 1774 1
1140 1746 2131 1842 fürechtigen wyßen herren maranart
1164 1779 2081 1901 sächender ihrem geliesten mittracht
1147 1819 2116 1953 H Hanns Frantz vonn Wattenwyl der
1153 1891 2031 1984 Brgeren unnd Nielaus Brocher
1138 1920 2107 2053 Großweybel iun benelch ufzelegen
1141 1957 2062 2086 sy hierübergeburenden magsen ze¬
1150 2019 2137 2139 esammieren so beschegen in wölichen
1147 2060 2125 2192 remnen die frauw vnnd wagt by Irem
1150 2081 2101 2234 orgethanen fürgaben bestendig ver¬
1148 2144 2054 2283 bliben hernach warder Damont
1159 2181 2063 2329 in zweyen und erschidenlichen mallen
1153 2219 2086 2396 ann die martter geschlagen vnnd me
1138 2268 1433 2390 fürgehalte
1121 2351 2105 2528 Mstlich ober iet die pfanen Iun deren
1153 2399 2065 2577 van die Suppen kachet zuhanden
1145 2440 2113 2642 genommen, vnnd vff dem Ehur behalten
1138 2484 2117 2691 Vntzit die Suppen iun zwoikhüßlen
1143 2531 1642 2692 geigt worden
