4000 3000
49 749 211 854 liederlichen
270 42 987 268 dn v Norne
293 133 971 319 von Echmahingen beide dienstin
268 209 966 371 einnach verschinner tagen mynem 9
238 256 961 419 schultheiß clagßwyß fürgebracht, we
253 317 1018 483 das Margreth Marthi H Christoffer us
250 363 975 537 bergers dienstmagt sein Junges euf
236 419 982 577 Meitli dem alten hs Wurstenberger
234 470 981 624 Trögli etwas geltss sölle genommen us
231 529 970 686 zugebt haben, sye aber von Barbli
244 589 1005 755 senes vatters schwöster so hienor auchb
255 648 1007 799 alten h Würstenbergr gedienet und ae
258 701 1012 864 adt verschinnen Jacobi keinen m gehe
270 770 1021 910 onder ich mur by Synbs glychen vertrinft
232 807 1014 967 tpsonen zugezogen, darzu vffgewisen worden
213 883 1017 1025 deßweg sy leide zu verhafftung gezogen
220 940 1004 1057 durch ver g beide dienere Großweibel
236 995 1011 1117 grichtschryber hierüber exammniert worden.
231 1067 1010 1180 und ist die gedachte Margreth Marthi
249 1121 1022 1240 3 jungeren bekantlich, das es uff ein zyb
246 1173 1022 1286 es dem alten h syn gmach, darin es
234 1234 1017 1334 domolen eintzig gewäsen, und zu inem
244 1281 1019 1381 unglinck ein Trogli offen und der schlüßell
246 1353 1019 1431 daran gein, habe es zwo handtvoll ußeie
251 1395 1007 1490 alten hut darin es den gelegen ar müntz
240 1451 1022 1544 als r 163 und den) genomen und selbge
236 1511 1023 1597 alles hieuorgemelter Syner basen zubracht
353 1552 414 1594 es
228 1562 1024 1637 Welche den hieuor etliche mol darzu angerei¬
242 1616 1021 1679 gheißen es sölle nur dem alten hget
246 1668 1024 1758 nemmen, dan er gspire es nit und es schatth
228 1725 1025 1799 onch nit, da es den als ein jungs montsch, das
234 1776 1017 1851 nit gsinnet, wo es hinuß glange gevolget
228 1825 1025 1924 batge ab G vnd v. g vmb gnädige vr¬
219 1902 368 1962 zychung
230 1899 1029 2019 So vil die anwysere harbli belanget, will
230 1961 1031 2061 dieselbige zum nit, zum theilabrwol
221 2007 1026 2121 kantlich syn, das sy ire junge basen zu disem
201 2072 1016 2169 diebstal angewisen habe, lürget aber gar meit
201 2105 1013 2233 In der sach, also das der verdacht by Ira gar groß
206 2187 1019 2278 Ist darneben allein bekantlich, das das junger
203 2224 1025 2333 hre basen, zra allem Hüni b zubracht habe
203 2283 1002 2400 Ist anzusechen ein unnütz vertruncken
221 2320 990 2445 iederlichss mantsch zusyn, hat sihen
212 2366 1005 2512 ein zyttlang by ires glychen psorn
215 2437 1006 2570 ales by der lengen Gremppleren au
184 2497 945 2636 krützgoßen zugezogen und hat
876 2548 934 2634 1
184 2562 877 2710 Jacoli kennen m gehept.
172 2623 948 2788 sindt uff abtrag eostens un
201 2670 1010 2858 wider bekherung libeniert worden
1876 23 1936 105 70
