4000 3000
76 164 191 242 hienor
121 688 216 753 alhie
354 39 1005 266 men 1n
477 131 805 247 hervorgemelt,
258 130 889 318 Nehden desehngeern
270 211 1015 419 Martung nit allein an der Marte
891 274 1030 391 lt
261 273 979 456 auch nachenwertz bekent und angeben
249 326 985 515 Abraham Betels der jung von Bäteren
262 382 928 536 Ires unehelichen erzügeten Kindts
261 454 980 616 vatter sye, hieneben auch vriel Jomi
936 517 988 582 nch
254 525 979 667 geben, das derselbige sich auch mit z
252 577 1022 752 gangen habe, dise beide als der olte
245 624 999 786 homun ab vor einen ersammen chorge
244 665 1020 868 bemog fürtragß hoch betüret und besi
247 747 1017 908 das keiner sich gemalen mit ira vergangen
243 803 1012 961 habe, Hobent vndg gut funden, das sy be
235 867 1011 1009 die wirmen und der detrli gegen einane
258 925 970 1050 notwendig maßen confrontiert
238 986 972 1108 und sy einanderen und mundts erhalten
981 1016 1041 1102 s
246 1042 958 1173 er rechte vatter zu disem unehelichen
226 1105 955 1216 sye, das ist nun uff hät zinstag den
975 1186 1033 1254 it
226 1166 1020 1299 durch Herren damidt Fellenberg als zren h
229 1237 1011 1351 exammatoren gepürend maßen gegen zw
209 1293 1026 1422 verrichtet worden. Und als die lienenanfag
225 1356 1010 1458 und allem bfragt und mit allem ernst
234 1406 1011 1500 emant worden den rechten vatter zu irem kin
218 1465 1017 1579 zumamsen, hat sy den detrey deßen entschlae
225 1525 1013 1613 gen und daßelbige dem homnii zugeniget
212 1575 1003 1664 und das derselbige ires kindts rechter vager
224 1620 1003 1712 und kein anderer nit sye. Daruff de en
219 1669 1011 1764 der detrey, welchem sy es hievor an der magte
210 1717 990 1820 und sunst zugeeignet in abwosen der le
213 1776 984 1869 auch die warheit zubekennen vermant worden
207 1826 1014 1900 hat doch der selbige mit weinenden augen, getzlich
957 1897 1005 1951 ines
203 1884 939 1975 vernemet, das er sich zemalen und den tog
951 1931 1015 2016 fles
201 1942 933 2020 läbens weder mit ira noch auch anderen
182 1984 988 2093 vernuscht habe und das er daruf sterben wolle
189 2035 996 2144 Als sy nun beide die lirmen und der sebt
201 2097 996 2199 einanderen under die angen gestelt
200 2155 1001 2269 bider yths die warheit anzuzeigen vermatik
181 2227 1002 2338 Ist detrey styff uff yner meinung vhart
181 2272 1005 2398 die tirnen auch bekent, das sy ime urecht ihr
190 2324 1013 2450 habe und das kindt dem Homii zugeeignet
197 2374 1014 2523 nach dem sy aber befragt, wol die, ob d so
191 2464 1001 2579 wie er ir undermundts erhalte, sach jenole
192 2535 995 2644 nüt vergangen habe, Hat doch die lirne
172 2571 966 2721 bestocker wyß nüt darüber antworte
175 2700 323 2771 wellen
992 444 1028 489 de
963 478 1020 545 2
1050 794 1100 851 ir
1149 45 1916 227 Hsaas Binder metzger iu
1185 114 1922 280 Büren und Barbara Ha¬
1278 189 1806 323 geli syn hußfrouw
1115 273 1964 442 Iennach verschinner tagen von in h den
1087 347 1979 506 cherrichteren alhie ud g fürtragen worden
1126 414 1949 554 aas gstalten und maden Jsar Binder
1115 475 2000 624 Melger von Büren und Barbara Hägerl
1099 503 2020 694 sn hußfrouw mit einanderen zu uneine
1111 585 1953 744 keit nun ein gute zyc dahar labint
1073 678 2015 809 nd sonderlich das die frome vilclegten
1128 729 1959 860 fürnemlich aber, das er sy vff ein zyt
1122 788 1972 920 mit schlachen und stoßen dergstalten
1124 851 1964 977 practiert vnd mußhandlet haben das
1118 929 2007 1039 sy glych hernach vmb ein vnndt komen
1123 981 1985 1089 sye. Hingegen aber auch der Man ab
1117 1028 2019 1142 der froüwen ire übermäßige truncken.
1120 1088 2020 1208 heit vertüegiges läben und wäsen, auch
1111 1167 1998 1284 vargwonete Hury und das sy ehrlichen
1127 1220 2019 1328 lüten das irig entwendt, ime alles ußen
1114 1286 2022 1383 huß verkouffe, vnd veruntriner vmbwyn
1125 1342 1949 1464 gebe, also dzs zubesorgen, wo dem nit
1133 1412 1973 1510 furkomen werde sy Inne endtlichen
1124 1466 1989 1576 gar vff die gaßen vnd an böttelstab
1141 1532 1959 1624 richten werde, ob Ira der Frouen
1138 1604 1976 1694 geclagt und hiemit die schidigung ab
1127 1661 2016 1746 ira begert und hiemit beid syths uff iren
1131 1712 1989 1815 legten verharret, vnd diewyl sy der
1131 1772 1983 1885 gstalten wichtige vnd hoche clegten ob
1139 1849 1984 1958 ein anderen gefuert habent V. g.
1136 1907 2041 2025 nothwendig syn erachtet, das sy beid lyth
1121 1966 2025 2090 Vß der vnderen gfangenschafft dem och
1101 2049 2040 2159 In die Obere gfangenschafft, gefuert, da¬
1133 2109 2006 2229 mit sy beideryths daselbst uber die ein
1130 2179 1969 2306 vnd anderen gefüerten klegten, mit
1147 2266 2047 2370 ernsthafften wortten exammiert werd
1128 2312 2038 2461 das ist nun vff donstag den 8. Novemb
1131 2372 1987 2513 dß jo 1621. jars uß u 9 benelch
1138 2445 2038 2584 würender maßen durch den ehren
1150 2525 2061 2671 nesten fromen fürsichtigen ersammen
1136 2567 2049 2711 und wysen Herren Anthon Tulier deß
1148 2612 2043 2776 keinen ehnts, s. Fruderich von Watten
1145 2703 2060 2831 egls der burgeren, vnd Nielaus Kulch¬
1156 2814 1238 2879 o
1154 2758 1999 2910 wegers großweibens gegen ihnen vrn
1267 2842 1366 2920 vnd
1652 2911 1719 2950 me
1754 2881 1881 2976 hört.
1984 361 2027 410 1
