4000 3000
176 41 1076 288 Weichenn zu Päterkindem persinen den
230 163 1087 351 nem daselbst Im würtshus gehaltten
258 199 1087 399 hochzytmal, onngeacht erzeigter gut
238 258 1088 434 Vnnd beschechner frundtlichen Abman
265 298 1086 488 vnnerschampter wys solchermahsen s
214 349 1095 549 asertiert vnnd plaget. Ouch dem hi¬
235 400 1070 576 Namen Gottes mißbrucht. Das sy
251 457 486 526 eundtlich
612 477 1080 620 volgeben vendig
269 510 1075 656 nit neu die Bursamme daselbsten,
247 567 1067 698 dern ouch an Annderen Orten, mer
217 616 1074 759 schlagnen tröüw wortenn halb zu
256 666 1078 817 org vnnd gfarshaundent, nit vmb
240 719 1073 849 können, Inne gfengklich anzeuen
263 764 1080 903 vnnd dem Amptman zu Lanndtszu
239 801 607 892 zuzebringenn.
860 850 1100 958 welcher ds
253 868 1086 995 mit einem brichtschrybenn hochgenante
265 918 1095 1065 minen G. herren vnnd Ohbaren vberh
216 979 1085 1099 vber welliches alles die Ehrenuesten
229 1030 1089 1160 frommen. fursichtigenn, Wysen herr
220 1085 1073 1204 Hanns Rudolff Hornn, das kleynen
218 1132 1085 1252 Raths, Philix Tomman der Burgeren
231 1176 1079 1296 unnd Niclans Brocher Großweybel
206 1228 1062 1348 Anne Glauser Annfangs uff zinstag
239 1286 1089 1408 denn 28. pembris vnnd hernach vff donse
233 1339 1087 1459 Denn 7. octobrie diß 5s 19 Jar
233 1399 1075 1503 gepurenndermaßen zu Marzili vd
231 1451 485 1524 imment.
630 1455 1057 1538 dDer hat volgennt
226 1505 1082 1594 zu Anntwort gäbenn. Ouch bekenn
242 1556 685 1641 Wund verzächenn
146 1605 1071 1711 Erstlich betreffennt die pnueter
209 1687 1071 1769 so Inn erster Annderer vnnd driter
230 1734 1074 1817 gfanngenschafft, über zuneclagt und
214 1780 1068 1852 etz Imme widerumb furgehaldten
204 1831 1048 1922 wordenn, derenn wüßte er sich so
198 1880 1062 1965 wenig Alls zuuor zuerzuueren, sie oin
226 1932 1049 2020 inn keienn wäggsteundig, das et
224 1977 1058 2068 siner Muter gefluchet, noch das erze
236 2036 1063 2115 emannt tröüwt, das syn ze verbrönne
225 2086 1079 2173 oder im lyb nach guth geschädigen
230 2144 1071 2235 vol gstänndeer unnd gäbe nach, das et
195 2198 1065 2281 vil unnütze bose worth unnd schwar
218 2227 1062 2340 möchte ußgoßenn haben, das sie aber
200 2286 1057 2380 Vß toubsucht, vnnd vnbesinte bechechet
197 2314 1070 2446 es ward sich ouch befindenn, das M I
185 2400 1066 2499 Müßlinalig mer alls vor 20 jahren
191 2437 1074 2555 Iume deßhalb Curiert, Achte dah sich
203 2513 1050 2590 Nonn einem frömbden Lanndtstrychet
175 2544 1058 2647 Inn einer gehaldtnen kilbe zu zut
163 2610 1039 2700 Ann ploturn Püth durch mitel eint
1026 2639 1067 2685 et
175 2648 1027 2768 tenucks. Inngäben worden, dann
180 2696 1056 2855 seidt demselben zum obsteunde verwit¬
2062 6 2107 66 8.
1205 37 2123 294 geen ennget wolte d
1208 118 2105 336 annzeygende, so ballch man inn erzurnne
1216 153 2143 384 sonnderlich wannmen Wyn trnncken wüse
1270 221 2103 396 it was erstey, unnd werde gar und
1181 272 2106 468 wirch, Allso das er deßhalb, sonnderlich
1196 325 2145 511 an sinem haupt, vbel zerschlagenn worden
1239 462 2137 626 zweyenn vbersachnen Eyden halb, habe
1205 517 2060 683 er sich ouch schon hieuor vermuntwortet
1132 502 1234 659 De
1208 575 2074 725 er sie zwar gesteundig, das er dieselben
1210 629 2049 787 ubersächenn, Inn dem er beyde mal
1189 685 2038 855 in ordeunliche bewilligung sich Inns
1705 734 2111 836 Die sach Aber sie
1167 787 1508 892 Lannd begäbenn
1180 802 2038 920 allso beschaffenn, Alls er nach dem
1205 862 2043 981 erstenn eyd dem Rloturn Pieth gar
1171 924 2025 1046 Brannck wordenn, habe man zun gan
1187 978 2046 1093 Graffennried da er daheimen, Imme
1196 1022 2076 1145 vnwüßennt gefürt, da er volgents
1771 1089 2082 1166 das er dnn
1193 1100 1499 1197 ouch verbliben,
1208 1130 2099 1239 annderen eyd übersuchen sie die ursach
1177 1201 2111 1286 das etliche siner verwanndten, Ime für¬
1178 1251 2093 1340 gäbenn, wann er glychwil etliche zytt
1191 1303 2127 1388 feunger, dnn Ime der zu vogt erlaupt
1169 1360 2050 1453 im lanndverblyb. werde im das
1201 1411 2013 1509 nützit schadenn, sie Aber so balld syn
1208 1467 2046 1544 gegenwürtigkeyt Kundtbar gemacht.
1190 1526 2140 1605 widerumb ergriffen unnd inns schallen
1182 1573 1761 1653 werckh gethan Wordenn
1190 1633 2132 1761 das er nach einer guten darin ußtgestand.
1191 1722 2114 1816 inenn Zyit. Alls man Inn schadens halb
1190 1778 2118 1859 Ansinen beynen, so Imne von den, Ange¬
1167 1817 2127 1915 schwiten Ketenen vnnd stränger Kellte
1191 1868 2088 1962 Widerfarenn. Inn der Zeisel Allhie ge¬
1169 1921 2071 2043 artznet usgrißenn, daß sie diser
1204 1978 2078 2084 schadenn, vonn welcheßin wägenn et
1195 2029 2083 2147 nitmer Arbeytenn, sondern ein gute
1178 2071 2053 2188 Zytt dem Allmusen nach Im Lann
1196 2144 2017 2272 Umbher zechen müßen, die ursach
1118 2202 2117 2372 Was demnach das zu Päterkindenn Ver¬
1166 2290 2146 2437 ngte vnnwasen berur, daß sie die Wuntz
1165 2352 2136 2495 m daselbsten merenteyls ein Ursächerin
1151 2398 2102 2537 Wyl ganngentz alls y gsächen, das er
1194 2453 2034 2593 sich zum Tisch gesetzt, onngeacht die
1184 2509 2058 2662 veten schon vast verzüget gsin grt sy
1189 2541 2124 2713 Voll nit einem Jeden Schellmen wirten,
1149 2602 2143 2774 Welches Inne so seer beschwachet, das er
1170 2652 2081 2841 darabenndteist, vnnd Zoring worden
1172 2705 2110 2932 Vnnd wie wol er das etlichenn elagt
