4000 3000
119 92 1081 256 Disere briet, wyl derselb zutetd
252 175 1102 316 berinter kilchgang, schon shnnos
265 225 1045 333 zu Büeglen besschechen, sonnder
257 273 1048 379 auch mit Vnderschidlichen Zedle
238 313 1082 438 die er Verkaūffter Zineren halb
266 363 1081 489 er unnd syn frouw, die wie fern
257 418 1076 533 eheren nuth zalt gnngsam vber
251 471 1112 608 wordenn, das er inn dem einens
224 517 1102 660 anderen suncken die unwerhen
253 570 1091 687 brucht vnnd furgaben, hat er des
238 629 1111 722 des nit gestendlig noch Lnwerd p
155 679 1100 790 wellen, sondern ist by sinergel
227 731 1099 840 antwort insonderheyf, was die
234 779 1074 875 Zhuner betrofen, das er die nit
240 834 1087 948 vermntrüwet, sondern erkaufftn
257 886 1069 993 halßstarriger wÿs verbliben
250 952 1085 1046 Vntzit er an die Marter geschlen
251 1002 1090 1096 worden, an welchern vorgemelt
281 1060 313 1097 1
269 1055 1081 1155 yn fürgeben widerrūff vnnd
266 1110 1081 1209 bekenndt erstlich wasen vor
242 1163 1099 1270 gemelten der Ehehalb, vfgerichten
263 1221 1065 1318 Zugnns brieff. Deßglychen die
267 1284 1092 1367 wegen der hnnesehn Verhandnen
258 1330 1096 1421 Zedel, betrifft alls er mit einem
263 1384 1053 1482 man Hanns Taggi genant Fr
261 1443 1089 1540 beider der rütschen unnd welschen
269 1497 1089 1591 sprach könndig habe ein gemachte
259 1549 1107 1639 grauwen bart sie zimlicherrug
251 1602 1071 1681 habe merenteÿls blauw hosen
259 1654 1101 1733 unnd ein zwilchtschopen an, könne
263 1704 1034 1804 vill her, vnnd behselffe sich deß
250 1751 1094 1831 Korbens, aūch danen blätzens, zu
246 1816 1068 1903 Burgdorff inn einem würts zus
232 1865 1092 1957 getruncken, vnnd vnder andernn
235 1926 1097 2018 Ime syn anligen erzelt habe der
233 1968 1076 2069 elb Ime geantwort er wüße
221 2018 1082 2119 zem wol zethun unnd uff solches
217 2072 1062 2174 Ime den brieff. dauon er Im
191 2114 1093 2217 dry batzen. Wie auch die Zedel von
203 2174 1102 2286 zennen er imme zwen krntzlergeben
221 2230 1084 2344 gschryben, bekenne hiemit, das
210 2282 1100 2384 er die frouw nit zu kilchen sonder
149 2333 1092 2455 Alls ein lirnen mit imme gfürth
179 2451 1089 2593 as Dannethin die Huner beteiste
201 2546 1087 2648 die habe er am volgenden oete
217 2602 710 2716 verūntrūnet.
2096 14 2194 85 58.
1201 58 2083 264 Jegfer vor einem jahr habe er zu
1236 172 1876 314 Schwartzenburg ein zun
1173 198 2175 390 Henne zu Haßlin by Burgdorff habeer
1260 268 2128 403 ben huner ein hanmer unnd ein
1237 312 2143 448 Piponnen die er Letstlich Inn der
1228 380 2179 495 Statt Alhie Vffs höchst muglich Ver¬
1225 435 1718 549 khaūff. endtwent
1166 470 2182 635 Dem würth im vordern würts hus zu
1234 540 2136 668 zignouw, habe er heiters tags or
1228 592 2139 720 dem hus den huner endtwendte
1228 672 2138 766 Aim Siechenhus zu Thun haben er
1228 719 2162 816 vier himer gnommen, vnnd Jebes
1209 756 2188 855 alhie umb vierthalben batzen verkaufft
1178 848 2202 965 netstlichen angfarvor vierzeihen tagen.
1183 927 2214 1010 oder dry wuchen, habe er zu Allmen
1217 975 2187 1068 dingen ein Cappnnen funff oder sechs
1222 1030 2155 1121 hüner gestolen unnd die zu Soloterc
1245 1082 1482 1162 verkaufft
1211 1139 2194 1239 Hat sonnst Wyterer Vntaten noch das
1241 1218 2160 1311 er mit obgemeltem Hanns Taggi.
1238 1270 2179 1367 etwas bößes verbringen helffen
1240 1321 1918 1420 nit gsteutig syn wellen.
1212 1380 2160 1521 Ist zum anderen mal lähr unnd
1241 1469 2191 1582 retstlich mit dem fleinsten stein.
1277 1518 1822 1603 offzogen worden,
1707 1595 1799 1657 8
1357 1579 1935 1709 sitet umb gnad,
1198 1652 1258 1723 5t
1194 1677 2172 1821 G hat diser gfangnen auch vermeldet
1230 1762 2183 1862 obberüeter Hanns Haggi habe dryen
1177 1762 2180 1945 wybs personen die he versprochen
1228 1844 2132 1973 und keine zu kilchen gfurdt habe.
1237 1907 2114 2018 eine, so sich Ragel namse, vnnd
1198 1948 2120 2086 Alhie Iÿn sölle, Veberūffen Lassen,
1200 2022 2206 2153 unnd darumb von mynen f s ein
1228 2073 2179 2198 brieff ufzelegen, wie wol vor¬
1211 2129 2198 2266 gemelte mine h Jacoben Galer
1226 2188 2223 2338 so Irem Anzeigen nach zu korcen
1240 2248 2121 2379 bÿ Istäterlingen fürtig. Vber
1222 2286 2150 2441 vorstennde gnueten, auch Ailles
1229 2369 2141 2496 ernsts befragt, vnnd Ires ver¬
1210 2432 2231 2577 meinten mans, gethane bekhant,
1219 2489 2196 2629 uns iiren vermeldet, hat sy doch
2066 2544 2102 2580 1
1215 2520 2151 2686 Jeren Im wenigsten gestendig
1220 2589 2201 2748 syn wellen, sondern ist by iIres
1249 2647 2129 2825 naūs ersten worten, das sÿ
1240 2698 2216 2870 mit einanderen zu Limpach den
1209 2724 2157 2934 kilchgang wer dryen errn vricht
