4000 3000
109 1230 208 1284 ouch
253 149 1107 306 mit hilff sines gsellenn, so sich Jagli Se
256 208 1101 354 vonn Augfueg gemmset, angriff
263 253 1085 385 der ein sie Iuen Augentzeundtluchen
241 308 1098 441 denn annderen Aber habent sy behaldt
272 353 1088 466 uund wylen sy umb gnad gepäten
252 398 1093 520 mit vermeldenn, er habe vil kleyn
218 450 1103 584 Kennd habent sy imne syn galt, so e
251 506 1100 628 5. fl. gsin, genommen, vnnd Inn demnach
251 550 655 624 lauffenn laßenn,
212 598 1066 725 Demnach sie er gan Schwytz kommen
248 681 1088 782 nnd alls mr Stoffel der nachrichter
248 738 1090 834 daselbstenn, Welcher Imnne dienstgeb
246 780 1067 875 Inne vff einen hochenburg, der Stoß
238 825 1077 925 genannt, reuerenter Zmelden, ein ab
222 877 1087 968 ganngen Lier uszezüchen gschickt, habe
249 923 1092 1020 er im ufstygenn deß Bärgs, so by deye
251 975 1059 1055 tunden gwärdt, Darab er gar mud
216 1021 1096 1112 wordenn, sich eines schmächlichen standt
233 1067 1085 1166 Innsonderheyt Aber schlechter belonung
246 1114 1075 1210 so Imme Werd erziueret, vnnd tst vn
234 1163 1084 1248 gedult by imme nit nun gedacht hander
647 1211 1047 1285 Wann der Leydige
229 1215 376 1302 gredt.
214 1252 1092 1335 Luffel, vor dem Gott mengklich bewar
212 1311 1087 1379 Imme gälts gnus gäb. Wolcte er sich
213 1354 1077 1432 Im. damit er der hanten arbeyt ab¬
218 1401 1089 1479 kon möchte ergäbenn, Emselben sie erd
224 1450 1093 1537 böse finnd unnd verfürer möntschlichen
199 1499 1100 1585 gschlechts zum gstallt einer zum schwal
208 1547 1086 1628 enkleyderen angetanen mansperstl
217 1595 1079 1671 mit einem gällachten barth angent
214 1659 1109 1738 verhaunden gsin, inne ungredt und gsprochen
209 1699 1085 1760 falser sich im ergäben, vnnd thun wel¬
209 1741 1086 1827 Waser zun heißen werd, well er Inde
194 1812 1083 1878 An gullt keinen mangel lasenn, Vnnd
178 1839 1089 1927 Wiewol er Annfargs, vß empfangnen
198 1882 1065 1996 schräcken sich gesagnet unnd zu gott
202 1934 1097 2043 gruft, allso das der böß Gris ver
167 1982 1074 2095 gschwunden, sie er doch zun verrichtung
197 2046 1088 2139 siner Arbegt, wider zu Ime kommen,
197 2073 1080 2197 snnd mit vilgebruchten worten unnd
175 2127 1066 2248 Verheißungen, zune endtlich bewegt
715 2191 1053 2283 das er leyder.
200 2218 497 2300 unnd bredt
185 2238 1054 2352 vonn gott sinem schöpfer abgfallen
182 2276 1068 2404 Inne verlougnet, vnnd sich Allenklich
178 2357 1029 2462 bösen Geise ergäbenn, Welcher im
186 2377 1072 2506 ies vermeinens by 20 taleren
137 2452 1064 2570 nach Aber, Alls er henmkommen, mirsey
135 2500 1062 2637 er gsin zugstellt, mit beuelch dase
164 2530 1070 2707 gefanngne imme deßhalb einen zedell
119 2600 1057 2738 mit sinem blut gschribenn überlifer
152 2636 1057 2795 Putenn solle, er gruse Lutzifen sy
148 2708 1046 2859 herrenn, vnnd ergäb sich Im, nach der
2006 39 2131 104 N3 x
1246 65 2103 264 mit seüem liener gehaltenen abeerd.
1244 143 2099 313 voll imme auch nit abstan, e nach dem
1255 186 2097 350 nun er inn sines meisters hus. inn der
1217 228 2161 406 Nasengrüblet, vnnd das darußfließennde
1231 280 2176 447 blut, inn den löfel, damit er pflegten zueßen
1239 333 2121 501 empfangenn, Volgennts berunten zedel
1239 372 2177 540 tnn obsteunden wortenn gschriben, vnnd der
1230 427 2192 580 gunstgemelden uff dem schwynstall ge-
1206 475 2139 646 wegt, sie derselbweg genommen worden,
1676 547 1712 576 1
1238 525 2149 671 sines erachtens vom bosen Geist, Welcher
1232 565 2125 735 janne zu antwort widerbracht, eß sie
1215 607 2176 781 Eutzifer deßwol ze fridenn, vnnd damit
1227 666 2203 816 Imme vff dem Rucken griben, Allso das er
1239 722 2200 857 dauon ein Zeichen empfangen, hab Ime auch
1244 763 2142 900 ein vonn har zusamen gemacht stuckh s
1235 827 2142 952 Inn der gröse, wie ein funst gsin, geben
1223 864 2169 1001 unnd beuolchenn, das deß meistens kinden
1233 935 2157 1040 Vnnderzelegen, welches Aber nit behechen
1217 971 2165 1099 Wol habe er solches für das feunster, vff
1251 1020 2109 1129 demn Sinsen glegt, ob aber demants¬
1257 1055 2154 1178 schadenn dardurch widerfaren, ouch Wo
1240 1105 2196 1230 hineß kommen, wüße er nit, Sie ouch vß
1245 1177 2120 1272 trib deß bösenn Geists, denn Kinden
1252 1233 2208 1315 mechtig vid wordenn, Allso das er Vot¬
1225 1279 2168 1381 habenns gsin sines meisters jüngstkind
1247 1340 2187 1422 enntweders zun der Wiegen, Zuerwirgen
1237 1391 2059 1472 oder mit einem mäßer zuerstächen,
1240 1441 2136 1522 inmaßen der m alls er deßen gewahr
1240 1495 1869 1571 wordenn, Imne vrloub gaben
1211 1551 2185 1650 Nachmalen hab der böse Geist, zme Bulfer
1151 1636 2193 1697 Wie buchsenbulter vver denn kinden jnns
1245 1681 2219 1770 har, vnnd denn Roßen vff denn Rucken Werfen
1238 1718 2214 1802 deßglychenn Schwartze salben, so er Ansteyhe¬
1251 1777 1553 1850 ollenn. gabenn,
1680 1783 2205 1866 Welches er Aber nit ge¬
1220 1798 2149 1901 Nhan, Allein mit der Salben, habe er Inn ei¬
1235 1870 2210 1948 nem Wirtshus zu Näckerrnns Im Wurz¬
1234 1910 2185 2026 enberger Lanndgelegenn, einen stul, daruf
1241 1970 2227 2076 ein vollerburenknecht glägen und gschlaffen
1219 2013 2221 2125 Angsalbet, Wie balld das bschechen, sie der
1220 2059 2226 2174 stul, vnnder Im dannen, Inn der Stuben vmb¬
1206 2111 2189 2239 cher gfarenn, Allso das solches ein gelächter
1250 2159 1400 2243 gäbenn,
1522 2177 2196 2284 dem Knecht Aber nach sonsten
1244 2215 2255 2364 niemannt, sie einicher schaden, darub eruolget
1222 2254 2175 2424 Eß hab auch der bise Geist, Imme beuelchen
1258 2349 2201 2460 sich genn, vff Jegerisch, ze kleydenn, welches
1250 2374 1432 2446 ergethan,
1517 2410 2237 2510 unnd alls er inn einem walld
1256 2416 2199 2555 by Pfaffenhusen nach verrichter jege deß
1258 2460 2215 2630 Aellmans hund zusamen kupplen unnd
1249 2502 2154 2671 binden sollenn, sie Butzifer Inn greuer
1246 2566 2205 2735 kleydung erschienen, hab Im geholffen vnd
1247 2627 2136 2789 gfragt, wenn er wider uff die Jege
1229 2671 1405 2779 vell
