4000 3000
35 2290 189 2397 In stall
263 19 1032 276 nremae
287 123 1037 349 War aeneaten
282 197 1033 405 ab ihme geclaget, als solte er sy uff
259 233 981 448 Dn artente vit
274 331 988 479 ben wegen umb ein kindt komen
282 368 958 538 Item, das er sy auch uff ein zyc
280 436 1011 609 kammeren zu beschloßen, hre die blß
283 523 973 660 ob dem houpt zusamende
263 570 978 726 handt an einstud gebunden, mit
272 628 983 784 rüthen dergstalten geschwungen
270 700 1032 863 acht taglung weder sitzen noch legseni
210 755 975 888 Denne das er sy auch vff einandere
286 831 1031 963 mit einen rinder hauen dergstalte
984 851 1035 919 sy
271 888 1034 1022 uff die bloße hut geschlagen, jravo
266 941 1039 1096 Kinderen die Kleider vor vffgeherta
259 1010 1018 1132 sy sich also entblößt vor den kinde
274 1078 661 1175 schamen mūeßen
268 1138 1038 1238 Item dazs er sy auch vff ein zye In einem
269 1201 1032 1300 gmach mit schlochen und stoßen richt
276 1263 1031 1370 tiert und hernach zum fenster ußges
254 1319 1024 1416 habe. Item das er mithin etwan acht
281 1385 1038 1466 mehr tag lang von huß sye, ira und den
258 1422 1032 1527 kinden alles zn beschlüße, inen großer hin
251 1503 1037 1594 und mangel laße, also das sy wol vnr
257 1553 1046 1649 werde zum bygen etwas uß dem hußu
266 1615 1046 1720 nerkauffen, damit sy und die kindtlu
255 1678 1040 1755 ässen überkon mannt und das er sysach
258 1742 1028 1835 mit schlachen und stoßen gar ruch halte
255 1798 1035 1894 und tractiore also das sy es by gmem
240 1857 1037 1951 mehr erlyden mögr. Und ob dem also s
237 1920 1040 2020 das sy ehrlichen lüten gwüße sachen erthie¬
237 1981 987 2081 verkoufft und umb wyn geben habe.
216 2032 1047 2151 Hat sy die Büëber das ein und anderahm
229 2097 1039 2216 gender gstalt zzu gheidt geben. Nemli
236 2168 1031 2265 wie dazs er sy hieuor einem Jar, alser
233 2219 1026 2305 truncken heimkommen, habe er sygnn
210 2270 1022 2394 die stägen absgeschleipfft, sy mit schlh
205 2341 1002 2444 und stoßen dergstalten tractiert
217 2389 1039 2511 sy von deselben an, dem gute stundt
218 2456 1026 2580 gehept und in 4 wuchen darnach eine
212 2517 935 2635 noch unzyezigen frucht genähe
198 2583 953 2725 Item so sye auch wahr, das er sy uff
994 2652 1043 2719 ly
188 2644 963 2763 In ein kameren beschloßen, Ira ge
197 2685 1014 2824 zuarmen gebunden, welche sy abr dis
199 2748 938 2875 widr von einanderen gebracht und
197 2778 1044 2960 gegen imme gewert, nüt deßtweniger absi
1933 3 1996 69 16
1137 64 2010 226 so domalen dergstalten, mit schlachen
1132 124 1961 281 Ich einer ruten gar ruch tractiert
1132 190 1984 334 und mißhandtlet, das sy ein zytz lang
1141 244 1778 408 ged sitzen noch liggen können
1121 306 1954 463 So habe er sy auch uff einandere zyg
1637 359 1717 406 gar
1144 357 2046 497 nit einem Sind hauen auch ruchtractiert
1130 416 2018 566 und ira die kleider vor den kind uff
1135 458 1974 631 gehert, das sy sich also entblößt von dem
1122 556 1620 688 kinden schamen müeßen
1113 587 2015 759 deme so habe er sy vndh an einem morgen
1129 656 2027 793 ls er am abent spat truncken zeun¬
1128 718 2043 863 kommensohne ursach mit schlachen und stoßen
1136 781 2012 919 gar euch tractiert, da sy den Ime endt¬
1139 845 1976 964 lich zu ein Pameren ventrinnen, sich
1138 899 1999 1029 selbs gubschloßen, er ab als sy imme die
1124 973 1974 1074 für uß forcht schlachens nit öffnen
1134 1032 2015 1132 wellen er mit einer Achß die Turvff¬
1133 1098 2021 1209 brochen, da sy den uß frecht zum fenster
1135 1156 1982 1259 haußgesprungen, sye ab nit hoch gsein,
1133 1221 1896 1320 und jra got lob nüt wider fharen
1118 1270 1994 1370 deme sye den auch nit weniger den, das er
1140 1337 1993 1435 offtacht oder mehr tag von huß sye, wrarm
1143 1394 1970 1489 denfind, brott vnd anders zubschließe
1145 1454 2025 1550 also das sy großer hunger und mangelly¬
1145 1514 2025 1595 den mießmit, Dannenhar sy den wol ver¬
1148 1569 1994 1647 ursachet werde, ime etwan ein thäl on
1145 1631 2028 1719 ein G. vnschlitt zenemen, Ira vnd den
1149 1684 2028 1772 kind brott, darumb zukouffen, wo erab
1154 1735 2022 1837 Ire und den kinden spyß und vdnarung
1154 1793 2037 1886 vnd die hendt nach noturfft leße, wurde
1163 1862 1973 1969 es desen nüt dörffen, das sy ihmme aber
1160 1909 2033 2016 hußehat und anders uß dem huß verkauffe
1146 1966 2004 2082 sie nit anders den das sy zu vorgehndem
1146 2030 2059 2132 Irem handell etlichen zug, so ira ire muter
1154 2102 2085 2201 geben, der stattschryberen zu Buren umb 2f
1154 2129 1996 2259 setzt, das gelt sye aber dem man wider worden
1139 2194 2014 2324 Se hiemit auch zn keinen wag gestendigk
1151 2272 2071 2384 einem mentschen im münsten etwas ver
1160 2317 2058 2425 untrinret zuhaben werde sich auch nit er¬
1163 2371 2097 2519 snden vilweniger, das sy seich mit zury solte
1159 2431 2048 2579 vegangen haben, Sonst sye wahr das ers
1187 2497 2058 2638 mit schlachen und stoßen stütz gar schnod
1159 2551 2047 2689 solte, sy könne abber auch wol erachten.
1181 2604 2068 2777 uß imme zum zychen ursach darzu geben
1192 2690 2030 2840 so er sich aben syner schuldigen pflicht mn
1183 2734 2023 2895 welicher gegen ira erzeigte und gra¬
1179 2790 1843 2989 ang vnd manget beise
