4000 3000
121 76 1095 256 Disern briet, wyl derselb lutetd
252 155 1114 309 berüeter kilchgang schon schenose.
266 208 1073 339 zu Burglen beschechen, sonnder
259 256 1073 380 auch mit Vnderschulichen Zedle
231 300 1073 428 die er verkauffter Zuneren halb¬
260 347 1093 485 er unnd syn frouw, die wie fern
1050 372 1133 456 di
265 402 1079 532 eheren nith Zalt gnugsam vber
256 453 1127 580 wordenn, das er jenßem einen
225 509 1074 654 Anderen Pnncken de Vnwarh
247 561 1030 665 brūcht. vnnd fūrgaben, hat er
247 617 1051 718 des nit gesttendlig noch vnwerd
169 666 1092 782 wollen, sondern ist by sinergel
224 722 1051 818 Antwort, insonderheys, war
1069 788 1114 838 d
227 779 1091 877 Zuuer betrofen, das er die nit
239 829 1087 952 Vernntriiet, sondern erkaus
242 880 1090 993 Halßstarriger wys verbliben
235 929 1101 1047 Vntzit er an die Marter geschlen¬
211 976 1113 1100 worden an welchern vorgemelt
259 1047 1103 1158 ÿn fürgeben wideraūff vnnd
263 1104 1099 1209 bekenndt erstlich wasen vor
241 1161 1106 1271 gemelten der Ehehalb, Vngerichte
256 1218 1079 1324 zugnns brieff. Deßglychen die
257 1283 1102 1371 wegen der Chūnesehn Verhandnen
252 1325 1116 1424 Zedel, betrifft alls er mit einem
254 1381 1081 1481 man Hanns Taggi genant so
260 1437 1099 1540 beider der lütschen, unnd welsche
259 1495 1116 1592 sprach könndig habe ein gemuchten
251 1545 1118 1639 grauen bart sie zunkicherung
242 1602 1087 1687 habe merenteÿls blaūw hofen
259 1655 1108 1743 unnd ein zwilchtschopen an können
254 1706 1060 1803 Vill her, vnnd behselffe sich deß
1059 1743 1111 1805 12
243 1768 1102 1846 Forbens aūch daūen blätzens,
227 1818 1073 1906 Burgdorff inn einem wurts hur
243 1871 1097 1969 getruncken, vnnd vnder andern
233 1926 1097 2022 Imme syn anligen erzelt, habe der
227 1983 1085 2073 gelb Ime geantwort. er wüße
223 2021 1086 2122 dem wol ze thun unnd uff solches
214 2068 1080 2179 Imme den brieff. dauon er im
201 2115 1104 2218 dey batzen. Wie auch die Zedel von
205 2169 1102 2294 jennen er imme zwen Krntzlergebt
224 2246 1091 2354 gschryben, bekenne hiemit, das
193 2278 1107 2407 er die frouw nit zu kilchen, sonder
151 2333 1106 2462 Alls ein birnen mit imme gfürthilt
157 2456 1096 2600 as Dannethin die huner betest
197 2547 1092 2648 Die habe er ai volgenden oet
211 2624 706 2721 Vermitrūwet.
2099 -2 2273 97 58
1242 52 2097 266 Hegfer vor einem jahr habe er zu
1252 172 1880 310 Schwartzenburg, einhen
1188 185 2197 394 Henne zu Haßli by Burgdorff habe er
1276 266 2140 425 ben huner ein hanmer sundein
1255 304 2156 449 Paponnen dieer Letstlich Inn der
1239 378 2185 489 Statt Alhie vffs höchst muglich Ver¬
1226 440 1733 554 konfft. endtwent,
1179 469 2195 636 Dem würth im vordern würts hus zu
1248 538 2151 671 zignou, habe er heiters tags, sor
1236 596 2137 722 dem hus den huner endtwendtn
1241 670 2135 767 Aim Siechenhus zu Tzun haben er
1245 720 2169 814 vier himer gnommen, vnnd jedes
1231 749 2209 877 alhie umb vierthalben batzen verkaufft,
1195 850 2208 967 netstlichen angfarvor vierzeihen tagen
1183 925 2239 1016 nder drywuchen, habe er zu Allmen
1181 974 2187 1069 dingen ein Cappnnen funff oder sechs
1231 1029 2170 1122 huner gestolen unnd die zu Soloturn
1251 1084 1500 1163 Verkaufft,
1209 1140 2203 1260 Hat sonnst Wyterer Vnteten nach das
1247 1221 2166 1322 er mit obgemeltem Hanns Taggi
1250 1272 2166 1373 etwas boßes verbringen helffen.
1253 1322 1919 1430 nit gsteutig syn wellen
1218 1379 2173 1524 Ist zum anderen mal lähr unnd
1255 1470 2194 1588 ketstlich mit dem kleinsten stein.
1282 1519 1836 1614 vffzogen worden,
1356 1583 1946 1712 Pitet. vmb Gnad,
1220 1649 1270 1720 5t
1171 1678 2194 1826 Es hat diser gfangnen auch vermeldet
1228 1771 2201 1885 obberurter Hanns Taggi habe dryen
1188 1762 2190 1948 Wybs personen die Ehe versprochen
1225 1845 2141 1980 unnd keine zu kilchen gfurdt habe
1243 1905 2120 2025 eine, so sich Ragel namse, vnnd
1214 1955 2139 2085 alhie syn sölle ueberuffen lasen.
1210 2020 2203 2157 unnd darumb von mynen g s ein
1231 2072 2187 2200 Brieff Vfzelegen, Wie wol vor¬
1223 2129 2205 2279 gemelte nine h Jacoben Galer,
1225 2187 2222 2337 so Irem Anzeigen nach zu korcke
1237 2242 2130 2378 by Istäterlingen Pürtig. Vber
1225 2282 2172 2463 vorsteunde gnueten, auch Alles
1229 2367 2139 2503 ernsts befragt, vnnd Ires ver¬
1213 2433 2235 2586 meinten mans gethane bekhant
1219 2485 2209 2638 nus iren vermeldet, hat sy doch
1212 2515 2146 2696 deren Im wenigsten gestendig
1225 2572 2198 2757 syn wellen, sondern ist by ires
1250 2646 2126 2832 mans ersten worten, das sÿ
1236 2689 2217 2878 mit einanderen zu Eimpachden
1217 2734 2184 2941 kilchgang wer dryen jeren krichte
