4000 3000
148 146 997 287 Einem har dröfigkionen ihn vrengen
166 204 999 333 welches alles sy ihn die hußhalttung bere
177 261 1003 396 vnnd mit eiandern greßen, das abe za
131 320 1021 452 man andere diebstäl gegangen, wüßsige
131 373 1012 512 keinen wäg außders alls was der rechtin
206 425 1001 558 betraff darumber sye gestrifft worden
143 516 1016 648 Was je khot nüwgemacht werkheinde
200 597 1012 703 truff sye nit von den obgemeltten waße
177 638 984 751 komen, sonders der Ihandels euthen
156 694 1034 831 Raden dene Eerbe genambt hab gesegen
191 756 987 860 weehrt, wyl ir Man. Ime In einem
176 823 1015 939 Edsteichen Buchiso noch by seinen buichten sye
198 869 774 992 etwas underracht geben,
152 982 1025 1114 Was die zwey Stuck Anker. Im Keller,s
195 1060 1027 1172 ongfar 60 llb wagent berürhab sy se
191 1118 1017 1224 te Schwöster kaufft vnd ihn bysyn ihrer
170 1184 1035 1285 Mutterhaltt, das aber nach ein großer
176 1232 1040 1340 Stock, so in die 30 lb ungfar wag daebst
211 1285 1037 1416 sye, wüß sy nit, noch wer denselben dahi
203 1371 409 1449 thane
158 1461 1034 1565 Endtlichen hatt sy vff gethanne frag vrmeldet
185 1533 1042 1617 wie das sy vßmangel gelett. die Bischoffenen
213 1592 1029 1688 oder Kuehlusen, ein stuck Macheyer  Item
210 1641 1036 1738 etttwas anderen Zugs, allein zuuersetzen
206 1703 1026 1789 zugesteltt, das hab sy aber verkoufft vnnd
206 1754 1044 1846 Irenwegen des Manheyers ongfar E. vbe
206 1798 1042 1916 lyfrett, das habe Ir S. Ziegler Gebenn
221 1874 1007 1978 ihnem inderen Wyber hett vor Jacob
217 1919 1031 2034 verehrt, das ander stückli sye ir sonst
201 1988 523 2078 kramet worden,
911 2061 986 2126 14
103 2097 1042 2230 Allß nach disem die Bischoffenen, auch beschick
209 2188 1038 2292 ufind alles ernsts, ob sy disers diebstalshalb
160 2246 1050 2343 wessens habe befragt worden, hatt sy solche
205 2305 1051 2406 hochlich reenemeit, hienaben aber vor seldt
182 2366 1058 2473 wie das vorgemeltte hermeggern. Iren Zit
198 2414 1039 2545 stückli zug zum erinlen zugestelt, so ungse
199 2482 1056 2603 5 eller gsin, dero jede sy hrr kilchbergersen
180 2534 838 2652 Helffte vmb 8. g. verkoufft,
173 2642 1048 2744 Item vierell khot duch deren dryen sy d
987 2684 1061 2760 3 m
203 2691 980 2818 aar dambach dem Metzger Jede vnsel
191 2749 1058 2875 vnnd dievierte Zubee dem Schmnach vmb
125 2810 1036 2946 Verkoufft, mit vernerem vermelde, so
2012 35 2077 98 39
1086 75 2002 322 Jrnggein habe iren disenzug in einem
1120 122 2052 325 mächli neben der knchen überlyfert, daselbst
1093 189 2046 393 jahren duch zu einem chragenreck zeigt, fin.
1105 241 2064 428 snoch mehr duch denn baue und anderer
1084 280 2005 502 pforben da glegen mit vermelden, das sye
1096 351 1952 544 geglichen Frentischgengenen von der Stifft
1076 389 2032 602 worden, vnnd habe sy Iren ein Rhot gestricbt
1097 490 1573 640 geden gracht
1079 590 2004 792 Consten gab sy ge der hremeggerm Schwöster
1107 676 2002 832 Sihenell schwartzen zug verkaufft, Hanns
1090 736 1981 889 wilden uerlaßne. Die hab ie umb jede ell
1103 777 2005 936 gibat halft, vnnd hab sy sich ihn verkouff
1100 852 2026 1016 diste vnnd anderer sach so verhaltten, das deß¬
1106 907 2001 1072 halb keinclag, Istes verhoffens ken werde
1096 981 2007 1093 vnnd nit wie die Seclosenen, die wußender
1090 1035 2025 1161 wys endtfrömbde saffen, darab sey ehrlicher
1109 1098 2028 1231 Küthen nammen trendt, verkoufft, than vnd
1127 1163 2030 1291 ghandlett, deßen sy J. Aman vorgemelt
1124 1219 1960 1347 schon vor ettwas zytts berichtet habe.
1155 1398 1869 1530 Biotea Hermegherin
1382 1503 1649 1585 vorgemelt
1135 1641 2030 1762 ff Frytag den 5. des Monat Decembris schweist
1143 1724 2052 1814 abgeoffnen, 1617 Jars, Ist durch die Ehrenuesten
1128 1780 2085 1870 Promen fursichtigen wyßen Herren, damit Aman des
1140 1857 2055 1924 keinen schafts Hanns Heinrich Stoß der Burgeren
1142 1892 2104 1988 Burckartt Fischer Großweybel, Dorothea Hermegger
1136 1953 2073 2045 desendtluffnen Bromsers thryb. In der Manen bef
1148 2019 2094 2107 allein mit wortten wegen nachgemelter erzellung
1121 2057 2079 2167 Wasmaßen Ihr thman zu Ihr in gfangenschafft kommen
1135 2126 2076 2213 se examiniert vnnd abermalen, alssernsts ver¬
1141 2181 2100 2290 mandt worden anzuzeigen, welcher gstalt, die denn
1144 2250 2121 2351 Handellluthen, endtfrombdten wahren beschachen, vnnd
1134 2305 2110 2402 zugangen ge, Die hatt sich hiruff glich wie zuuor
1142 2363 2053 2460 der vnweßenheit endtschuldiget, Vnnd nach dem
1133 2418 2098 2532 Wytglönffig erzeltt, Wiewol sy uß furgaben ob¬
1156 2487 2098 2586 gemeltte mywe Sanders nit gement dann
1153 2531 2117 2630 Ir Man werde Inn dir Insell alhie glengklich endt¬
1143 2599 2101 2710 haltten. So hab sy doch senthae das gegentheil er¬
1154 2657 2101 2773 fahren, In dem Mamdich, das beueter Ie Man
1139 2708 2132 2834 wee ihmen Mittwuchens gnacht, ongfar vmb Nun Vhren
1153 2763 2128 2891 In Ir in gfangenschafft komen, den deckel des Katens
1167 2829 2117 2949 geofnettt zu Ir thinab gestigen vnnd Ir mit namen
