4000 3000
219 39 1043 203 Kundtlichen hat er ouch bekenndt, wie
252 114 1044 239 onngfar vor einem jahl einer wyben
247 157 1048 287 son Margret genant, deren zuname
248 208 1040 346 nit zuwüßten, so domals zu Torben
241 250 1073 399 gspunnen, jethund aber sines dunch
218 312 1045 456 zu Bippdiene, die Leh versprochen Vn
220 369 1061 508 richt tag laung mit iren umbher zogen
230 434 1068 561 welche hernach, Wyl syn thnn, vnnd v
236 471 1052 594 iren mißfellig gsin, vor dem vorhaben
221 526 1075 659 Kilchgeung, widerumb vonn Ime gleiche
229 587 1062 720 habe er doch Iren nit wyler nachgfraghe
232 631 1022 734 unnd inn keinen wäg begerth, das
239 683 1039 797 Imme er gethan versprächen leyste.
218 742 1073 870 das er erlicher glupt vnnd banden. E
225 796 1011 887 halb geledigt, vnnd vfglößt werde
231 852 1075 970 sonndern vngeacht deßenn, vmb fastng
236 906 1081 1015 jüngstnerschinen zu Soloturn einanderen
242 966 1069 1075 so Benndichtli Myelheise genommen
231 1011 1082 1128 Vnnd dieselbe zu Custlingen Inn mnnergl
236 1092 1064 1165 S. vnnd Oberen hochen, vnnd Irer Eydt¬
203 1127 1068 1222 guosten zu Soloturn Nideren Grichten
231 1176 1044 1276 zu Kilchen gfurt. vnnd Inmaßen er
236 1232 1072 1336 hiemit sich mit Zwifacher Eeversprch
228 1289 1081 1390 mug schwarlich vergeßenn, vnd versundigt
221 1345 343 1425 habe
213 1416 1078 1502 Vffsölliche des gedachtenn Oberlinshoche¬
224 1484 1077 1570 vnnd schwäre misthandlungen, haben
230 1537 1062 1620 hochgenannt nun Gnedig Herren vnnd
198 1589 1077 1679 Oberen, Schultheis Räth, vnnd Burgel¬
236 1644 1032 1733 diser Coplichenn statt Bern uff iren
209 1699 1064 1776 Eyd zu recht erkhenndt vnnd gesprochen,
205 1777 1071 1881 Das man Inne dem Nachrichter beuelch
214 1855 1055 1945 der Inn obenus, vff gwonnliche Richt¬
214 1914 1068 1997 tatt führenn, Imne Allda. Alls eine
206 1955 1069 2057 Vneerlichen Todtschleger, Wußenhalten
203 2008 1044 2103 dieben vnnd sonst vbeltättige Person.
236 2065 1041 2163 yn haupt Abschlachen, vnnd Allso mit
223 2118 1043 2208 dem Schwärdt vom läben zum thodt
213 2177 1056 2282 nach Keyserlichem rechten richten solle,
323 2276 1038 2381 Dise urtheyl ist uff sambsteg
354 2340 1011 2434 Dennvorgemelten lugs
70 2333 193 2421 A
356 2382 1011 2475 monats. An imme Oberli¬
654 2431 1057 2526 erstaittet worden.
35 2497 189 2594 Nota.
208 2473 1031 2614 Diser Oberli hat Hanns Däsen sines
203 2548 1047 2652 tochtermans halb wyter vermueldet, wie
1015 2585 1070 2655 1
217 2602 1014 2709 yn däsen husgsind, so er gefangne bi
972 2631 1032 2702 pla¬
188 2674 941 2751 zu Herberggsin, glyshwol, wie er
948 2672 1048 2753 ichß
982 2726 1049 2778 wer
176 2705 923 2792 ganngen, habe doch hernach er däsen
148 2752 975 2848 dem hus begäben, Allso das er achte,e
163 2803 971 2881 vil veruntrüwet haben, das sie in
173 2850 974 2942 eigentlich nit ze wüßen, well der
2048 21 2171 99 257
1559 128 1604 194 16
1248 93 2075 276 u ulb
1395 171 2035 298 dem oberen ormund
1552 250 1682 327 ind
1199 251 2026 416 Jacobe Galley syn wyb,
1150 331 2148 480 Demnach ein alltlechter man so sich Hans
1139 402 2088 557 sinernamhet unnd anzeigt er sie
1194 445 2149 588 im oberen orinung ssürtig vor etwas
1189 508 2170 611 tagen mit verkouff etlicher hnneren
1207 560 2058 667 so verdechtig gemacht, das man Ime
1191 602 2191 700 truwet er habe die endtwendt darumb
1201 646 2156 755 ersampt eiem vermeinten wybgfang
1198 702 2097 785 klich ynzogen unnd uff zinstag denn
1202 750 2091 833 15 septembris diß 1618 aes, durch
1187 794 2078 883 gehromen, fursichtigen, wysen
1189 841 2124 936 herren, Soūtel Jenmer, des Kleinen
1199 893 2126 965 shats Hanns Reinhart der Burgern
1187 936 2067 1028 Siclans Brocher, Großweybel
1182 987 2139 1081 zu Marzilli Vffgelegten beuelch nach
1201 1036 2145 1122 mit Zimdicher marter exaumuiert
1729 1078 2094 1175 Der hat über
1140 1091 1513 1170 Wordenn s
1189 1135 2107 1227 die erst zu Ihme gethane frey was
1211 1187 2121 1267 yn haundtierung, oder begangene
1202 1231 2118 1319 schafft sie, geantwortet, wie das er
1175 1269 2140 1366 In siner iuget s hauptman Killier
1203 1329 2151 1415 selligen Inn dem beschechnen Nawer,
1183 1372 2155 1464 wischen kriegszug gedient, desgeyehen
1189 1424 2103 1519 sie er auch mit jr Ludwig von Urlach
1189 1467 2115 1558 selligen iun frauckrych zogen unnd
1202 1519 2129 1620 habe Letstlich anfar vor einem Per
1200 1574 2102 1655 einem hauptman uß Wallislannd
1167 1633 2113 1715 Albul genont, Im Piemont gedient
1163 1666 2092 1768 Allzimmer uß denn erstuermelten
1189 1719 2112 1817 zugen, widerumb heim komen, habe
1189 1776 2140 1884 er zwar anfangs sich dienes beflißen
1155 1822 2055 1922 Aber nachwerts mit habermoll
1169 1869 2169 1989 Roßmaryn. Ep vnnd derglichen sachen
1172 1917 2139 2038 tragenn erhaltenn unnd durchbpacht
1137 1961 2075 2083 dergstalten das er hoffe es werde
1186 2019 2172 2141 sich iies verhaltens, noch handels vnd
1107 2072 2092 2210 Wandels halbnemant billiher
1178 2130 2031 2262 wys ab Ime clagen können,
1150 2203 2161 2389 Alls nun er hieruf befragte worden.
1162 2300 2134 2436 Ober daswys, mit welchem er¬
1172 2337 2132 2490 Vmbherzieche, geeelichet, vnnd deß¬
1176 2397 2181 2548 halb gepurende Kilchenrecht erstadtet,
1187 2462 2162 2609 heler zu bescheid gebennthe, vnnd
1175 2502 2148 2667 sieder filchgang zu Lempach besihen
1129 2528 2127 2713 Wie ein deßhalb imme zugesteldten
1172 2585 2171 2804 unnd durchten Schryber daselbste
1177 2632 2170 2855 verfertigten zuguns brief, welcher
1189 2690 2106 2893 erglich wie auch den prederarte
1187 2740 2087 2962 nit gemamsen gewißte bezuge v
1123 2779 1706 2959 weessolgen
