4000 3000
227 1 1007 237 vandteten
211 89 980 284 Peulmen auch widerumb gan We¬
252 165 989 354 gezogeen,Da den deß herren ger
261 237 1021 435 mans s. geweßner Lurgenampts
241 308 935 469 genampt, sich Irer der Lütschen
931 428 1004 497 dol
238 370 957 526 gar nüt annemmen noch beloden wollen
235 448 973 599 nenhar er, vnd andere verursachet
228 513 975 666 wyl sich Iren niemandts mit bl¬
241 571 989 728 noch weder rhat noch that geben wellen
248 644 1013 803 sonder als verwyßte schaaff verblyben
233 708 928 836 sich miteinandern Zeundreden
937 801 1006 880 hein
244 780 895 892 werts zezuchen, es sye abr
936 870 1008 926 her
234 849 1014 1001 ner Scharpffrechter deßen die mehrste
242 910 1006 1045 vrsach gsen, dan derselbige die sacham
245 970 1015 1125 ersten antriben, vnd furbracht habe
205 1078 998 1193 Ist auch berantlich, das der hingericht
227 1148 984 1258 Wüler, der Gätz von Burgdorff
227 1202 1014 1320 Rudi der Zuuerman alhie, wie an
234 1260 1004 1381 er und aner alse sy hinweg gezogen
239 1335 1000 1435 die ordnung helffen mochen, sgent
233 1394 1017 1490 aber nit lang also in der ordnungge
206 1465 1009 1555 Zogeie, sonder glych hernach einer hier
221 1521 997 1626 der ander dört uß gezogen, also das uff
209 1587 1010 1679 heinstraß ein Truppen baldt vorsi
215 1642 1016 1759 baldt dört hinder im gsen unnd
213 1723 1007 1823 wyl Joseph Ram synes h hauptmann
228 1779 1017 1898 (geweßner Bfyffer, Inne hieuormn¬
215 1845 1008 1958 gclagt, das nachdem er synes ußryßen
215 1918 997 2023 halber In einen rien komen, ein
211 1974 993 2086 deßwegen widerumb zu dem fennd
191 2032 1009 2148 Zuhen wollen, sye er schlegell vnd and
197 2118 994 2223 ime uff der traß begegnet, die ime
191 2175 1002 2300 den anghalten, das er mir mit zne
192 2241 999 2361 nach heimwertz züchen sölle, das es
184 2308 992 2442 inen nüt schaden werde, uff wellich s
178 2355 997 2499 starck anhalten, er sich von dem schlh
181 2399 1009 2558 und andern uberreden kannd also uffwihle
171 2491 973 2637 laßen, dan wo sy nit weren gsen
171 2549 993 2701 lich er schlegell, so were er widerumb
146 2604 1007 2780 zum Feul gezogen, welliche ueßsst
153 2695 960 2852 hiemor gethane verricht und anclag
868 2757 970 2841 Nach
1929 22 1992 85 14
1101 41 1963 235 Nach dem sy ime schlegell fürghalten
1112 101 1973 285 worden, er derselben endtlichen gestenden
1113 159 2005 347 syn müeßen, obglychwoll er sey anfangst
1690 222 1854 280 1hafest.
1108 237 2009 404 stark vernemet, Habe aber niemandts
1087 301 2006 460 sonders sonderbar uffgewieklet, den disen
1092 371 1991 565 Pfyffer, der ime also uff der straß begegen.
1087 518 1178 589 net
1094 503 1994 658 und nach dem zur fürghalten worden, ob
1114 578 2007 703 er nit dem Henrich, das fendli abgenom.
1115 621 1956 758 deret habe, vnd mit demselben Vßem
1090 683 2030 830 veldt züehen wellen, hat er doch daßel
1087 765 1990 902 big starck vernemet mit vermelden, das noch
1096 835 1911 943 dm oer vor Nenner, Im Creffen das
1069 897 1916 1032 heul von der stangen gereßen, er es
1079 968 1936 1087 darnach an der stangen nit wygers
1085 1069 1356 1157 gestechen habe.
1082 1123 1931 1243 Rügt un g gantz demüetig umb gnae
1122 1194 1976 1299 vnd verzyehung, vnd vondt Ime Iue
1109 1264 1860 1360 begangne Fhaler von grundt
1107 1329 1565 1434 snes hertzens Leidt
1085 1396 1982 1497 Ist 2 mahl lähr und das 3 mahl mit
1079 1462 1896 1571 dem kleinen stein vffzogen wordn
1066 1574 1871 1694 Den 29. May ist diser vff gnad
1089 1651 1935 1758 vnd verhoffende beßerung ehr- vnd
1091 1711 1924 1825 wehrloß wie andere memedige
1082 1775 1920 1898 Soldaten erkent, vnd vff abtrag
1091 1848 1975 1959 eostens wider ledig gelaßen worden.
1201 1944 1832 2092 Jagues Vinou von
1247 2051 1656 2144 renobles
1085 2091 1945 2262 Vf nd hann  diß 1021 garß ist
1106 2179 1987 2321 Jagnes Vinsu von Grenobles, von
1110 2258 1915 2410 den pronoren uff der Landtszege
1102 2318 1963 2466 von Mangen by Bimplitz gfengebel
1109 2380 1979 2520 ahar gebracht worden, aber nüt tädtlichs
1114 2420 1970 2581 uff inne klagen können anders da das er
1103 2496 1990 2649 ein frömbde gantz übel bekleidte pson
1038 2519 1990 2741 ir bregt an syr synes handtwercks ein sommeth
1101 2604 1914 2788 waber, kome vom Soloturn, welle nach
1099 2642 1940 2871 Franckrych will keiner unthaten ge
1118 2718 1321 2824 dg e
