4000 3000
272 89 1038 310 habe, mit vermelden, das wan einer das ls
263 184 1023 357 9 tag ohn uffgethan, an imme trage, welch
277 232 985 379 das faltwehe habe vertrybe es einende
283 291 1019 453 das aber derselbige springen imme oder syner
286 338 988 491 anzeiget, das solleches ein beschworner
271 391 1007 551 oder anders Zouberwerck sye, werde
990 477 1036 539 geis
272 460 1031 623 nit erfinden, noch vilweniger, das er sellich
259 512 1022 675 zum Zauberwerpk gebrucht, noch auch
269 569 1022 732 er schr�cter gredt habe, er könne d
251 637 1014 769 Trückli beschweren, dz es ein stum von
280 688 1006 843 gebe, dan er könne kein Zuuberwerff
252 758 1019 908 habe daselbige nit gelernet, vil wenigen
266 816 1009 945 das solches solle gebrucht haben, dan zum
262 891 1027 1010 derglychen sachen Jemalen zu Sie keum
268 944 1020 1095 Belanget das ütschi buch darinnen vilzu
278 1021 1020 1126 werchß syn sölle, und wo er daselbge vo
269 1066 1014 1176 komen, sye also, das uff ein zyeg zrenhen
264 1134 1014 1250 Vßem Sibenthal, by Imme vbernecht glei
257 1193 1019 1311 und als sy am morgen widr hinweg gan¬
259 1251 1028 1364 habnit sy daselbige buch in synem hüßligh
269 1305 1023 1409 laßen, das er den siderhar behalten und de
275 1374 1033 1471 wyl er weder schryben noch läsen könne, habe
265 1436 1010 1534 er nit gewüßt was daselbige zughalten
278 1495 1026 1592 unst er sich deselben ab: vnd hinweg thu
259 1569 371 1625 herte
230 1580 1023 1697 Antreffent dzs Latiische buch wo erdehts
264 1667 1028 1763 uberkommen habe er uff ein zyrg mithans
243 1724 1003 1812 Loyen von hnn, vnd noch einem anderen
249 1777 1014 1869 zu Reggisperg Im Wirtzhuß einen Jar
249 1840 1020 1929 gethan und ungfar by einer j v verzei
260 1900 1016 1979 als abr die anderen beidt Ire vrog dem W
245 1947 1026 2042 zuzulen kein gelt gehept und aber der mrt
261 2013 1000 2099 niemandts anderem dan Ime schrötter
206 2061 1017 2180 gethöuschen, wie er den dem Wirth fur die¬
254 2108 1010 2215 deren auch Zolen mueßen, do habent
245 2186 1006 2282 die anderen beidt Imme schröten, daßelbig
246 2229 1002 2350 Latmnsche buch zum pffandt gelaßen
248 2264 1013 2387 mit vermelden, das sy es von Ime vnd
256 2331 1013 2463 losen woll nit, selbiges abr noch bischeri
246 2388 1023 2513 gethan. Das er aber daßelbige dem schulm
966 2416 1012 2499 sich
969 2485 1023 2541 ale
229 2482 932 2568 zu translatiem angepotten werd
966 2518 1032 2595 de
246 2508 961 2651 erfinden, vnd er schrocher wuße noch
256 2557 953 2683 nit was daselbige inhalte, er halb
916 2599 1021 2697 el
235 2636 902 2753 darfur, dzs e ein Zouberbuch sye
243 2659 1006 2833 auch vff dismalen Beter Rieder v
240 2755 956 2901 dem Ghuggisperg habe, alda nn
228 2868 649 2959 auch findt werde.
1050 370 1086 441 se
1868 19 1970 90 172
1119 65 1952 257 Bels Bauli handt hievorgemelt über
1109 143 1956 317 ose puncten gegem schräger confrontiert
1116 196 1980 361 een steinlich ab nit uffein zyn der schul
1123 261 1974 411 eister imme handt uff syneßden an.
1110 308 1913 476 salten, das auch latinsche buch vorgelasen
1101 370 1953 527 vnd an Inne schuelmeister begiert er solle es
1090 435 1948 585 hen vertolmetschen. Der zeigt an wie de
1111 500 1978 626 er vff ein zyg von synen gschefften wegen, nach
1094 560 1957 683 tun wellen und als er gan Riggisperg kommen
1112 610 1959 736 treffe er ungferdt den schröch und schulmeister
1096 670 1922 805 sy ein anderen an doläse der schulmeister
1097 723 1997 854 zu einem latunschen buch, das er abgwüßt was
1112 776 1983 888 ergläsen oder wer dem schulmeist das buch geben
1103 845 1958 963 sye nit dan er wenig gwüßt, was er gläsen
1109 906 1930 1010 dan er weder schryben noch lasen könne, habe
1110 964 1991 1058 auch nüt ungepürlichß alda verüebt, den nach
1112 1030 1979 1128 dem er handt vnd andere hieuor Jaren, dz
1110 1082 1994 1187 schatz graben wollen, vnd auch von eines lastung
1107 1143 1940 1242 buchß wegen alhie abgestrafft worden, habe er
1118 1199 1983 1292 sich derglichen noch anderen Lonberischen sachen
1117 1247 1988 1338 nit vnderwunden, keune diselbige noch ondere
1107 1310 1984 1414 derglychen Zauberische funst nit, wolle auch kein
1110 1390 1446 1461 Zauberer nit syn
1113 1443 1982 1569 so vil die diebstäl antrifft, so dem schrotter
1094 1529 1952 1619 wycers fürghalten worden, de er solle
1116 1589 1943 1676 begangen haben, Item dzs er auch solle
1095 1638 1958 1729 4 offentliche entschlochmußen gethan
1118 1701 1988 1781 haben nebent dem dz er sonderbaren per¬
1116 1752 1982 1863 sonen Spych vffbrochen, vnd auch etlich vnd
1118 1829 1971 1926 vff dürboret haben, will er derselbenn
1128 1884 1959 1973 Im wenngosten nit gestendig yn, daz er
1124 1936 2031 2048 red entschlachnußen gethan noch vil wenigr
1863 2005 1928 2066 für
1123 2007 2025 2104 einhem möntschen wedr haller noh hallers
1123 2056 2010 2178 werdt entfroubdet zu haben, mit ver
1130 2114 1996 2220 melden, dzs die Zenig so solliche clegten ob
1130 2175 2011 2292 hmne fürrnit, selbiges nur ußnyd Haaß
1112 2215 2019 2370 und rachgirigkeit schneynt, dan derglychen
1112 2286 2045 2408 sachen vff Inne niemermehr erfundtn werde
1116 2331 2030 2499 anblauget, das er sölle zu Ruff Bölen geredt
1127 2423 1983 2554 haben ab er mit imme wolle schätz groben, dan
1130 2487 2020 2611 ir schräger könne den bisen geist bschweren und
1138 2541 2020 2666 mit der sachwol umbgahn. Ist allein bekantlich
1141 2592 1973 2731 derächte gredt zu haben als byetliche
1136 2642 1986 2785 Winis ein schatz groben, ober mit im
1142 2703 2025 2856 hm wolle, abr nit, das er gredt, er könne
1144 2751 1999 2911 geist bhweren, werdt sich auch nit er
