4000 3000
227 80 941 248 dardurch übels zugefüegt, sye sy
227 133 963 315 luch mit gestendig, werde sich auch
237 206 809 334 mermehr nit erfinden.
197 259 973 443 Deß widers halber den sy uß keyn
239 328 969 498 bel Nußboums machen solle ge
225 387 962 541 haben, welcher den glych hernach
239 445 983 619 druff gangen syn, wüße sy gantz
232 525 938 659 daruon, syes schweg unschuldig
201 575 1005 768 das sy ein her solle syn geschalten und
205 655 998 811 sy ira nit undermundts beschechen, wolle
228 728 1002 894 Ira solche wort durch ein andere s
214 803 988 944 vson horen tragen worden, welchesy
218 866 1003 998 den Rechtlichen zur reparationge
225 922 1012 1059 triben, also dzs dieselbige Fra ein enthe
227 985 980 1105 nuß b geben sollen, aber von ir
234 1065 1003 1164 wid erbätten worden, das sy denselben heach
236 1113 1000 1210 nit begerten habe, sye also der anshegt unschulig
237 1169 999 1244 sy die gefangne will also Iuwe¬
235 1207 997 1302 ingosten keiner Hexrrey, noch de¬
212 1251 979 1350 glychen sachen nit bekantlich nach
221 1317 981 1422 gestendig syn, sonder vermeldet d
231 1389 993 1475 die zenigen personen, so derglychen
225 1448 976 1551 von ira rednit gantz ungüetlich
220 1516 987 1603 vnd mir uß nyd vnd haß redint
182 1573 1004 1682 Vnd bittet hiemit vndt gl gantz¬
225 1643 996 1746 müetig vmb liberation, und das
209 1710 989 1808 Ud g ihro das liebe recht wider zr
212 1778 984 1872 anfkleger uffthun wolle, dardurh
221 1841 984 1945 den u gembris sehen werde, ob sy ein
212 1881 993 2021 solche verstn sye oder nit Hoffeab
210 1972 1006 2088 das derglychen vff sy meiner mehre
206 2067 596 2163 erwisen werd.
1908 12 2003 83 181
1173 46 1919 243 Clandma Martin
1277 161 1683 298 hirvorgemeldt.
1181 246 1883 394 montag den 2t octob 1627.
1095 315 2001 508 It Claudmna Martin uß der Grass¬
1099 383 1993 560 hafft Buwenburg, wegen deß hieuor
1087 463 1911 611 fhweien zugeeigneten, vnehelichen
1083 529 1912 679 kindts, in der Mannenkefi durch
1093 598 1900 743 Herren Dandt Fellenbeteg, als
1102 656 1914 818 gren Herren exammatoren, vnd
1082 733 1872 888 s Großweibel Kilchberger
1100 806 1991 934 nochmolen mit ernsthafften worden
1102 858 1998 1004 vermant worden, den rechten varger
1096 943 1982 1068 zu irem erzügeten unehelichen kindt
1096 1014 2001 1156 zunamsen, hieneben auch Iren anzeigt
1099 1093 1993 1208 worden, wie das die beide vriel homen
1100 1172 1928 1265 vnd Abraham Detrer, sochbe¬
1107 1218 1988 1350 welichen beide sy anfangß Ir kind
1100 1312 1991 1432 zugeeignet hoch betüründt und mit
1107 1378 1932 1489 der marter erhalten wellindt, das
1111 1457 1985 1564 keiner iren jemalen nit schuldig worde
1104 1516 1934 1618 st möge sich also woll fur sehen
1103 1596 1977 1683 vnd den rechten Vatter zu disem
1100 1654 2018 1743 Irem Kindt Zunamsen, vnd keineren
1112 1725 1968 1833 nit unrecht zu thun. So ist sy
1118 1803 2033 1908 doch bstendig vff dem verharret, weße
1118 1860 2041 1975 sy sich hievor an der marter erlüteret
1119 1938 2021 2055 als dzs beide der Detres vnd Jomin
1133 2002 2038 2140 sich fleischlich mit ira vergangen
1114 2083 1953 2189 vnd es se der Detrey, vor dem
1109 2134 2016 2261 Jomin by jra gesin, möge aber nit
1125 2197 1999 2328 wußen, wie manche wuchen es sich
1124 2281 2008 2399 darzwüschen Srhoffen dannenhar sy
1127 2353 2038 2483 den das kindt dem detret und keinem
1131 2420 2008 2546 anderen Zweignen könne, beharret
1139 2479 2059 2642 hrneben nach uff dem, das deß detres
1141 2544 2046 2703 velber und muter iren mirt und gaben
1136 2610 1964 2753 vgesprochen das kindt nit irem sohn
1143 2680 2030 2861 sonder einem anderen zugeben, da sy de
1153 2739 1945 2905 Idn einen vnd anderen verharren,
1147 2808 1709 2964 daruff sterb wolle.
