4000 3000
134 66 1124 284 wäre er inen iun irem fürnen
259 160 1124 330 Im wider weil sie auch uersach de
268 202 1147 394 ihnen Contract zu Geyel mit
272 242 584 348 haben. etc.
241 328 1070 495 Das dann er wyter beschuldet
266 394 1144 560 Alls hätte er deß trugk unnd fel
1069 459 1137 513 wie
277 459 1139 605 halben vonn ehomar  enr
274 503 1124 609 sye nit wöll war das hf
238 520 1151 677 chweger Ibsexh 6y 26 l en
292 603 1133 734 s hernach btyber Wolffen
242 640 1137 792 2aich teie 30 lb wegen siner
226 692 1133 825 Wyl sy dey herren Gubers
305 730 1134 872 frouw siner frouwen Tro
265 752 1071 899 umb einsglycht sum versetzt
1075 854 1109 895 s
200 822 1123 945 Wsherlöfung deselben ents
255 865 1127 992 Sallen, so aber nicht beschechen d
230 922 1121 1041 Alles aber sye er synese Schwy
215 976 1125 1090 umb wyg gfflir auch andere sehe
237 1032 1120 1135 unnd das dter vorgemmelte brich
224 1088 1116 1192 Ann hauptgut mehr dann aberd
248 1142 1129 1248 Schuld gei, wie imme syn sihwy
257 1201 1134 1291 furgäben inngehalten solder
245 1254 1134 1342 zethun vnnd sch bildig gsin nachweg
266 1296 1134 1376 fuh befunden, das sin gehegt erwyln
212 1320 1125 1423 Iun ime ehebrüchtig worden, alle
204 1390 1128 1469 Das er sich wann irg scheiden laget
278 1434 1113 1518 ab dershalben sich ieiner sachen
222 1482 1125 1565 So syntchwiger unnd uns ebetros
177 1518 1129 1616 Wyfter annemen noch beladen well
220 1604 1128 1720 Sehüge hiemit gn2 gott by vleren
278 1678 1137 1761 yner fälligkeit das alles srobtar
158 1719 1135 1816 Wahr vnnd er den gebruchtet falt
241 1772 1077 1864 unschuldig sye, Es warden aber
169 1808 1122 1910 Echteyber Langkamms hierüberzwy
257 1859 1112 1958 Els ohn inn sonnderreyt wär
223 1904 1117 1989 Ime obenfelch gäben vilanzognen
181 1950 1119 2067 Brieff, in stramplatieren auch wei¬
236 1988 1126 2101 ersilchen vohrglägen habe iin
222 2054 793 2153 bevielchgaben,
171 2093 1114 2267 spach demnun Schryber Lannphan
210 2181 1097 2311 uff foliches auch beschickt unnd vor
173 2234 1098 2360 amzognen magot underfngen
203 2283 1107 2400 gstelt worden hat er denselben
180 2332 1088 2446 dey Aranslatierten brieffsthalb
226 2383 1081 2501 entschuldiget mit vermelden
180 2432 1114 2554 habe inn synes wugens neinden
201 2470 1110 2595 alls jetz gesechen. Die sach abers
187 2516 1110 2643 sich volgender gstaldt verloffen.
130 2588 1091 2696 Alls er Kompfar vor sechszächen
184 2619 1113 2753 Jaren by mwister Sichin fn
1048 2661 1114 2710 a
225 2680 1039 2790 ggmals wurten zemn Wildens
151 2714 1099 2852 zu Lisch gangen hab sich pferrer
2106 27 2174 84 90
1234 74 2173 278 Hanas Vom BBrigach degen erhanst
1262 134 2135 341 Iem erkanndtnus gehept, Paunthn
1254 201 2157 378 gorh Tillman, auch valda befunden
1247 249 2167 420 welche under anderem anzogen.
1198 298 2117 461 e habend by Herren Schrybti
1242 323 2191 522 backen ein srieff willen transla
1247 394 2195 552 suren lagel er sye aber nit anheimsi
1410 440 2200 560 nun nit gesummpt wordent
1234 504 2160 615 ann s den würches wolle inen
1241 539 2176 689 ein anderen der Flantösischen sprach
1242 573 1442 643 haten
1245 591 2162 750 sonenden Schriber so sy langenng
1243 639 2172 770 fertige verzeigen, welcher Innen
1225 689 2179 845 volgents uee Langhanus sogegen.
1216 741 2126 876 wirtig gsi vernambset daruf
1238 793 2129 923 syftind gebatten furtrieenden
1210 853 2182 981 Groeff zu vortigren, welcheser
1239 890 2185 1020 bestflyses gethan unnd den brieff
1246 941 2176 1064 es sye der zugen auch dey datums
1237 988 2158 1103 halb ohn enderung zun Dütsch
1266 1043 2166 1143 ersetzt, sye demnach mit Chommsas
1217 1092 2166 1206 unnd Josterh Tillmans inn vorge¬
1223 1149 2160 1245 melter Frym huß gangen. iren
1225 1193 2196 1299 dem Grieff Vorsglagen, welchen
1197 1244 2149 1329 sy Iren ohn einiche widerreed¬
1237 1297 2082 1388 tfallen, vnnd belieben lagen,
1185 1340 2174 1415 Dtenselben nit nun under schriben
1255 1387 2200 1486 onderen auch verputschiert darumb
1266 1459 1296 1493 1
1240 1437 2160 1531 syeer Langhanms vonn Choman
1228 1493 2196 1587 zuguttem vernugen bezallt worden
1219 1548 2184 1634 Efmögte twar Mason zum wilden
1229 1598 2136 1679 man mit Iuei gägsen hhaben er
1242 1640 2180 1707 habe sich aber diser sach uiteit be
1220 1686 2158 1775 laden er langhanns abim lich der
1231 1741 2158 1839 im brieff vernambseten kügen.
1232 1784 2130 1881 nach den Gatnus nit eryneren
1195 1824 2181 1934 wegen feytear vill jar verfloßen
1247 1887 2188 1993 eruch deyhalb wyl die pattyen
1208 1930 2184 2029 deß einen gsu unnd das der haupt
1232 1984 2173 2090 brieff von einem franzöfffihen
1228 2023 2152 2128 notario verfertiget worden
1222 2091 2150 2202 stein Copreÿ behalten. hoffe dis
1216 2131 2198 2249 Sölle Ime Inn anseihen Sschaffen,
1219 2181 2147 2308 keyt. Der Pach Poin nachtelll,
1210 2220 2153 2354 obringen wachgebären, mit pitt
1235 2285 2118 2413 man wolle inn by der ime
1239 2341 2127 2465 ertheillten Eherbewashung
1238 2362 1778 2503 verblyben lagen,
1171 2433 2192 2609 Was anlanget das d anvill
1221 2532 2150 2664 idlen Zū Enngigen, mit Ime
1225 2582 2188 2715 sachet haben solle, sie nit wol
1187 2592 2142 2785 Wan das Khognas wach verkaūff
1196 2637 2179 2839 desen so abstadt mit mac einer
1201 2704 2068 2873 Sonderren Person gatn
