4000 3000
181 51 962 167 Demnach hat er Schmid auch beke
131 122 942 232 Wie das er mit fürff oder sächs
194 160 946 256 meinen tornen sich znn wärcken
193 209 946 307 hūrey vorganngen. Dauon er
175 254 1016 382 gemelden, die Plater kranckheygt
193 305 939 405 vberkommen, Welcheren der
192 366 1020 488 richter zu hrybner Inne Curiers
193 409 1022 538 unnd diewyl er nit wenig schmeit
199 465 1010 584 deßhalb eydenn müßen, hab er bys
203 521 988 624 elbgeschworenn, vnnd glopt, sich In
184 569 1025 711 derglychen Sunden, mit mer zeuerss
194 630 1012 741 vnnd so er solches thun, vnnd das soe
186 679 980 774 gschwören übersuchen werde, söll
181 732 1016 847 leydige Eüffel, vor dem vns Gott¬
182 783 1009 892 war, gwaldt zu Imme haben, vnnd
193 836 1005 945 Inn Zerzeeren, Welchen Schwur¬
173 889 1003 989 vnnd daruf beschechne gluch Aber et
186 954 1003 1053 hernach nit gehaldtenn, sonndern Im
193 1007 989 1117 zury sich wyter vergangen, Allso
194 1062 994 1152 das er deßhalb ouch nit wenig An¬
181 1110 1013 1203 fächtungen gehept, sie Im Aber Ale
191 1170 976 1264 vonn grund sies härtzens wyd
158 1292 1020 1407 Vff silliche des gedachtenn Peter Schm¬
191 1380 1005 1474 bekanndte hoche schware, vnnd Abschin
195 1433 1005 1527 liche mishandfungen, habent hochge¬
171 1487 1008 1578 namnt nun Gnedig Herren vnd Wet¬
178 1540 1021 1627 Schultheis räth unnd Burger jse
178 1602 1009 1684 Coplichenn Stagt Bern, vff Iren
179 1643 970 1739 zu recht erkenndt vnnd gesprochen,
175 1716 1014 1822 as man inn dem nachrichter beuelch
167 1811 978 1901 der Inne Obenus vff gwonnliche
164 1861 1000 1928 Richtstatt furenn, Ainne Allda Wy
176 1912 1012 1996 er uß großem rüwen sine begangnen
171 1966 961 2057 faler, freywillig bekhanndt. vß
164 2009 1006 2115 sonnderer gnad unnd Barmhertzigkei
171 2069 994 2171 yn haupt Abschlachen, Demnach den
151 2096 997 2225 Crpel zim ein brönnent für werte
150 2184 984 2284 zu Julfer vnnd Aschen, verbrönne
151 2224 1000 2332 unnd allsovom laben zum thodtman
140 2285 978 2389 keyserlichem rechten richten solle
84 2428 997 2547 Obgeschribne urtey ist uff zinstag de
134 2495 983 2586 6 januarii an imme Schmid, vollzoge
98 2553 712 2656 unnd erstattet wordenn.
1981 15 2077 89 643
1136 59 2056 255 Leonuidcilorie zu
1306 164 1922 291 Syon zun annemnen
1531 226 1731 314 Püntig
1118 261 2063 448 Demnacs Leonare moree zu Kyen zun
1116 337 2068 481 funerien fürtig jüngstuerschines zinstags
1115 376 2066 534 wyl er einem so sich matys Cristen namhet
1143 431 2028 586 sinen seckel uß dem hohensack vermn¬
1126 468 2104 619 koupet, gfenngklich ynzogen wordenn, habe
1113 526 2103 658 vß beuelch inner Gnedigen herren vnd Oberg
1119 583 2100 715 die Ehrenuesten, Frommen, fursichtigen, Wy
1136 629 2116 734 sen herrenn, Johanns von Büren des kleynen
1131 699 2080 805 Raths, Hanns Frantz von Wattenwyl der
1132 734 2088 861 Burgeren, Burckhart Fischer Großweyb
1135 796 2005 897 el uff frytag den 20. februarii
1117 832 2088 956 diß 16 18 Jarb inne Moree zu Marzil
1141 881 2094 991 mitmarter examiniert. Der hat volgent
1132 943 2085 1037 nachuolgennde diebstäl bekenndt vnd ver¬
1116 1031 1290 1113 sächenn
1103 1068 2076 1172 Eestlichenn denn obanzognen Inn der statt
1103 1128 2084 1226 Allhie begangnen diebstal betreffent, Dase¬
1126 1172 2022 1267 hat er zwar, unfanngs nit kandtlich syn
1109 1221 2019 1303 wollenn, mit furgaben, er habe die Ar
1112 1255 2090 1361 Im gefundnen Lutzernschilling, vnnd Eydt¬
1106 1312 2046 1411 gnößische diekenn by Nüwenburg gegen
1117 1364 2057 1457 französischem gellt, damit er uff Basell
1122 1418 2059 1509 zu sinem bruder, so ein schnyder sie reysen
1128 1464 2100 1540 mige, Verwechstlet, nachwerdts Aber, Alls
1128 1516 2040 1606 er dis diebstals Anreed worden, hat er
1112 1566 2097 1633 anzeigt. Wie das er obberurter Ter¬
1111 1611 2009 1693 son, denn seckel uß sinem Hosensacks
1121 1654 2076 1744 genommen, Volgendts das gällt, uß dem
1107 1700 2032 1796 selben gethan, Inn ein Tumpen bunder
1127 1750 2052 1830 vnnd den Seckel wag geworffenn. Wie
1129 1802 2021 1891 nun er nach demselben einem Furstman
1123 1846 2068 1940 ouch Inn syn hosensack griffen, habe die
1102 1881 2077 1980 Person vorgemelt solches ersächenn, Inne
1108 1944 2086 2044 volgents bim arm urwütscht, das gällt
1133 2003 2098 2087 ber Im wie obgemelt endtzueft, wider
1110 2045 2093 2151 gnommen, und Inne Inn gfangenschaft
1098 2093 1262 2182 gfürt
1061 2148 2103 2290 Allsnunmme herren vff solches Ime fürge¬
1067 2218 2047 2341 haldtenn, Wyl er sinem furgaben nach
1110 2279 2056 2399 vff Basel zureysenn wollen, hate er nit
1097 2328 2032 2456 gan Frybung, noch hieherreysen söllenn
1097 2375 2096 2508 muse derhalbenn volgen, das syn furgab
1098 2424 2083 2569 en nit warhafft, vnnd er sanß anderen
1111 2469 2087 2623 so verschinnen Zinstags ouch Allhie arg¬
1089 2539 2085 2660 Wönischer wys gsechenn worden, vonn dieb¬
1073 2566 2071 2728 sals wägenn inn diß Lanrd, komen syn
1091 2621 2079 2785 deßthalbenn Inne Alles ernsts, sine nist¬
1093 2680 2051 2824 schanndlungen zubekennen, ouch war unnd
1089 2729 1920 2888 wie sine gspanen sien, vermanndt
