4000 3000
352 89 930 206 Senamin Grod
161 152 744 260 von Bampigni
813 249 855 299 do
134 269 942 391 off Sonstagg den 12. junii 161 j
231 311 943 414 sigenwrtigkeit h Gueckharz
218 347 950 456 Abers Grosfweybeld gatt Ssine
213 386 952 495 don d tipiges uber die artirn
158 416 944 540 I sme fürgehalten worden, inder
106 448 733 588 mannen befi alhie bebendt,
117 511 935 653 Erstlicher gabn er sich gieuor pfen
79 566 919 715 Gyfe von zug und gesind geügerehtn
163 599 929 731 da sehr sann mit wyl undad kinden
151 637 943 766 by den sachs wirchen umbgar gezogen
159 689 945 794 wellch ekrmbdehwegen beschechen, da
176 717 958 822 sie erste ehe frouc susfreyen p20
177 746 965 860 angesen worden und dahar ihn sollit
180 799 918 909 eronckheit gefallen, das er syani
187 824 929 933 samt den kinden mir sich gefromen
180 855 932 964 in meynung, sya die frauw heilen
144 895 966 1008 belaßen, die binder afer desto das ge
154 922 961 1058 durch zebring, wie baldt er aber wide
151 963 967 1085 umb acheinisch worden, sye gemelte
181 999 960 1096 sin ehefrouw in dryen taggen daruan
137 1062 570 1158 odts verscheidenn
214 1078 924 1197 ennach habe er Jc Hanns Sache
214 1142 934 1231 nachgemelt vor ufgefarlichenn
208 1184 928 1268 echswuchen zur dlirenstatt
199 1213 964 1313 im spittal antroffen und aldorde
211 1253 954 1355 selben die ehe verfeigen, solliche aber noch
193 1284 972 1379 nit mit dem kilchgang voll zogeni
196 1338 975 1437 eie alsman inne befragt, warun
200 1405 960 1469 er ein sykglang den arm in einer
207 1436 957 1507 schlingen getragen, hatt er geant¬
209 1465 959 1533 wortet, hölliches darumb beschechen
220 1504 960 1581 yn, das es eines mals ab dem mul
205 1541 951 1610 ier, welches es mie kinder daruf
174 1578 961 1662 seturen erkoufft, zu boden gefalln
110 1575 162 1650 1
196 1615 962 1691 und sich an demselben arm rletzf ghan
211 1677 972 1777 dab dann den jenigen gesellena
195 1730 964 1796 Der by der Nüwenbruggen antroff
139 1741 188 1805 I
193 1771 960 1837 antreffe, So sye nit wenig, dann do
197 1805 966 1874 er denselben Hieuor meer gesaehenn
182 1837 963 1899 und also etlicher mahsenerkendt, mit
190 1873 969 1953 imme aber kein sondere gmeinschaff
182 1916 970 1977 nit ghan, weder das sy mit einandere
176 1959 777 2030 gan Rnitz zogen genat
140 2017 963 2114 Otem als er befragt worden, ob er nit
185 2093 958 2147 allmußen zu stür an ein brune
189 2111 963 2185 genorderet, hatt er bekendt, das er zwe
187 2154 956 2228 söllches gethan, daßelb ige aber in sin
193 2193 966 2261 fetzigen versprochnen namen vleich
202 2226 966 2308 als wellche ime eine ire ttestation
200 2269 938 2342 sohra von ersitner bemutt wegen
183 2303 957 2381 ertheilt worden, geben und zugesteltg
159 2362 970 2482 Ferners als man inne befragt, obe
176 2434 970 2520 nit mit einem, so sich sys genauft
133 2448 960 2555 und von Malefitz wreg hingericht wor
131 2507 956 2605 wil gmeinschafft ghanne, hat er geantw
2032 24 2080 74 15
1099 62 2070 212 er habeswar gemelten othi wol khende
1052 140 2033 252 sye auch samptanderen ettliche mal by
1085 177 2041 297 unnd umb innegsin, habe aber weder
1085 215 1987 323 mit ihme noeg sunsten etzit bötzes
1077 269 1430 378 it verbracht
1135 292 2076 446 annelte hatt er bekendt, wie dasen
1098 372 1949 489 gieuor einem jar zu Frybur
1174 388 2010 501 in erdann kinin getrag zeider,
1104 446 2025 562 kouffen, sye gefangen, volgeents zwe
1084 475 1179 533 Hoch
1111 490 1997 605 tundt latig anßas Galzysen gestelt
1099 525 1999 641 und daruf gin vonn dersellben sttatt
1073 580 2037 678 und dero angehörigen landtschafft vor¬
1074 609 1959 733 wrihen worden unangesetzen ermüt
1070 647 1971 749 bößes begangen und dezwegen mit
1100 687 1995 800 wüsse, warumb imme söllchs schmach
1019 734 1730 851 widerfaren und begegnet
1079 837 1882 982 Fehanne rache
1183 908 1749 1013 Wvor laconsx
1108 1039 2046 1137 It tag unnd darvorstatt hatt Jchann
1055 1104 1998 1175 Bßachs von Laconden der Herrschafft
1097 1138 1999 1232 samdt Victor burtig in der mannen
1075 1184 1507 1270 kiefen alhie bekennt.
1051 1252 1981 1342 Erstlichen das sy sich uß irem geines an
1121 1305 2074 1384 dise ort unnd undt begeben, sye die ursach
1063 1354 1956 1433 Das jravermög habender zigsame
1086 1388 2021 1460 huts und heim und hiemit alles was e
1100 1422 2016 1505 ghan und beseßen verbrunnen und e
1089 1469 2046 1549 deswegenstir und allmüßen vordehren
1046 1505 1296 1575 wöllen.
1078 1563 2004 1653 Demnach hatt sy bekendt, als sy uf söllch
1145 1614 2042 1683 irer reyss zur Nüwenstatt rossecht
1090 1657 2009 1733 Wuchen, oder Zweyen ionataie
1097 1698 2082 1759 ankommen, habe sich begeben, das der spitto
1072 1732 2070 1800 meister daselbsten jra und vorgedachtem
1090 1783 1911 1838 Ddianin zuttrincken geben und
1934 1785 1980 1827 se
1077 1807 2061 1873 domhalen einanderen die ehe rgtiten
1073 1846 2022 1904 zu söllichem aber habe sy verurtachet,
1070 1887 2031 1945 das sy inne Odmanin hienor in
1048 1917 2078 1997 Morsen gesechen, vnd man inne Jraabhy
1098 1976 2058 2039 gerumbt, Ime auch vie guts nachgesagt
1027 2020 1973 2074 Welchhen worten sy gegloubt, sich alsso
1080 2051 1995 2114 ehelich gegen ime verlobt und biihfarr
1096 2077 1930 2146 mit Ime rmbger gezogenn
1252 2157 2004 2289 sthoine houlard
1109 2330 1978 2432 Iff obermeltem Jag gan Anthonir
1195 2399 1974 2462 Honlard sines fürgebens burt
1042 2410 2064 2509 von Gauf in der mannenkat alhie
1076 2486 2082 2548 uber ime fürgehaltene jsuneken ife kandt
