4000 3000
273 29 1059 263 ndes werl nich diß ist
274 136 1045 319 sy gefangne, umbstendtlich
253 198 1025 347 ant worden über das
227 233 1068 427 unnd ander warhafften bsy
270 308 1076 467 zeraben, inn ansechen mid
256 350 1080 508 Ghherren warhasssen be
280 414 1044 545 empfangen, das beyde ob
254 466 1041 611 fer werderpt der samt
258 516 1030 654 vff dem Kleynen Zuberen
263 574 1038 694 funden worden, furnemli
255 628 1049 752 wie nit nun vorgemelte, s
259 684 1040 801 ouch andere untaten unb
244 735 1052 855 bezügent, das sy ein mnhuldi
264 799 1049 915 sie etc. hatt sy doch mitzit bes
248 855 1055 967 noch alwere syn wellen mn
260 907 1060 1026 ßermelden sy habe zwarden
205 964 1048 1081 sohn zum seilligen nachtme
223 1024 1068 1130 geschict Ime aber inn kenne
178 1089 1045 1196 weg benolthen das brot zi
204 1144 1051 1250 hinderschlachen unnd irem
210 1208 1072 1308 cheim hebringen mit getanen
230 1256 1045 1357 kundegwysen er sölle ander
235 1325 1038 1419 lüthen glychthun, wyl das
235 1386 1060 1472 abler das erste mal gsinme
236 1442 1063 1529 er ußs unwigenheyt das brot
242 1496 1049 1589 erst nach dem trunck zuage
230 1563 796 1654 begert haben, (
165 1599 258 1682 d0
218 1643 1051 1760 sy sie zwarbuch Cnrerd das mith
222 1718 1037 1811 mans personen, inn irem hus
199 1764 1056 1849 truncken, aber niemantfrëmbder
176 1812 1041 1912 allein ir schweger, der sye erst
213 1856 1034 1959 vorweniger zyt uss niderlaun
175 1894 1046 2013 da ersechtzachen har gedienet hi
152 1952 1021 2079 ußgeschlogen, der sienach wider
184 1997 1032 2127 wndischerarf blauw beklegt,
169 2050 1033 2177 habe aber kein fäderen im hut
151 2096 1042 2230 Allso das jr unnd dem sohn
163 2159 996 2267 gutlich beschache vnnd soder
142 2206 1038 2328 sohn worgemelte bekandtuug
186 2234 1023 2378 Jethan muge das villicht uß
157 2317 900 2420 marten beschachen syn)
2043 52 2127 117 105
1155 139 2105 312 altnach digem dem hohn syn vorgethane
1175 208 2144 344 bekanndtnus ouch widerumb fürgehalten
1171 236 2106 405 unnd befragt worden, ob die wär und
1161 278 2093 432 verdarby blyben well oder nit hat
1176 319 2070 476 ergeantwortet nem, allein sie er
1163 380 2139 526 gestendig, das zu dey unnderschidlichen
1129 425 2142 583 vorgemelten molen, wann er mit siner
1146 471 2053 619 mutter gewandlet ihnen einman
1138 515 2135 672 begegnet, der sie auch im alles eyrmuter
1159 561 2053 703 ein Landtstul dahinden buben den
1138 619 2101 746 wäg fürgloffen unnd gfragt, woliner
1153 657 2083 798 voll aber Jedes mals vffgetlant
1129 707 2080 850 antwort heim wills gott versih.
1135 763 2088 892 wunden hab im auch eins mals gl
1142 822 2079 936 hollenwag ob wurnigen, angreet
1141 875 2116 1001 zu imme zeringen, hiemit auch selbe
1158 924 2085 1043 unnd samen anpoten, welches er
1118 976 2111 1099 aber nit thun noch empfachen wollen
1112 1056 2016 1160 Es habe auch der vorgemelte grun¬
1157 1111 2018 1197 bekleydte man, nitt nun mit siner
1119 1161 2057 1242 Mutter truncken sonderen auc sy
1128 1213 2131 1295 Vorgehörter wyß vff das bethrurt
1127 1255 1801 1345 unbd mit ir enrtzwylet
1146 1347 1206 1396 11.
1097 1344 2043 1447 Soseein Schinders Bendicht Leeman
1146 1411 2091 1476 genant offtman zu sines muter kon
1122 1457 2100 1551 unnd nach genognem trūnck sy hnder
1121 1501 1726 1590 dem offen beschlaffen
1100 1562 2093 1699 Was sonsten er vsert dem bekendt
1148 1652 2090 1759 sie nit wahr unnd sie ußmegter
1118 1709 2115 1812 unnd villfaltigs undableyige fragben
1117 1748 2088 1851 unnd anhalten deren woni turen
1135 1797 2010 1904 beschechen solchermagen, das er
1142 1847 2100 1946 etlichmer uß vnwenrenheyt dam
1124 1882 2062 2009 befundte gererdt vnnd soman hin
1130 1934 2048 2053 widerumb zu diser bekantnus
1138 1985 2011 2085 notigen vnnd tryben werde.
1117 2025 2106 2156 beschächt im unrecht bezuge eran
1120 2069 1975 2185 Gott dem weller. alls den
1109 2115 2078 2267 Aellwugenden solches henmsetzen
1092 2170 1696 2308 unnd vertrucen.
1089 2231 2038 2429 Allsnūn die Mutter vff solches
1117 2333 2057 2503 auch beschickt gegen dem Sohn
1134 2382 2023 2538 gehalten, vnnd Confrontiert
1090 2405 2044 2589 worden hat zwar der knab
1095 2466 2033 2638 Dse obgeschribden gnneten an¬
1107 2513 1991 2690 zangs erhalten nachwerts
1118 2567 2056 2751 aber bekendt vnnd lachgaben
1076 2604 2091 2818 das er dem grun bekleyten man
