4000 3000
183 15 1045 217 veren Anne Bewke etgge
256 89 1077 290 vnnziechen laßenn, bynäben Aber
270 131 1103 357 er diser Gottslesterung nit gestenctn
260 182 1094 395 beydenn Iren dieneren, H. Grosi
248 242 1103 448 bel Brocher, vnnd mir dem Geicht
258 287 1061 472 beuolchenn, die Jenigen Personen
265 341 1073 514 abschüchlichen worth gehördt habe
268 394 1065 565 uffgepürennde voroffnung des ges
268 444 1078 623 nenn, zeuerhören, ire Ußag schrift
253 498 1007 640 zuuerfaßenn, Vnnd dann Ir ge
264 554 507 639 bringenn,
1013 600 1086 675 si
798 586 1077 714 verlicher a
255 608 1073 756 gepurennder maßen, verrichtet wor
263 649 1078 806 unnd hannd haruf züget erstliche
257 708 1081 860 welehe nit Inn deß gefaungnen, soch
248 762 1072 907 Inn einem Annderen Gschnit, erwe
241 816 1055 949 Zuhertenn breyte hinder imme gsen
175 940 1067 1090 Christenn Gÿger, Hanns Witz, Ber¬
236 1018 1064 1127 dicht unnd Nieli Bueman uß der
210 1062 1073 1178 Kilchöri dießbach zugeundeimund
224 1130 1082 1233 Alls sy inn jungstuerschiner arndet
181 1180 1075 1286 wann zuharten breyte hinder dem ge¬
226 1221 1051 1330 fanngnen vnnd mithaften. Welche
230 1284 1056 1378 semptlich, glych wie y Gezuget
230 1325 1061 1442 freudig gsprach, deßenn sy Aber
242 1387 1071 1481 nit sonnders Wargenommen, mitein
203 1432 1075 1533 deren gehaldtenn, gschniten, habent
245 1493 1075 1590 sy vnnder Annderen gehördt vnd gsäch
264 1548 1076 1633 as der gefanngne ein distel vag
221 1598 1064 1693 gegen himmel vfgworffen, vnnd
222 1647 1073 1745 gredt, bist du unnser Herr gottiß
237 1711 1056 1785 nam dich der Lüffel, darab sy nit
180 1747 1071 1836 wenig erschrockenn, vnnd Inne derhalben
471 1803 1062 1906 Welches Aber sine mit¬
224 1813 447 1898 gestrafft.
189 1855 1062 1957 schniter nit fürguth annemen noch
194 1894 1070 2006 haldtenn wollenn, furweundent sy
205 1961 1065 2061 habennt mit Jurz nichts zeschaffen, Wat
191 1994 1063 2112 aber sy zuuor fürgsproch midtemande
217 2067 1038 2166 gehept, Auch was denn gefangnen
203 2099 1049 2209 veranlaßt, vnnd bewegt, dise Gotts¬
172 2152 1050 2257 lesterlichenn worth vßzeschlachen, das
189 2194 1045 2306 Inen, wie vorangedut nit gewüße
185 2259 1037 2357 sonnsten habent sy inne gefangnen sr
186 2316 1035 2417 zugennt an kenndt unnd wüstent vo
193 2354 1042 2475 mein hanndel. vnnd wandel. And
171 2396 1056 2529 nichts. dann guts zezugenn, unnd ze
125 2543 1056 2693 Demnach hanndzüget, Hanns Lorentz
138 2620 1053 2746 Aber Hanns Ruchti Caspar Lanndtma
144 2695 1037 2803 Hanns Sychächer Michel Schnidler.
140 2722 1051 2867 Nieli Kauffman Barbli Soriig und
1188 33 2124 273 Mane Wylen, ails sun mit
1237 89 2074 293 mugnen, inn jungstüerschiner arnd, Nieh
1197 113 2136 363 Viesten, dem wurth zu Wichtrach, einen Aher
1196 189 2136 420 gschnitenn, vnnd wie gmeinlich, Innsonder
1206 231 2110 453 zeydt jung volck thut. Freüwdig gsprach
1169 297 2084 477 einanderen gehaldtenn, habe vnnder
1205 342 2020 529 dem der gefanngne erzellt, was sich
1199 403 2073 594 zwuschenn einem vnnser Waren, Auch
1207 456 2074 620 einem Anderen Vermeinter Latolischer
1179 503 2109 681 Keligen, verloffenn, solchermaßen, das
1189 574 2107 728 der Pappist sich erpodlenn, dem Tnange¬
1180 610 2051 781 lischenn, vnnser HeerGott zezeygenn
1201 644 2152 816 welches der Lnangelisch nit glouben wollen
1199 708 2151 867 Inmaßen er Inne zu einem Götzen gefürt
1206 769 2065 935 Prächennt, das sie vnnser Herr Gott
1198 805 2115 981 o der Cangelisch nochmalen widerreidt
1170 883 2134 1019 zndisen wörtgen, das sie mir holtz, wan
1199 956 2078 1048 das ein Herrdott, solle Inn der Lüffel
1513 1005 2075 1086 s f welliches die so Inn
1186 1042 1339 1112 nommnen
1199 1049 2087 1162 inem annderen gschnit hinder zuen gsin
1189 1104 2097 1198 vnnd znen zuuor vil widerdrieß, Inn dem
1180 1148 2139 1250 bewisen, Das sie sy Immer dan gspetzlet
1177 1203 2145 1296 unnd verychtennder wys genordert zeschwingen
1174 1261 2117 1347 Inne gefanngnen bescholdtenn, vnnd ein vf¬
1181 1317 2067 1412 lat geheisenn. Welches sy samptlich
1194 1368 2124 1464 beduret, Darumb sy die Jenigen Abge¬
1175 1424 2045 1503 gemannt unnd gsprochen, sy wüßent nit
1176 1468 2101 1567 vasmaßen dise such beschaffenn, sollennt
1205 1523 2127 1623 y derhalbenn mit friden laßen, syent also
1188 1574 2020 1672 hhieruf mit ver arbeyt fürgfaren.
1200 1620 2089 1724 Sonnsten ist nach anzeyg des gefangnen,
1188 1675 2095 1767 Lorenntz Ruchti, der eine züg kantlich
1184 1728 2141 1807 das er ime gefangnen, dise wort anfangs
1193 1777 2116 1866 erzellt, vermeldet Aber er habe solche, von
1190 1820 2149 1922 etlichenn von Bälpp, so ouch im jungsten zusot
1181 1860 2088 1955 zu Mulhusenn gsen, gehördt, Zugennd hie¬
1193 1918 2074 2016 mit zum bschlus, Dise wort sient nit zu
1188 1954 2032 2049 einer Gottslesterung, fendenn vilmer
1178 1992 2077 2094 von der Pappisten vnerkandtnus, vnnd
1171 2052 2105 2172 Aemselige wegenn, das sy vff auch vff
1175 2101 2092 2228 holtz unnd steynen trost unnd hofnung
1187 2143 1768 2255 setzennt, beschechenn
1250 2331 2093 2451 Diser Nüwkommet Wÿl dūrch die
1314 2415 2154 2514 letste Kundtschafftsag sich befunden, ds
1308 2469 2123 2557 er die ußgeschlagnenn warth nit die
1310 2504 2136 2613 heylige hoche Maystath Gottes, damit
1324 2547 2086 2670 zuuerlesterenn, anzogen. Ist vff
1333 2598 2146 2711 Abtrag Castenns Redig erkenndt
1274 2642 2120 2793 wordenn. Denn 2. sembriis 1629
