4000 3000
58 244 119 329 d
165 90 1062 245 Dn schwartz ennburg habe er einem m
201 146 868 238 ein Par Schuhenndtfrömbdet
187 210 1064 379 Inn der Bouggleren by Burgenstein, hat
171 286 1067 423 enntvorgemelte sine beyd gspanenn unnd
200 338 1060 471 vßenndem Spycher zwo groß Burdenen
189 386 1064 517 esebe. Wyß wullin buch, welche wel
197 432 1057 555 Imnne zu sinem theyl bliben sien, vnnd
188 487 1036 583 12 f zungellt. dauon imme 31
185 533 402 608 wordenn
572 533 1067 657 deßglychenn zwey klein
194 590 1049 702 kupferne kesi so sy glych obennthalb
213 645 1024 767 dem dorff vergrabenn, vnntrüwet
128 722 1065 881 Wyter hat er ouch bekenndt, er habe sich
215 817 1027 919 Leyder, Göttlichenn Natturlichem
163 877 1037 979 Ouch wäldtlichenn gesatzen, vnnd Allso
176 930 1038 1027 Allen geoffennbareten Rechten, vnnd
137 978 1048 1071 Ordnungen, inn allwäg zuwider mit
200 1033 1032 1128 gunst vor Christlichenn Oren Zemelden
187 1087 1059 1183 Zum annderen mal. erstlich zum Kindt¬
213 1139 1063 1229 licher zugennt, unnd letstlich oungfar von
191 1192 1074 1284 Sechß wuchenn, Vnchristlicher Casterliche
191 1241 1050 1322 vys mit vnnderschidlichen lieren, schwar
203 1298 1035 1394 lich verganngen vnnd vertiefft habe
175 1373 1069 1494 Letstlichenn Alle ein mann so änet der
185 1468 1068 1548 Aren sines erachtenns by Kisen daheim
209 1511 1068 1601 gsin sie. Voretwas Abgelofnen monaten
201 1564 1057 1648 nach verrichten gschäfftenn zu Schwartz
187 1612 1052 1689 einburg, widerumb nach hus wellen
194 1663 1036 1754 habemnt vorgemelte sine gspanen, der
200 1714 1049 1797 Cam Gyger Sibenntaler, Vnnd erge¬
203 1774 1029 1851 lanngne, Imnne an einem Ordt, neben
217 1837 1031 1892 dem Schwartzwaßer die Bronegg
210 1876 1071 1946 genannt gewartet, unnd alls er daher
188 1920 1049 2022 kommen, sient sy im nachgangen unnd
191 1968 1079 2066 habe der Landtyger Inne vnuersechner
201 2036 1056 2131 wys hinnden zum Kopfghouien das er
201 2095 1026 2191 zu Bodennzfallen, Vff welches den
201 2123 1049 2236 Sibenntaler unnd er uff zun gewütscht
204 2197 1021 2290 unnd solaunggehaldtenn, unntzit er
174 2241 1063 2336 Shlerdingenn vonn bemeltem gygerge
188 2274 1074 2389 stödt wordenn, Nach dem habent sy zum glee
215 2332 1048 2425 neben das Schwartzwaßer, zwüsche
196 2363 1101 2496 uwen ful beüm, so zwyffels an das vaßer
187 2451 1050 2553 dahin gfürt gelegt. Unnd habe er ge
175 2491 1079 2600 fanngne, Inne denn ermordten, by welchem
201 2527 1087 2654 sy zwor zum gäclt gefunden, mit sieß
186 2620 366 2695 bedeckt
150 2627 1103 2766 So habe er sich erstlich bywyl warender
165 2696 1089 2842 gfaungenschafft, mit zusamen geflochten
2065 6 2122 66 69
1207 43 2131 267 uffsolete ueßgedachten sannbsander
1207 106 2117 315 boche schwäre schmundtliche vnnd Abschuchliche
1205 155 2078 359 insthanndlungen, habennt hochgenann.
1212 203 2150 391 nun gnädig herren unnd ohberen schultheils
1186 255 2150 453 Rath vnnd Burger diser Cophichenn Statt Per¬
1211 314 2122 515 uff iren Eyd zu rechterkenndt vnnd ge¬
1138 461 1400 581 hrhen
1192 462 2127 637 das man Inne dem Nachrichter beuelchenn
1192 516 2131 688 der Inne obenns vffgewonnliche Richtstatt
1214 569 2117 722 Vffeienn Laden gebunden schleipfen, zme
1502 623 2109 728 Glider mit einem radzer
1642 691 1840 740 d stot
1586 683 2050 782 den Pörpel daryn
1198 680 1482 782 daselbsten sien
1443 715 1581 771 stoden.
1319 732 1583 805 voleman
1198 757 1391 836 sostenn.
1211 726 2080 878 flechtenn, Läbenndig zun ein Brönnens
1220 786 2116 926 fürwerfenn zu Pulter vnnd Aschen Ver¬
1225 830 2128 974 brömpen, unnd allso vom läben zum todt
1234 897 2058 1045 nach Keyserlichem rechten richten solle
1218 998 2097 1114 strauw. Demnach einem Mäßer, so er
1234 1059 2155 1162 einer gwüstenn Person Abgenordert, vnnd
1190 1106 2149 1241 enstlich est rath des bosenn geists ein find
1206 1174 2147 1288 Mönntschlichen gschlechts. Welcher nach be¬
1214 1222 2108 1325 kanndtnus vorstennder siner übeltaten
1214 1273 2162 1371 vorgestriger nacht inn gstallt einer großen
1220 1326 2108 1445 person mit gruner Kleydung zu imme
1211 1377 2176 1491 Inn gfangenschafft kon, sich selbsten mit eine
1221 1432 2128 1544 glasschärbenn, die er uß dem fensten zm
1202 1499 2180 1585 astenn daergleigenn, genomen, souilung¬
1207 1551 2147 1648 lich geschliffenn vnnd Spitz gemacht. Eyb
1219 1611 2177 1672 loßgemachenn, Vnnd me die Gurglen Ab¬
1244 1651 2127 1743 gestuchenn vnnderstanden, Wie solches die
1232 1701 2151 1805 Imme daselbst getane wunden bezuget
1373 1840 2131 1966 bgeschribne Urtheyl ist uff
1439 1928 2125 2013 Sambstag denn 23. Februari
1433 1985 2156 2077 Ann berürtem Zannderstattet
1807 2046 2055 2126 Wordem
