4000 3000
546 146 907 245 Schnider
312 184 734 289 uano
283 264 460 332 wonn
835 283 885 335 a
855 300 1003 393 Im
731 308 858 382 1617
115 307 732 462 Iff Firtan den 39 Mai
174 348 1033 511 bywagen hr Burckgard Fischers Grst
177 406 949 526 weybels gatt Susanna Spihmide
147 429 1003 572 vonn Grugg übersyegenge uneri
128 472 997 631 sunder vlanmed besi alhie bekenne
116 539 934 702 Wiewol das jenig weckchmeydten
180 577 1001 739 by hr Phillix Gilchbergesen gediediese
201 647 1034 765 etliche sachen als errallen und grangen
201 672 1039 794 so gemelts s kilchbergers hußfrowen
187 710 1002 849 zustenßig gsin, vermiteüwet, wnn
205 761 994 878 irsa einen theill derselbigen zuge
186 799 994 920 ebracht unnd inbehalten gebenn
231 825 1001 950 habe sy doch ai wenigosten 4i
225 866 1005 992 gewüst, sad gemelt Wleydstli solle
190 911 1040 1039 urksentwandt, dann als sy es befragh
231 942 1030 1068 vo es mit har komme, habeses geande
183 983 1033 1115 wortet, es habe die corallen under
183 1021 1018 1151 wegen funden, inmaßen sy sälchen
176 1057 1023 1201 worten glouben gebet vnß dra ge¬
192 1108 1033 1230 gmelte sachen doch in deeinem böße
188 1154 984 1271 zebehalten abgenommen, so sy aber
203 1194 982 1300 bieran verfalt, bätte sy mir soche
196 1219 1047 1350 Ober keit umb gnad und umb yhun
159 1298 979 1417 Nuff Montag den 2. juli uf ein
152 1349 988 1471 Wenur vnnd abtrageostens ledig
160 1393 981 1522 verkendt vnnd gelaßen wordenn
275 1495 994 1644 Jacob Oangar
254 1586 823 1684 E 1 ein Secb
169 1758 1042 1878 15ff tag und der obstadt hatts
232 1825 962 1928 gsegenwürtigkeit h Großsweybel
197 1871 1042 1953 Fischers, hatt Jacob Bouzigarter, ein
203 1910 1036 2005 eck, bürtig alhie uber ime vorgehalten
200 1951 992 2044 ne antiene unn der wlannen besi
220 2011 517 2069 alhie Bekendt,
110 2134 1017 2246 Anoe gienor zu underscheidenlichen
216 2191 1032 2265 malen uf der kilchen sen Predigeren
209 2233 1033 2306 gearbeitet unnd deckt, habe er sich ein
209 2268 1042 2360 mals so wytl miißsgerinnet, das er alde
202 2308 1041 2396 by zwentzig pffenden bey uenteü
201 2344 1038 2437 unnd daßselbig nachmalen dem wy
196 2395 1041 2485 rüffer jedes pfunt umb ein batzenn
134 2432 1036 2520 verkoufft, well sich gaht er hernach dil
163 2488 1009 2564 man, dem Mehlserscheidt vmb ein
206 2551 529 2627 wehr gegeben
2073 32 2123 106 11
1110 107 2145 248 oharbe er aucs als er letstlichen an gemelt
1145 168 2142 292 einertg gedeckt, abermalen ungryffen
1159 217 2095 331 und bey entfrömbden wollen, ob soliher
1174 247 2142 360 at aber der pfründer roch iine er
1162 293 2154 401 griffen, dezwegen, er dann mitzirschaffen
1169 324 2092 438 mögen unnd also darüber behendigget
1161 398 1374 472 worden,
1183 429 1672 537 rittet umb gnad,
1183 504 2047 615 sich zwaruff montag. 2. junider
1175 577 2059 687 erselte unnd andere geclagte vn
1186 619 2120 720 trüwen feerners mit embsig worten
1172 659 2071 761 befragt worden, hatt aber gfuntz nit
1169 701 2107 794 wylers bekennen wollen, sonders es by
1184 734 2063 832 obstehendem erblyben laßen, und vff
1173 768 2077 876 ziinstag den 5. junii uff ein lansur
1180 804 2056 911 unnß abtrag erstens ledig erkendt,
1736 876 1770 921 1
1148 855 1734 970 unnd gelaßen wordenn
1751 1007 1907 1084 son
1407 962 1729 1101 ans Röbll
1408 1079 1752 1158 Beltigwyl
1148 1297 2132 1416 b uff sambstag aen letsten man
1193 1363 2125 1437 1617. durch die Kromen, Fursichtigen
1172 1397 2134 1496 hürnenden, eherengeachten, und wysen
1180 1441 2120 1534 Herren beatg Herperten, desss rahts
1180 1473 2160 1574 vnnd Burckharde Eischern, Großweyr
1156 1522 2111 1616 bel Hans Röbel von Hettisswyl über
1181 1560 2064 1645 nachgemelte schwäre klagsartiene
1176 1584 2127 1697 In der Mannenbefi alhie mit ernst¬
1168 1640 2099 1732 sschafften worten cxdtmimiert, vnnd
1184 1681 2150 1769 befragt worden, hatter vber die einen
1174 1717 2064 1811 vnnd anderen pructen voegende
1177 1777 1741 1857 bkandtnuß gethan,
1225 1859 2067 1954 vnd deßwegen erstlich bekandt
1195 1901 2199 1983 das er grad deß tags, als es mit Madleno
1204 1954 2097 2023 klaußer sines abgescheidnen ehelich
1193 2007 2130 2061 ongesegnet worden und man von jer
1181 2035 2191 2106 kirchenheimbganewöllen, sich vilfaltig
1907 2073 2158 2125 sonderlich
1184 2075 1891 2155 ygebüren angemahet und
1212 2103 2166 2166 auch vil zuchgans verübt sits ds gort
1174 2142 2176 2219 zytsmals zeügeret mit inem syhen
1167 2177 2187 2263 wehr uff Burgdorff zuzeg und Magge
1209 2223 1565 2285 sacsen sines
1553 2214 2177 2284 scwesseren Ermannen
1515 2244 1548 2281 .
1212 2263 2169 2323 sich nir zu siner nachtgerberg ufm
1207 2297 2092 2360 wöllen, sonders gtzerthalb mit
1191 2340 2199 2393 aier wybssperton, gegen dero er zuuor
1193 2376 2145 2451 In großem verdacht gen, lange sybg
1194 2400 1761 2478 gesprach gehalten gabe
1219 2458 2188 2538 einach habe er sich auch offendtlich vere
1210 2501 2200 2591 eluch laßsen, das er sich sier des zusegnen
