4000 3000
214 102 994 238 ungericht obuerlufner sachen, hat be
226 170 998 282 Christma sich zun die bstälen, Wyter
224 227 1007 346 zumaßen sy deßhalb widerumb ghei
994 218 1039 315 6
236 282 988 379 ynnzogen. Ouch uff zinstag 2
1005 276 1064 370 1
241 319 601 392 diß 169 jars.
993 354 1044 407 M
751 350 1008 434 durch die S¬
242 368 1031 496 froumen, fürsichtigen Wysen hih d
217 420 1035 550 Amman des kleynen raths, damit
239 465 1011 596 ler der Burgeren Nielans Bracher
209 529 1026 645 Großweybel zu Marzili geppren
196 562 1023 696 maßen exeminient worden. De
226 621 727 702 Molgenits bekenndt.
218 673 1035 824 Erstlich hab sy zum Kindtlicher zuge
222 745 1033 880 irer muter selltuch. Eesglyhe
244 792 995 901 denn Nachparen, Opst, Ruben, vnn
242 838 1030 963 derglychenn sachen, vitmalen entwent¬
242 902 1015 1030 Danne Stefen soser zu Sigristwyl ein
221 963 821 1068 Has. vnnd ein stūck fleisch,
205 1015 1026 1147 Im Eren, by vterndorff, Beundicht e¬
205 1091 1034 1209 ers frouw 8 klüngli garn und li
233 1137 384 1210 brodt.
227 1193 1031 1323 Item hab sy vor etwa Abgelofnen wuden
230 1275 1016 1371 Hr Horn des bats allhie, alls sybe
233 1326 1015 1398 Imme furein Spanneren gedienet.
227 1357 798 1430 ein gutstuchenen mantel.
239 1413 529 1493 ein tischtuch
200 1463 895 1564 Item der frouwen, ein Rockh,
225 1525 1006 1631 Ner 5 striungen garn gestolen. denn
219 1598 1036 1680 Mantel hab sy einem würt zu Schwalt
221 1649 1032 1722 enburg, denn Rocth vnnd ds garz, einer
223 1689 1025 1777 frauwen von Fryburg, so sy nit namsen
220 1739 1003 1814 könn verkouft unnd uß allem by v
224 1772 1035 1870 erlößt, uß demtischtuns hab sy 2 knds
218 1830 607 1917 dechli gemacht.
223 1888 1012 1978 Vyter hab sy bemeltem Heinmalen
173 1944 1022 2036 Kragen genommen ghept. danselben her¬
209 1997 1032 2082 nach über widerumb an syn orot geta
152 2048 1035 2134 obgemeltem wirth zu Schwartzenburg
214 2106 1028 2194 hab sy by 28 strangen garn verunteint
184 2154 947 2236 die sient imme aber wider worden.
214 2194 1039 2300 Uund wiewol Hanns und Cristen küt
164 2267 1013 2366 jinger zu Sigristwyl seshaft zun einem
194 2308 990 2410 dem grichtschryber zugeschickten schei
185 2331 1035 2457 bemelte Christma gezigenn, Alls soltes
193 2400 1009 2494 demeinen, ein Beth, vnnd dem Anderen
200 2457 1006 2549 alberne Schalen vnndt frömbdet haben.
193 2487 1030 2590 bat sy doch, weder diser nach anndere
191 2541 1024 2652 zulagenn gstenndig syn wellen. Dann
194 2604 1002 2697 sy sich zu vnnderschidlichen malen zu
178 2656 573 2738 hurig, vnganngen
249 2686 1024 2821 Ist einmal Car dmnach einmal
338 2759 993 2855 mit dem kleinsten stein ufzogt
683 2813 974 2912 orden.
2089 -9 2169 58 7
1305 63 2170 250 vorgemelte Christiia von Gnuter.
1315 131 2118 290 Ist vff verhofte beßerung nochmalen
1328 185 2101 326 ledig glaßenn unnd alles ernsts
1335 237 2074 366 vermannt worden, sich inn irem
1334 256 2193 431 heymet mit irer hannderbeyt zeen.
1301 317 2187 464 halßtenn daruf der zu Schs zu thun
1342 380 2103 493 mit flys seibenn srl unnd tals
1335 400 2134 530 dise warenung nit erschießlich sy
1371 457 2171 571 früngklich annemen und deß um
1352 530 1788 627 g h brichtenn.
1272 632 2081 842 tostel Norelem
1362 793 1829 895 nsenmeister
1125 887 2162 1038 Demnach gegennwürtiger: Stoffel Aprell
1195 940 2187 1053 ein wahenmeister, Im Allgouw, zu Kauff
1176 999 2215 1108 büren fürtig. welches in vater daselbsten
1182 1058 2159 1155 Nachrichter gsin ab Maria Meyer iein
1193 1106 2139 1206 sschwyb, unnd imgegentheyl sy ab zme
1219 1158 2136 1233 hoche vnnd schware clegtenn geführt.
1198 1193 2188 1303 das h Hanns Hallervogt zu landtshut.
1186 1259 2145 1342 vß schuldigkeyt tragennden Ampts, beyde
1174 1310 2179 1399 Personenn, glengtlich ynziechen, vnnd innen
1169 1364 2178 1438 Gnedigenn Herren vnnd Ohberen, mit einem
1181 1431 2144 1498 brichtschryben, zuschickenn laßen. Haben
1187 1467 2164 1549 e g. Volgennts nachgemelten herren be¬
1187 1521 2140 1608 nolchenn, se hieruber gepurender maßen
1200 1567 2164 1654 Zerpammeren. Inn Welchem exsamen
1204 1621 2167 1706 gemelter Aprell, so sich sonnsten zun disen
1159 1671 2146 1766 Frnnnden Geörg Krieger genamset vff
1187 1719 2187 1814 Mitwuchenn denn 5. junii diß 1619 jarb
1187 1771 2193 1856 Inn bysyn vnnd anhören. Der Ehren Edel¬
1191 1815 2210 1914 Vestenn, Erommen fursichtigen. Wysen herrn
1186 1870 2165 1949 Hanns Rudolffhorns deß kleynen raths
1180 1913 2082 2000 jt Josues von Mülinen der Burgeren
1195 1950 2172 2074 Niclans Brachers Großweybels, Auch
1191 2009 2190 2118 etlicher Weyblen. hochgenanter imner Gt¬
1204 2071 2196 2176 Herren vnnd Oberen dieneren, zu Marzil
1198 2111 2117 2241 verzächenn unnd bekennt. Auch mit der
1207 2163 2111 2295 murter erhaldtenn vnnd bestättigen.
1156 2194 2117 2386 Deß Erstenn Alls er ougfar vor vier Jaren,
1192 2294 2200 2428 uß dem piemont vonn sinem meister, welche
1198 2334 2190 2463 snder des hr obersten am kyns Regl
1180 2398 2190 2526 mennt für ein scharpfrichter gedient wie
1192 2427 2165 2573 derumb nach disen Leunden gezogen, vnnd
1211 2477 2199 2626 sy Bellitz zwenn Furstmannen, so Grot
1207 2517 2163 2682 tragenn, angetroffen habe er dieselben
