4000 3000
232 19 1040 271 vndngt bofanhene
214 113 1038 328 iren man gethane anelegten m
231 177 997 372 sbs woggiemlen gslen
228 257 995 430 gestelndig syn wollen, hieneben
199 334 995 491 Inr starckei verdacht, als das er e
241 405 968 543 beib vnd dannenhar an syuer
238 456 1027 657 wider inne gefüerten elegt, wils
233 544 1022 702 etwas syn möchte, Ist er deßen
211 609 1034 786 vß dem fharhuß In die Obere gan¬
223 695 1022 847 schafft uß u g befelch gelegt wrden
221 775 1009 905 damit er der gepür nach umb
230 837 1014 978 ein vnd andmit betrouwung
224 917 1007 1048 marter mit ersthafften worden
232 979 1018 1119 examiniert werde. Welllches man
214 1057 1002 1204 uß v g bentlch durch h zügh
212 1138 1000 1249 Aman, deß Kleinen Rhats, en
214 1202 1000 1341 h Großweibell brochers, in de
234 1269 1008 1412 Mannenkef gepurend maßen a
211 1336 785 1477 imme erstactet worden
203 1424 1011 1540 Der hat nun bekent, wie nit wenige
215 1508 993 1593 d, als er veshiner Joren, auch mit
210 1561 1010 1679 dem Kriegstvolck zm Biemontgs
203 1644 1008 1742 den daz syn domalen gehapte feiw
201 1712 1004 1825 Inne verrüeffen laßen, vnd daruf
207 1789 1001 1898 die schidigung wider inne, jedoch zu
200 1862 1013 1970 vnbewußt, erlanget, habe auch mit
209 1940 1001 2049 daruon gewußt, bis er wideum
190 2014 987 2126 ins landt komen, do sye er ir
200 2082 999 2189 nachzogen, vnd die ur sach der key
191 2147 999 2292 von ire verstan wellenetc. habe sy al
191 2227 981 2340 nit antreffen können, es sye ab
171 2276 984 2437 dieselbige syn abgescheidne, dergte
189 2345 988 2524 ein uppig pfenwert gsen als
159 2440 987 2557 zuuor vnd auch hernach gmein
183 2500 982 2642 läben nachzogen sye, welches
170 2571 987 2708 die ursach, das nach dem er sy bym
159 2605 988 2831 Jar darnoch, meinen betretten
130 2701 987 2875 er wra auch hernach destmunden
158 2759 982 2971 gsragt und sich also mit diser s
1925 -7 1987 66 125
1095 46 1986 271 Fromenn Sehelichet, vnd Iewyl sein
1117 123 1936 298 obgescheidne, noch niemandts, Inne
1099 202 1957 356 uo der verrüeffung, die ime aber
1102 256 1982 435 hubrugks zuganggen greformiert
1102 317 1980 513 sye er also sodhar alhie Im Landt¬
1084 412 1989 570 ih und wider mit wurtzentragen
1081 480 2022 632 vmbher gezogen, vnd sich so bestmng¬
1096 545 1947 688 lich mit Gott und ehren erhalten
1080 636 1951 778 zwar sye nit weniger den das er ha
1087 695 1995 819 liedelich und das gelt so er ußwurtzen
1092 752 1945 915 erlose, der mehren theil vmb wyn gebe
1075 832 1952 963 vnd verzeche, es werde ob niemandts
1077 907 1990 1041 vff Inne bewyse konnen, dz er sich Im
1072 991 2000 1111 übrigen vnehrlichen verhalten, oder eiher
1079 1062 1991 1171 person umb ein haller werth enzugebt
1076 1126 1904 1246 habe, Syn Itzige pese frome
1078 1198 1939 1298 betreffent, die sye auch ein liedlich
1079 1284 1909 1387 pfenwert, sye nit from an imme
1079 1357 1902 1457 dan sy andere personen lieb habe
1070 1413 1959 1528 dan Inne, welch sye auch gar kostlich
1074 1489 1919 1591 mit äßen und trinken, welches er
1068 1553 1902 1662 aber zua nit vermöge zu kouffen
1056 1619 1990 1724 das sye also die ursachen das er sy mit
1063 1689 1943 1779 hingschlagen, vnd von Ire hin vnd
1076 1757 1960 1871 wid Zogen sge, Werder f sich ob
1076 1824 1893 1946 meiner mehr erfenden waer mehr
1054 1890 1894 2006 Wyberen, den syner abgscheidnen
1039 1962 1932 2098 und diser jetzigen die ehe versprochen
1058 2028 1979 2172 noch sich mit anderen verfunscht, habe
1060 2086 1900 2220 den leider allei mit noch einer
1053 2153 1920 2311 andern vybßpersten Ime verschinen,
1045 2218 1784 2381 siemondischen kriegßzug.
1041 2311 1962 2490 das er hienor mit denen 7 vbeltätig
1038 2369 1952 2565 personen auch znzogen worden, sye
1042 2447 1897 2616 de Vrsach, das man Inne anclaget
1047 2517 1985 2709 enen 15 par solen gestolen zu haben
1053 2576 1972 2772 nach dem sich ub daßelbeg mit erfundn
1053 2656 1987 2847 wie es der an iimme selbs auch nit war
1040 2706 1956 2912 er zn einer halben stundt dar¬
1080 2800 1829 2984 ach wider bedeg glaßen worden.
