<?xml version="1.0" encoding="UTF-8" standalone="yes"?>
<PcGts xmlns="http://schema.primaresearch.org/PAGE/gts/pagecontent/2013-07-15" xmlns:xsi="http://www.w3.org/2001/XMLSchema-instance" xsi:schemaLocation="http://schema.primaresearch.org/PAGE/gts/pagecontent/2013-07-15 http://schema.primaresearch.org/PAGE/gts/pagecontent/2013-07-15/pagecontent.xsd">
    <Metadata>
        <Creator>prov=University of Rostock/Institute of Mathematics/CITlab|PLANET AI GmbH/Gundram Leifert/gundram.leifert@planet-ai.de:name=German_Kurrent_XVI-XVIII_M1(htr_id=19584)::::v=2.6.7
prov=University of Rostock/Institute of Mathematics/CITlab|PLANET AI GmbH/Tobias Gruening/tobias.gruening@planet-ai.de:name=de.uros.citlab.module.baseline2polygon.B2PSeamMultiOriented:v=2.6.7
prov=University of Rostock/Institute of Mathematics/CITlab|PLANET AI GmbH/Gundram Leifert/gundram.leifert@planet-ai.de:name=Turmbücher_StaBe_3_A.Funk(htr_id=27278)::::v=2.6.7
prov=University of Rostock/Institute of Mathematics/CITlab|PLANET AI GmbH/Tobias Gruening/tobias.gruening@planet-ai.de:name=de.uros.citlab.module.baseline2polygon.B2PSeamMultiOriented:v=2.6.7
prov=University of Rostock/Institute of Mathematics/CITlab|PLANET AI GmbH/Tobias Gruening/tobias.gruening@planet-ai.de:name=/net_tf/LA73_249_0mod360.pb:de.uros.citlab.segmentation.CITlab_LA_ML:v=2.6.6
Transkribus</Creator>
        <Created>2020-10-03T12:26:20.332+02:00</Created>
        <LastChange>2022-09-12T14:22:22.013+02:00</LastChange>
        <TranskribusMetadata docId="1334811" pageId="52358943" pageNr="47" tsid="114640658" status="IN_PROGRESS" userId="9570" imgUrl="https://files.transkribus.eu/Get?id=PCXBMCPUVNZSLUHYTFYWENVN&amp;fileType=view" xmlUrl="https://files.transkribus.eu/Get?id=GSVWJOFPILDRGCSPLLYEPWHJ" imageId="15997839"/>
    </Metadata>
    <Page imageFilename="BIX461_47v,48r.jpg" imageWidth="4000" imageHeight="3000">
        <ReadingOrder>
            <OrderedGroup id="ro_1687513815177" caption="Regions reading order">
                <RegionRefIndexed index="0" regionRef="r1"/>
                <RegionRefIndexed index="1" regionRef="r2"/>
            </OrderedGroup>
        </ReadingOrder>
        <TextRegion orientation="0.0" id="r1" custom="readingOrder {index:0;}">
            <Coords points="119,138 119,2788 1068,2788 1068,138"/>
            <TextLine id="r1l1" custom="readingOrder {index:0;}">
                <Coords points="169,176 259,201 532,176 635,222 683,190 766,223 853,200 1064,255 1067,203 1026,208 894,125 825,176 646,124 456,155 346,114 174,115"/>
                <Baseline points="176,164 220,165 264,167 308,168 352,168 396,170 440,170 484,171 528,173 572,174 617,177 661,179 705,182 749,186 793,191 837,196 881,203 925,210 969,219 1013,229 1058,240"/>
                <TextEquiv>
                    <Unicode>zebetragen, ingsprochen wordenn</Unicode>
                </TextEquiv>
            </TextLine>
            <TextLine id="r1l2" custom="readingOrder {index:1;}">
                <Coords points="191,219 261,250 495,240 529,275 578,237 714,279 789,249 1049,326 1054,259 901,212 766,223 704,192 598,218 418,175 191,206"/>
                <Baseline points="197,216 239,219 281,221 324,223 366,224 409,225 451,227 494,227 536,228 579,230 621,232 663,234 706,237 748,240 791,245 833,250 876,257 918,264 961,273 1003,282 1046,294"/>
                <TextEquiv>
                    <Unicode>hab sich der geweygeret, fürwend</Unicode>
                </TextEquiv>
            </TextLine>
            <TextLine id="r1l3" custom="readingOrder {index:2;}">
                <Coords points="222,291 294,327 342,290 363,310 539,285 987,348 992,295 813,254 752,281 579,246 527,269 486,240 359,261 318,230 268,268 224,253"/>
                <Baseline points="228,281 265,281 303,281 341,281 379,281 417,281 454,281 492,282 530,282 568,284 606,285 643,287 681,290 719,293 757,297 795,300 832,305 870,311 908,316 946,324 984,332"/>
                <TextEquiv>
                    <Unicode>die sach beur nit allein sy beydt</Unicode>
                </TextEquiv>
            </TextLine>
            <TextLine id="r1l4" custom="readingOrder {index:3;}">
                <Coords points="208,358 387,354 440,395 494,354 678,355 733,391 773,367 876,406 1003,405 1071,444 1074,391 1034,370 947,334 833,349 787,306 711,340 582,334 528,290 391,295 332,333 210,321"/>
                <Baseline points="215,347 257,346 300,345 342,345 385,345 428,344 470,345 513,345 555,347 598,347 641,350 683,353 726,355 768,359 811,364 854,370 896,375 939,384 981,391 1024,401 1067,411"/>
                <TextEquiv>
                    <Unicode>gemelt, sondern auch den h. Landt¬</Unicode>
                </TextEquiv>
            </TextLine>
            <TextLine id="r1l5" custom="readingOrder {index:4;} person {offset:3; length:11;}">
                <Coords points="203,419 489,413 547,459 605,418 727,423 825,434 865,476 920,447 1049,485 1051,448 991,404 944,421 823,373 773,403 606,357 450,395 357,351 207,358"/>
                <Baseline points="210,405 251,407 293,408 335,408 376,408 418,408 460,408 501,408 543,408 585,410 627,410 668,413 710,415 752,417 793,421 835,426 877,432 918,438 960,448 1002,457 1044,468"/>
                <TextEquiv>
                    <Unicode>zu Romamostier, der sie zinsone</Unicode>
                </TextEquiv>
            </TextLine>
            <TextLine id="r1l6" custom="readingOrder {index:5;}">
                <Coords points="203,501 291,466 339,491 435,468 580,482 615,514 707,496 736,529 796,488 838,537 900,518 1066,558 1058,458 1024,483 945,455 863,479 786,428 646,420 550,457 476,422 208,432"/>
                <Baseline points="212,467 254,467 297,467 339,467 382,467 424,468 467,468 509,468 552,470 594,471 637,473 679,475 722,477 764,482 807,485 849,491 892,498 934,504 977,512 1019,522 1062,533"/>
                <TextEquiv>
                    <Unicode>Wanndt, das er sich diß gschriffts und</Unicode>
                </TextEquiv>
            </TextLine>
            <TextLine id="r1l7" custom="readingOrder {index:6;}">
                <Coords points="223,540 510,532 583,562 734,542 760,573 863,567 924,607 1004,585 1065,629 1076,571 972,528 838,537 798,491 738,527 616,515 588,485 492,511 435,467 374,502 297,466 226,499"/>
                <Baseline points="231,524 272,524 314,524 356,525 398,525 440,525 482,527 523,527 565,528 607,530 649,533 691,536 733,539 775,543 816,548 858,554 900,560 942,568 984,577 1026,586 1068,597"/>
                <TextEquiv>
                    <Unicode>bladen könne, Innmaßen er zuerie</Unicode>
                </TextEquiv>
            </TextLine>
            <TextLine id="r1l8" custom="readingOrder {index:7;}">
                <Coords points="209,601 345,589 374,622 412,594 721,620 762,601 1058,670 1067,626 1011,594 926,607 863,567 778,584 727,541 659,579 515,532 475,558 439,532 211,566"/>
                <Baseline points="216,584 258,585 300,587 342,587 384,587 426,588 468,588 511,588 553,589 595,590 637,591 679,593 721,596 763,599 806,603 848,608 890,614 932,622 974,631 1016,642 1059,653"/>
                <TextEquiv>
                    <Unicode>erung deßelben kein andermiter</Unicode>
                </TextEquiv>
            </TextLine>
            <TextLine id="r1l9" custom="readingOrder {index:8;}">
                <Coords points="220,671 345,649 451,692 545,655 610,685 712,649 1063,734 1073,676 896,619 768,646 641,597 562,636 483,591 377,623 346,590 224,605"/>
                <Baseline points="228,641 269,644 311,645 353,647 395,647 437,648 479,648 520,648 562,648 604,650 646,650 688,653 730,654 772,657 813,661 855,667 897,672 939,679 981,689 1023,701 1065,713"/>
                <TextEquiv>
                    <Unicode>gerteüff, dann für nun gezuzeken</Unicode>
                </TextEquiv>
            </TextLine>
            <TextLine id="r1l10" custom="readingOrder {index:9;}">
                <Coords points="184,702 265,728 389,700 513,740 562,713 744,721 852,733 908,781 989,762 1064,787 1067,742 1020,712 888,682 830,704 711,651 606,693 547,656 457,691 372,654 326,688 187,664"/>
                <Baseline points="191,696 234,699 277,702 321,703 364,705 408,705 451,705 494,705 538,707 581,707 625,707 668,708 711,711 755,713 798,716 842,721 885,727 928,734 972,744 1015,753 1059,767"/>
                <TextEquiv>
                    <Unicode>Dannt nun syn widerparth sich der</Unicode>
                </TextEquiv>
            </TextLine>
            <TextLine id="r1l11" custom="readingOrder {index:10;}">
                <Coords points="239,781 431,775 503,811 541,786 651,811 694,779 755,807 844,788 917,835 960,813 1008,847 1070,842 1073,799 749,728 661,758 622,719 465,747 420,710 299,749 242,723"/>
                <Baseline points="246,761 289,763 332,764 375,765 418,766 461,767 504,767 547,767 590,768 633,770 677,770 720,773 763,775 806,780 849,783 892,789 935,796 978,805 1021,815 1065,827"/>
                <TextEquiv>
                    <Unicode>uewwüßen heyte nit zuclagen hal,</Unicode>
                </TextEquiv>
            </TextLine>
            <TextLine id="r1l12" custom="readingOrder {index:11;}">
                <Coords points="229,840 450,829 487,854 564,830 605,863 648,839 808,844 872,883 948,861 1074,902 1077,844 1025,858 958,817 923,837 847,789 797,825 699,779 651,812 232,793"/>
                <Baseline points="237,818 278,821 320,822 361,824 403,825 444,825 486,826 527,827 569,827 610,828 652,829 694,831 735,833 777,836 818,840 860,845 901,850 943,857 984,866 1026,875 1068,887"/>
                <TextEquiv>
                    <Unicode>hab er anfangs denn weybelmuß</Unicode>
                </TextEquiv>
            </TextLine>
            <TextLine id="r1l13" custom="readingOrder {index:12;}">
                <Coords points="219,893 454,890 494,918 761,901 796,934 850,908 1028,961 1031,916 976,882 859,886 814,850 746,870 632,842 575,872 456,835 222,847"/>
                <Baseline points="227,875 266,876 306,878 346,881 386,881 426,882 465,884 505,884 545,885 585,885 625,887 664,888 704,890 744,893 784,896 824,901 863,905 903,910 943,915 983,924 1023,932"/>
                <TextEquiv>
                    <Unicode>lich beuolthen, was er Im anzeig</Unicode>
                </TextEquiv>
            </TextLine>
            <TextLine id="r1l14" custom="readingOrder {index:13;}">
                <Coords points="233,953 357,949 411,998 477,959 531,1003 718,961 770,993 936,984 977,1024 1067,1019 1071,971 1000,939 805,941 763,903 675,930 564,897 495,930 389,887 337,924 234,924"/>
                <Baseline points="240,939 281,942 322,942 363,944 404,945 445,945 486,947 527,948 568,950 609,951 651,953 692,955 733,958 774,962 815,965 856,969 897,975 938,980 979,988 1020,995 1062,1005"/>
                <TextEquiv>
                    <Unicode>solle, deßen sich der weybel beschwy</Unicode>
                </TextEquiv>
            </TextLine>
            <TextLine id="r1l15" custom="readingOrder {index:14;}">
                <Coords points="230,1021 357,1010 385,1039 513,1013 600,1063 649,1027 719,1026 1039,1080 1062,1076 1066,1021 978,1025 892,981 842,1002 716,980 415,996 369,961 234,961"/>
                <Baseline points="237,1004 280,1004 323,1005 366,1005 409,1007 452,1007 495,1008 538,1010 581,1012 624,1014 668,1016 711,1020 754,1023 797,1027 840,1031 883,1037 926,1043 969,1050 1012,1057 1056,1065"/>
                <TextEquiv>
                    <Unicode>unnd jnnen zugemutet, wyl erde</Unicode>
                </TextEquiv>
            </TextLine>
            <TextLine id="r1l16" custom="readingOrder {index:15;}">
                <Coords points="215,1079 324,1117 421,1071 1061,1128 1000,1056 960,1086 741,1030 603,1062 517,1014 392,1046 350,1010 217,1049"/>
                <Baseline points="222,1064 263,1066 305,1068 346,1070 388,1070 430,1071 471,1071 513,1073 555,1073 596,1074 638,1076 680,1077 721,1079 763,1082 805,1084 846,1088 888,1093 930,1098 971,1104 1013,1110 1055,1119"/>
                <TextEquiv>
                    <Unicode>auch syn widerpardt, Schryben vnnd</Unicode>
                </TextEquiv>
            </TextLine>
            <TextLine id="r1l17" custom="readingOrder {index:16;}">
                <Coords points="218,1140 268,1179 350,1137 565,1143 621,1173 665,1142 900,1150 1006,1196 1070,1185 1072,1133 978,1151 918,1104 744,1123 690,1083 538,1118 426,1073 308,1116 257,1074 220,1083"/>
                <Baseline points="224,1125 266,1127 308,1130 350,1130 392,1131 434,1133 476,1133 518,1134 560,1134 602,1136 644,1137 686,1139 728,1140 770,1142 812,1146 854,1149 896,1153 938,1158 980,1164 1022,1171 1064,1179"/>
                <TextEquiv>
                    <Unicode>läßen konent, solle er die Vrichtung</Unicode>
                </TextEquiv>
            </TextLine>
            <TextLine id="r1l18" custom="readingOrder {index:17;}">
                <Coords points="202,1198 238,1220 306,1191 378,1202 411,1232 452,1203 521,1210 633,1247 696,1209 886,1219 926,1247 1061,1234 1063,1187 1010,1209 898,1153 758,1186 711,1158 472,1176 431,1144 306,1173 205,1129"/>
                <Baseline points="209,1182 251,1185 293,1188 335,1190 378,1192 420,1193 462,1194 505,1196 547,1197 589,1197 632,1199 674,1200 716,1202 758,1203 801,1205 843,1208 885,1210 928,1214 970,1219 1012,1224 1055,1230"/>
                <TextEquiv>
                    <Unicode>Inn einzedel schryben, welches er</Unicode>
                </TextEquiv>
            </TextLine>
            <TextLine id="r1l19" custom="readingOrder {index:18;}">
                <Coords points="201,1263 434,1275 483,1308 522,1271 576,1290 617,1265 689,1305 733,1273 797,1293 836,1269 1059,1298 1060,1250 1037,1263 1004,1227 970,1255 809,1213 729,1246 689,1215 615,1248 451,1204 382,1240 202,1199"/>
                <Baseline points="207,1248 249,1252 291,1255 333,1259 376,1260 418,1260 460,1262 503,1262 545,1262 587,1262 630,1262 672,1262 714,1262 756,1262 799,1263 841,1265 883,1266 926,1268 968,1272 1010,1276 1053,1281"/>
                <TextEquiv>
                    <Unicode>volgents gethan, Inn solchen Wor</Unicode>
                </TextEquiv>
            </TextLine>
            <TextLine id="r1l20" custom="readingOrder {index:19;}">
                <Coords points="185,1330 560,1351 837,1328 910,1370 1049,1350 1050,1324 837,1270 798,1292 747,1272 685,1310 616,1268 483,1308 433,1275 356,1297 317,1266 186,1300"/>
                <Baseline points="192,1311 234,1316 277,1318 319,1320 362,1322 405,1323 447,1323 490,1323 532,1323 575,1323 618,1323 660,1322 703,1322 745,1322 788,1323 831,1323 873,1325 916,1328 958,1331 1001,1334 1044,1340"/>
                <TextEquiv>
                    <Unicode>Ob woll der h Laundtvogt sy zele¬</Unicode>
                </TextEquiv>
            </TextLine>
            <TextLine id="r1l21" custom="readingOrder {index:20;}">
                <Coords points="214,1384 315,1416 352,1386 622,1388 769,1430 819,1394 904,1390 986,1426 1057,1398 1058,1362 994,1345 906,1369 836,1330 760,1358 697,1328 568,1366 391,1363 215,1329"/>
                <Baseline points="221,1371 262,1373 304,1375 345,1377 387,1379 428,1380 470,1380 511,1382 553,1383 594,1383 636,1383 678,1385 719,1385 761,1385 802,1385 844,1386 885,1386 927,1387 968,1388 1010,1389 1052,1389"/>
                <TextEquiv>
                    <Unicode>tragen ein mal understanden jedoh</Unicode>
                </TextEquiv>
            </TextLine>
            <TextLine id="r1l22" custom="readingOrder {index:21;}">
                <Coords points="212,1452 271,1476 487,1447 536,1488 634,1449 700,1477 818,1463 856,1493 902,1460 1038,1467 1039,1404 983,1429 843,1390 765,1434 543,1405 495,1425 431,1387 315,1416 213,1384"/>
                <Baseline points="218,1437 258,1439 299,1440 340,1440 380,1441 421,1442 462,1442 502,1442 543,1442 584,1442 625,1443 665,1443 706,1443 747,1443 787,1445 828,1445 869,1446 909,1448 950,1449 991,1451 1032,1454"/>
                <TextEquiv>
                    <Unicode>Wyll er dem jeünigen h gfründt</Unicode>
                </TextEquiv>
            </TextLine>
            <TextLine id="r1l23" custom="readingOrder {index:22;}">
                <Coords points="197,1513 326,1508 395,1552 537,1515 721,1516 758,1547 925,1516 1034,1536 1034,1494 952,1455 855,1493 827,1469 717,1489 673,1455 534,1488 491,1451 278,1478 197,1453"/>
                <Baseline points="203,1499 244,1500 285,1503 326,1505 368,1506 409,1506 450,1508 491,1508 533,1508 574,1508 615,1508 656,1508 698,1508 739,1508 780,1508 821,1509 863,1509 904,1509 945,1511 986,1512 1028,1515"/>
                <TextEquiv>
                    <Unicode>well er sich deß nit mehr beladen,</Unicode>
                </TextEquiv>
            </TextLine>
            <TextLine id="r1l24" custom="readingOrder {index:23;} person {offset:17; length:6;}">
                <Coords points="166,1584 221,1568 270,1596 354,1569 445,1613 539,1574 693,1618 754,1579 844,1607 1026,1580 985,1531 907,1524 836,1550 649,1524 591,1549 540,1519 395,1553 360,1522 249,1540 168,1505"/>
                <Baseline points="173,1551 215,1555 257,1558 300,1560 342,1564 384,1565 427,1567 469,1568 511,1569 554,1569 596,1571 638,1571 681,1571 723,1571 765,1571 808,1571 850,1571 892,1571 935,1571 977,1572 1020,1572"/>
                <TextEquiv>
                    <Unicode>Derhalben gäb er Klaßer imme teo</Unicode>
                </TextEquiv>
            </TextLine>
            <TextLine id="r1l25" custom="readingOrder {index:24;}">
                <Coords points="191,1663 266,1634 498,1648 544,1681 594,1647 726,1646 782,1685 883,1650 1047,1669 1048,1626 880,1588 787,1607 754,1579 697,1620 575,1584 542,1607 491,1575 428,1618 356,1575 294,1606 193,1584"/>
                <Baseline points="198,1619 240,1622 282,1626 324,1629 366,1631 408,1633 450,1635 493,1637 535,1638 577,1640 619,1640 661,1641 703,1641 745,1641 788,1641 830,1641 872,1641 914,1641 956,1641 998,1640 1041,1640"/>
                <TextEquiv>
                    <Unicode>gan dern allso das er deß h namen</Unicode>
                </TextEquiv>
            </TextLine>
            <TextLine id="r1l26" custom="readingOrder {index:25;}">
                <Coords points="189,1729 250,1734 320,1695 491,1731 526,1705 590,1732 776,1715 816,1752 877,1715 1032,1728 1014,1655 953,1694 866,1657 819,1694 746,1655 611,1653 546,1682 506,1660 462,1683 191,1663"/>
                <Baseline points="197,1683 238,1685 279,1688 321,1689 362,1691 404,1694 445,1696 487,1698 528,1700 570,1701 611,1703 652,1704 694,1706 735,1707 777,1707 818,1707 860,1707 901,1707 943,1707 984,1707 1026,1706"/>
                <TextEquiv>
                    <Unicode>hierin einichergstaldt nußbrucht,</Unicode>
                </TextEquiv>
            </TextLine>
            <TextLine id="r1l27" custom="readingOrder {index:26;}">
                <Coords points="207,1775 331,1806 439,1768 925,1781 971,1816 1039,1753 901,1757 859,1720 815,1753 775,1715 728,1758 666,1735 574,1757 538,1721 480,1750 209,1722"/>
                <Baseline points="215,1749 255,1752 296,1754 337,1756 378,1758 419,1761 460,1763 500,1766 541,1767 582,1768 623,1770 664,1772 705,1772 746,1773 786,1775 827,1775 868,1775 909,1775 950,1775 991,1773 1032,1772"/>
                <TextEquiv>
                    <Unicode>ingegenpart, aber werd noch er</Unicode>
                </TextEquiv>
            </TextLine>
            <TextLine id="r1l28" custom="readingOrder {index:27;}">
                <Coords points="187,1833 273,1842 331,1812 430,1863 513,1828 557,1875 620,1841 792,1881 859,1840 1001,1859 1027,1780 966,1818 867,1782 781,1800 758,1779 714,1810 683,1782 649,1809 492,1772 281,1804 228,1769 189,1786"/>
                <Baseline points="194,1817 235,1817 276,1817 317,1817 359,1818 400,1820 441,1822 482,1824 524,1826 565,1829 606,1830 647,1832 689,1835 730,1836 771,1836 812,1836 854,1836 895,1835 936,1833 977,1831 1019,1827"/>
                <TextEquiv>
                    <Unicode>Pein zwyffel, Inn deß by dem 8.</Unicode>
                </TextEquiv>
            </TextLine>
            <TextLine id="r1l29" custom="readingOrder {index:28;}">
                <Coords points="185,1902 371,1894 462,1937 557,1902 616,1941 856,1946 931,1904 1012,1928 1013,1873 946,1853 831,1848 782,1886 701,1883 650,1846 579,1877 504,1828 418,1874 319,1828 278,1863 186,1861"/>
                <Baseline points="191,1878 231,1880 272,1881 313,1883 354,1884 395,1886 435,1889 476,1890 517,1892 558,1893 599,1895 639,1896 680,1898 721,1898 762,1899 803,1899 843,1898 884,1898 925,1896 966,1894 1007,1892"/>
                <TextEquiv>
                    <Unicode>landtvogk Vunglimptet haben</Unicode>
                </TextEquiv>
            </TextLine>
            <TextLine id="r1l30" custom="readingOrder {index:29;}">
                <Coords points="185,2032 385,2018 467,2063 555,2020 646,2063 703,2028 781,2053 921,2023 959,2056 1037,2004 1037,1964 991,1941 907,1998 851,1973 801,2009 655,1984 559,2002 521,1967 357,1942 302,1981 218,1994 185,1971"/>
                <Baseline points="191,2004 233,2006 275,2007 317,2010 359,2012 401,2013 443,2015 485,2018 527,2019 569,2021 611,2022 653,2022 695,2022 737,2022 779,2022 821,2021 863,2019 905,2016 947,2013 989,2008 1031,2003"/>
                <TextEquiv>
                    <Unicode>Ober die letste an zun gefane frau</Unicode>
                </TextEquiv>
            </TextLine>
            <TextLine id="r1l31" custom="readingOrder {index:30;}">
                <Coords points="182,2069 310,2103 361,2075 521,2080 570,2107 737,2092 800,2057 966,2109 1026,2063 1027,2018 957,2058 903,2023 785,2049 694,2028 638,2061 561,2025 468,2062 385,2018 325,2048 217,2013 183,2032"/>
                <Baseline points="189,2060 230,2060 272,2062 313,2063 355,2066 396,2068 438,2070 479,2072 521,2075 562,2076 604,2078 646,2079 687,2080 729,2081 770,2081 812,2079 853,2078 895,2074 936,2070 978,2066 1020,2060"/>
                <TextEquiv>
                    <Unicode>betraffenndt, 700lb. Mdiep</Unicode>
                </TextEquiv>
            </TextLine>
            <TextLine id="r1l32" custom="readingOrder {index:31;} person {offset:0; length:17;}">
                <Coords points="187,2178 252,2130 501,2161 588,2143 680,2185 715,2154 858,2165 1036,2123 1017,2066 967,2109 894,2116 797,2058 717,2098 521,2091 492,2115 404,2071 308,2107 189,2079"/>
                <Baseline points="195,2118 236,2120 278,2121 320,2124 361,2126 403,2129 445,2131 486,2133 528,2136 570,2138 612,2139 653,2141 695,2141 737,2141 778,2141 820,2139 862,2138 903,2135 945,2130 987,2126 1029,2118"/>
                <TextEquiv>
                    <Unicode>Hanns Frantz Kung der Rppoteren</Unicode>
                </TextEquiv>
            </TextLine>
            <TextLine id="r1l33" custom="readingOrder {index:32;}">
                <Coords points="174,2191 310,2200 348,2236 389,2204 440,2235 523,2202 699,2230 820,2205 913,2248 1026,2184 1026,2156 954,2139 882,2181 835,2150 735,2152 662,2189 524,2153 449,2184 355,2136 258,2171 174,2157"/>
                <Baseline points="180,2183 222,2185 264,2187 306,2189 348,2190 390,2193 432,2195 474,2196 516,2198 558,2199 600,2201 642,2201 684,2201 726,2201 768,2201 810,2199 852,2198 894,2195 936,2192 978,2188 1020,2184"/>
                <TextEquiv>
                    <Unicode>Landtshauptman Gerber sien</Unicode>
                </TextEquiv>
            </TextLine>
            <TextLine id="r1l34" custom="readingOrder {index:33;}">
                <Coords points="158,2252 774,2290 962,2276 1040,2251 1041,2218 905,2250 813,2206 676,2250 531,2208 473,2246 414,2211 355,2239 307,2199 268,2227 236,2195 159,2191"/>
                <Baseline points="164,2240 207,2243 251,2246 294,2249 338,2252 381,2255 425,2258 468,2261 512,2264 555,2266 599,2268 642,2270 686,2270 729,2270 773,2270 816,2268 860,2266 903,2262 947,2256 990,2251 1034,2243"/>
                <TextEquiv>
                    <Unicode>Großnater vordert, darumber</Unicode>
                </TextEquiv>
            </TextLine>
            <TextLine id="r1l35" custom="readingOrder {index:34;} person {offset:0; length:6;}">
                <Coords points="163,2321 316,2320 428,2362 537,2333 735,2339 783,2379 843,2342 961,2361 1025,2289 967,2281 928,2312 819,2278 754,2318 692,2275 591,2315 441,2271 344,2287 314,2257 165,2253"/>
                <Baseline points="170,2303 212,2304 254,2307 297,2309 339,2313 382,2316 424,2319 467,2323 509,2327 552,2330 594,2332 636,2334 679,2336 721,2337 764,2336 806,2335 849,2333 891,2329 934,2323 976,2316 1019,2307"/>
                <TextEquiv>
                    <Unicode>Blaßer sich gegen demselben hu</Unicode>
                </TextEquiv>
            </TextLine>
            <TextLine id="r1l36" custom="readingOrder {index:35;}">
                <Coords points="164,2372 336,2428 384,2395 708,2418 769,2397 858,2438 1031,2388 1033,2312 948,2368 899,2339 751,2379 699,2341 561,2377 288,2318 165,2335"/>
                <Baseline points="171,2363 213,2365 256,2367 299,2370 342,2374 384,2377 427,2381 470,2385 513,2387 555,2390 598,2393 641,2394 684,2396 726,2396 769,2394 812,2393 855,2390 897,2385 940,2380 983,2373 1026,2364"/>
                <TextEquiv>
                    <Unicode>recht gestellt, vnnd inne bisher</Unicode>
                </TextEquiv>
            </TextLine>
            <TextLine id="r1l37" custom="readingOrder {index:36;}">
                <Coords points="124,2493 281,2443 387,2495 433,2462 580,2453 656,2501 727,2465 1025,2443 1026,2389 856,2438 777,2399 522,2433 429,2403 394,2431 276,2395 125,2409"/>
                <Baseline points="131,2426 175,2430 219,2432 264,2435 308,2439 353,2442 397,2445 441,2448 486,2450 530,2453 575,2454 619,2456 663,2456 708,2456 752,2454 797,2453 841,2450 885,2446 930,2441 974,2435 1019,2427"/>
                <TextEquiv>
                    <Unicode>gehalten, hatt er zubscheidt gaben, es</Unicode>
                </TextEquiv>
            </TextLine>
            <TextLine id="r1l38" custom="readingOrder {index:37;}">
                <Coords points="141,2523 262,2511 301,2545 362,2516 599,2525 668,2562 710,2527 1009,2533 1047,2503 1047,2451 858,2486 827,2461 777,2497 724,2469 689,2502 589,2509 469,2473 141,2481"/>
                <Baseline points="147,2493 191,2496 236,2499 281,2504 325,2507 370,2510 415,2512 459,2515 504,2517 549,2519 594,2520 638,2520 683,2520 728,2520 772,2518 817,2516 862,2511 906,2506 951,2500 996,2493 1041,2484"/>
                <TextEquiv>
                    <Unicode>habe gemelter kung vor etwas zart</Unicode>
                </TextEquiv>
            </TextLine>
            <TextLine id="r1l39" custom="readingOrder {index:38;}">
                <Coords points="135,2560 345,2578 414,2613 683,2593 733,2632 774,2594 956,2584 1047,2542 1048,2506 820,2558 709,2527 661,2572 628,2540 551,2559 425,2517 309,2552 262,2511 135,2532"/>
                <Baseline points="141,2552 186,2555 231,2559 276,2563 321,2567 366,2570 411,2575 456,2579 501,2581 546,2583 591,2586 636,2587 681,2588 726,2586 771,2585 816,2581 861,2576 906,2569 951,2562 996,2551 1041,2540"/>
                <TextEquiv>
                    <Unicode>imme 200 lb ze liechen vrsprochen dem</Unicode>
                </TextEquiv>
            </TextLine>
            <TextLine id="r1l40" custom="readingOrder {index:39;}">
                <Coords points="113,2648 140,2662 182,2623 232,2657 301,2636 794,2680 892,2645 995,2679 1028,2662 1029,2571 907,2587 859,2626 773,2598 704,2641 605,2606 420,2619 345,2578 307,2612 197,2564 114,2591"/>
                <Baseline points="119,2609 164,2613 209,2619 254,2625 299,2630 344,2634 389,2638 435,2643 480,2646 525,2649 570,2651 615,2652 660,2652 705,2652 751,2650 796,2648 841,2643 886,2638 931,2632 976,2624 1022,2613"/>
                <TextEquiv>
                    <Unicode>Dyn großvatter burg worden, unnd</Unicode>
                </TextEquiv>
            </TextLine>
            <TextLine id="r1l41" custom="readingOrder {index:40;}">
                <Coords points="125,2696 360,2709 410,2746 450,2720 691,2716 760,2754 996,2697 997,2622 800,2694 659,2691 612,2655 539,2694 491,2654 375,2679 317,2640 247,2670 181,2624 126,2662"/>
                <Baseline points="132,2681 174,2684 217,2688 260,2692 303,2694 346,2698 389,2702 432,2704 475,2706 518,2709 561,2711 603,2711 646,2712 689,2711 732,2711 775,2708 818,2705 861,2700 904,2696 947,2689 990,2681"/>
                <TextEquiv>
                    <Unicode>wider verhofen nit mehr alls 32t</Unicode>
                </TextEquiv>
            </TextLine>
            <TextLine id="r1l42" custom="readingOrder {index:41;}">
                <Coords points="134,2783 183,2752 233,2800 306,2761 365,2814 468,2778 569,2800 663,2779 778,2818 839,2776 1026,2746 1027,2699 751,2757 657,2719 526,2753 448,2720 410,2745 135,2695"/>
                <Baseline points="141,2742 187,2744 233,2747 279,2750 326,2754 372,2757 418,2760 464,2765 511,2768 557,2770 603,2773 649,2774 696,2774 742,2774 788,2771 834,2766 881,2761 927,2754 973,2744 1020,2733"/>
                <TextEquiv>
                    <Unicode>pargält gaben das überig alles oe</Unicode>
                </TextEquiv>
            </TextLine>
            <TextEquiv>
                <Unicode>zebetragen, ingsprochen wordenn
hab sich der geweygeret, fürwend
die sach beur nit allein sy beydt
gemelt, sondern auch den h. Landt¬
zu Romamostier, der sie zinsone
Wanndt, das er sich diß gschriffts und
bladen könne, Innmaßen er zuerie
erung deßelben kein andermiter
gerteüff, dann für nun gezuzeken
Dannt nun syn widerparth sich der
uewwüßen heyte nit zuclagen hal,
hab er anfangs denn weybelmuß
lich beuolthen, was er Im anzeig
solle, deßen sich der weybel beschwy
unnd jnnen zugemutet, wyl erde
auch syn widerpardt, Schryben vnnd
läßen konent, solle er die Vrichtung
Inn einzedel schryben, welches er
volgents gethan, Inn solchen Wor
Ob woll der h Laundtvogt sy zele¬
tragen ein mal understanden jedoh
Wyll er dem jeünigen h gfründt
well er sich deß nit mehr beladen,
Derhalben gäb er Klaßer imme teo
gan dern allso das er deß h namen
hierin einichergstaldt nußbrucht,
ingegenpart, aber werd noch er
Pein zwyffel, Inn deß by dem 8.
landtvogk Vunglimptet haben
Ober die letste an zun gefane frau
betraffenndt, 700lb. Mdiep
Hanns Frantz Kung der Rppoteren
Landtshauptman Gerber sien
Großnater vordert, darumber
Blaßer sich gegen demselben hu
recht gestellt, vnnd inne bisher
gehalten, hatt er zubscheidt gaben, es
habe gemelter kung vor etwas zart
imme 200 lb ze liechen vrsprochen dem
Dyn großvatter burg worden, unnd
wider verhofen nit mehr alls 32t
pargält gaben das überig alles oe</Unicode>
            </TextEquiv>
        </TextRegion>
        <TextRegion orientation="0.0" id="r2" custom="readingOrder {index:1;}">
            <Coords points="1113,28 1113,2492 2154,2492 2154,28"/>
            <TextLine id="r2l1" custom="readingOrder {index:0;}">
                <Coords points="2014,85 2020,85 2028,79 2043,79 2045,76 2050,78 2053,75 2062,78 2073,70 2088,70 2091,11 2084,10 2078,16 2064,17 2057,24 2041,18 2029,25 2017,24"/>
                <Baseline points="2022,53 2052,53 2082,56"/>
                <TextEquiv>
                    <Unicode>48</Unicode>
                </TextEquiv>
            </TextLine>
            <TextLine id="r2l2" custom="readingOrder {index:1;}">
                <Coords points="1167,268 1514,171 2068,134 2061,81 1965,51 1923,104 1825,120 1615,90 1516,149 1342,126 1160,217"/>
                <Baseline points="1169,240 1213,228 1258,216 1302,206 1347,196 1391,187 1436,179 1480,172 1525,166 1569,160 1614,155 1659,150 1703,144 1748,140 1792,135 1837,132 1881,128 1926,125 1970,121 2015,117 2060,113"/>
                <TextEquiv>
                    <Unicode>Im Schulden, die er verlieren mußen,</Unicode>
                </TextEquiv>
            </TextLine>
            <TextLine id="r2l3" custom="readingOrder {index:2;}">
                <Coords points="1172,313 1344,249 1691,209 1759,244 1873,209 1938,237 1999,181 2068,203 2133,171 2111,142 1827,139 1748,177 1694,153 1569,196 1458,181 1167,267"/>
                <Baseline points="1176,287 1223,275 1271,264 1318,254 1366,245 1413,238 1461,229 1508,223 1556,217 1603,211 1651,206 1698,201 1746,195 1793,192 1841,188 1888,185 1936,181 1983,177 2031,174 2078,171 2126,167"/>
                <TextEquiv>
                    <Unicode>daumb er kung aber werschafft ze tragen</Unicode>
                </TextEquiv>
            </TextLine>
            <TextLine id="r2l4" custom="readingOrder {index:3;}">
                <Coords points="1196,367 1276,377 1366,315 1520,316 1551,292 1598,314 1655,280 1742,325 1803,267 1852,284 2059,246 2053,196 1995,187 1942,236 1875,215 1774,248 1689,209 1580,258 1512,227 1411,245 1364,287 1322,268 1190,310"/>
                <Baseline points="1200,348 1242,337 1285,326 1327,316 1370,307 1412,299 1455,293 1497,288 1540,282 1582,276 1625,273 1668,270 1710,265 1753,263 1795,259 1838,256 1880,253 1923,250 1965,246 2008,241 2051,237"/>
                <TextEquiv>
                    <Unicode>verheißen verzeigt, wie solcher die</Unicode>
                </TextEquiv>
            </TextLine>
            <TextLine id="r2l5" custom="readingOrder {index:4;} person {offset:16; length:8;}">
                <Coords points="1165,430 1275,447 1349,388 1440,371 1474,396 1513,369 1548,392 1654,346 1701,377 1886,326 1996,361 2094,302 2086,238 2033,295 1810,279 1770,303 1712,271 1639,331 1549,299 1380,357 1329,332 1279,377 1158,376"/>
                <Baseline points="1170,422 1215,409 1261,399 1307,389 1353,380 1399,372 1445,364 1491,358 1537,352 1583,347 1629,342 1674,338 1720,334 1766,330 1812,326 1858,322 1904,319 1950,315 1996,312 2042,307 2088,303"/>
                <TextEquiv>
                    <Unicode>schrifften so l Rynunger haberer hinder</Unicode>
                </TextEquiv>
            </TextLine>
            <TextLine id="r2l6" custom="readingOrder {index:5;}">
                <Coords points="1175,498 1245,474 1278,496 1376,441 1416,462 1504,431 1544,461 1589,426 1749,437 1858,396 1999,397 2041,427 2091,408 2085,353 1750,351 1698,378 1655,347 1630,378 1591,359 1477,398 1439,372 1310,408 1274,448 1170,450"/>
                <Baseline points="1179,480 1224,469 1269,459 1314,449 1359,441 1404,434 1449,428 1494,422 1539,417 1584,413 1630,408 1675,406 1720,403 1765,400 1810,396 1855,393 1900,391 1945,388 1990,384 2035,381 2081,377"/>
                <TextEquiv>
                    <Unicode>imme hab ußerafft welchern erkung</Unicode>
                </TextEquiv>
            </TextLine>
            <TextLine id="r2l7" custom="readingOrder {index:6;}">
                <Coords points="1183,558 1307,523 1356,556 1470,498 1561,527 1702,476 2094,461 2097,418 1824,403 1772,441 1657,421 1546,462 1449,438 1177,503"/>
                <Baseline points="1187,534 1232,527 1277,519 1322,511 1368,504 1413,497 1458,492 1504,487 1549,481 1594,477 1640,473 1685,470 1730,466 1775,462 1821,459 1866,455 1911,452 1957,448 2002,446 2047,442 2093,438"/>
                <TextEquiv>
                    <Unicode>beechtigk, bezüget, vnnd diewyll er</Unicode>
                </TextEquiv>
            </TextLine>
            <TextLine id="r2l8" custom="readingOrder {index:7;}">
                <Coords points="1184,604 1291,608 1347,575 1444,595 1546,548 2117,525 2108,450 2044,483 1827,464 1734,513 1619,494 1563,528 1518,494 1357,555 1312,523 1180,555"/>
                <Baseline points="1190,593 1238,584 1286,576 1335,569 1383,562 1431,557 1480,551 1528,546 1576,541 1625,537 1673,532 1722,528 1770,524 1818,522 1867,518 1915,515 1963,511 2012,508 2060,504 2109,501"/>
                <TextEquiv>
                    <Unicode>in disen 700sl nit mer wie gemelt</Unicode>
                </TextEquiv>
            </TextLine>
            <TextLine id="r2l9" custom="readingOrder {index:8;}">
                <Coords points="1163,683 1376,629 1604,657 1658,608 1705,635 1800,593 1882,620 1980,580 2076,589 2092,516 2032,551 1976,516 1686,584 1602,586 1547,547 1489,595 1341,575 1291,608 1157,611"/>
                <Baseline points="1167,651 1213,645 1259,639 1305,633 1351,628 1397,623 1443,618 1490,614 1536,610 1582,606 1628,602 1674,599 1720,595 1766,591 1813,588 1859,585 1905,581 1951,578 1997,574 2043,569 2090,566"/>
                <TextEquiv>
                    <Unicode>dan 22t empfangen hab er sich sines</Unicode>
                </TextEquiv>
            </TextLine>
            <TextLine id="r2l10" custom="readingOrder {index:9;}">
                <Coords points="1173,731 1601,680 1699,717 1735,678 1863,657 1920,701 1966,661 2052,655 2046,581 1972,628 1853,636 1795,594 1705,635 1656,610 1614,657 1378,635 1169,687"/>
                <Baseline points="1178,716 1221,709 1264,701 1308,694 1351,689 1394,685 1438,680 1481,677 1524,674 1568,671 1611,669 1654,666 1698,663 1741,662 1784,659 1828,656 1871,653 1914,649 1958,646 2001,641 2045,635"/>
                <TextEquiv>
                    <Unicode>erachens billicher wys widersetzte</Unicode>
                </TextEquiv>
            </TextLine>
            <TextLine id="r2l11" custom="readingOrder {index:10;}">
                <Coords points="1179,798 1237,781 1291,812 1367,762 1849,718 1946,718 1997,754 2139,704 2136,665 2034,650 1922,697 1860,658 1702,714 1604,689 1518,717 1423,684 1173,729"/>
                <Baseline points="1184,782 1231,773 1278,765 1326,758 1373,753 1421,747 1468,741 1515,738 1563,734 1610,731 1658,728 1705,726 1752,723 1800,720 1847,718 1895,715 1942,711 1989,709 2037,705 2084,700 2132,696"/>
                <TextEquiv>
                    <Unicode>vnd vwunderen Inn nit wenig, das er</Unicode>
                </TextEquiv>
            </TextLine>
            <TextLine id="r2l12" custom="readingOrder {index:11;}">
                <Coords points="1162,873 1200,890 1377,825 1466,849 1505,826 1557,858 1688,805 1824,839 1944,780 2013,818 2091,781 2086,718 2006,759 1848,719 1623,786 1537,750 1437,796 1156,798"/>
                <Baseline points="1166,849 1211,842 1257,834 1303,828 1349,822 1395,818 1441,813 1487,809 1533,806 1579,803 1625,798 1670,796 1716,793 1762,791 1808,788 1854,784 1900,782 1946,777 1992,774 2038,769 2084,764"/>
                <TextEquiv>
                    <Unicode>deßhalb einehes falers beschulldiget</Unicode>
                </TextEquiv>
            </TextLine>
            <TextLine id="r2l13" custom="readingOrder {index:12;}">
                <Coords points="1152,930 1639,870 1962,874 2048,847 2046,817 1974,833 1913,798 1875,834 1788,817 1753,843 1701,807 1557,858 1373,826 1309,876 1267,848 1149,894"/>
                <Baseline points="1157,915 1201,909 1245,903 1289,898 1334,893 1378,890 1422,885 1466,882 1511,878 1555,875 1599,873 1643,869 1688,866 1732,864 1776,861 1820,858 1865,855 1909,853 1953,849 1997,846 2042,842"/>
                <TextEquiv>
                    <Unicode>werde, welle das alles aber siner</Unicode>
                </TextEquiv>
            </TextLine>
            <TextLine id="r2l14" custom="readingOrder {index:13;}">
                <Coords points="1163,1011 1456,962 1581,988 1679,937 1758,974 1894,926 2066,939 2124,923 2122,890 1877,866 1676,920 1512,898 1464,925 1400,896 1158,936"/>
                <Baseline points="1167,969 1214,967 1262,965 1309,962 1357,959 1404,955 1452,952 1499,948 1547,945 1594,942 1642,938 1689,934 1737,930 1784,927 1832,923 1879,920 1927,917 1974,914 2022,911 2069,909 2117,906"/>
                <TextEquiv>
                    <Unicode>g oberkheidt henmgesteldt haben,</Unicode>
                </TextEquiv>
            </TextLine>
            <TextLine id="r2l15" custom="readingOrder {index:14;}">
                <Coords points="1178,1043 1267,1075 1318,1042 1353,1068 1586,1025 1943,1028 2142,984 2138,924 1914,975 1768,982 1673,943 1597,994 1454,962 1176,1014"/>
                <Baseline points="1184,1031 1231,1029 1279,1028 1326,1026 1374,1023 1421,1022 1469,1019 1516,1016 1564,1013 1611,1010 1659,1007 1707,1004 1754,1001 1802,997 1849,993 1897,989 1944,986 1992,982 2039,978 2087,975 2135,971"/>
                <TextEquiv>
                    <Unicode>nach zu zwysheidt, hierin auch mit</Unicode>
                </TextEquiv>
            </TextLine>
            <TextLine id="r2l16" custom="readingOrder {index:15;}">
                <Coords points="1142,1139 1232,1114 1250,1131 1281,1115 1317,1126 1388,1091 1414,1104 1431,1092 1450,1107 1555,1106 1552,1041 1484,1065 1391,1046 1362,1068 1318,1043 1268,1078 1196,1042 1165,1060 1137,1056"/>
                <Baseline points="1146,1098 1171,1095 1196,1093 1221,1091 1246,1089 1271,1088 1296,1086 1321,1086 1347,1085 1372,1083 1397,1082 1422,1081 1447,1080 1472,1079 1497,1077 1522,1075 1548,1074"/>
                <TextEquiv>
                    <Unicode>e zehallen</Unicode>
                </TextEquiv>
            </TextLine>
            <TextLine id="r2l17" custom="readingOrder {index:16;}">
                <Coords points="1249,1295 2118,1276 2116,1184 2030,1227 1890,1199 1838,1234 1756,1220 1694,1247 1625,1221 1453,1234 1399,1205 1303,1256 1247,1229"/>
                <Baseline points="1254,1269 1296,1269 1339,1271 1382,1271 1425,1269 1468,1269 1511,1268 1553,1266 1596,1265 1639,1264 1682,1263 1725,1262 1768,1260 1811,1259 1853,1259 1896,1259 1939,1257 1982,1259 2025,1259 2068,1260 2111,1262"/>
                <TextEquiv>
                    <Unicode>Visere vergicht nach dem symmen g</Unicode>
                </TextEquiv>
            </TextLine>
            <TextLine id="r2l18" custom="readingOrder {index:17;}">
                <Coords points="1274,1355 1311,1328 2084,1317 2043,1261 2015,1286 1853,1276 1827,1299 1689,1270 1662,1294 1531,1277 1483,1303 1451,1279 1273,1299"/>
                <Baseline points="1280,1326 1319,1322 1359,1319 1399,1317 1439,1315 1479,1313 1519,1313 1559,1311 1599,1310 1639,1310 1679,1310 1718,1310 1758,1308 1798,1308 1838,1308 1878,1307 1918,1307 1958,1305 1998,1305 2038,1303 2078,1301"/>
                <TextEquiv>
                    <Unicode>herrenn vnnd Oberen vorglesen worden</Unicode>
                </TextEquiv>
            </TextLine>
            <TextLine id="r2l19" custom="readingOrder {index:18;} place {offset:27; length:8;}">
                <Coords points="1292,1385 1397,1360 1449,1395 1627,1352 1702,1388 1828,1353 1877,1382 1968,1349 2070,1374 2157,1360 2156,1297 1930,1337 1757,1311 1706,1337 1291,1339"/>
                <Baseline points="1298,1367 1340,1364 1383,1361 1425,1359 1468,1356 1511,1355 1553,1353 1596,1352 1638,1350 1681,1349 1724,1349 1766,1348 1809,1347 1851,1347 1894,1347 1937,1346 1979,1346 2022,1346 2064,1344 2107,1344 2150,1343"/>
                <TextEquiv>
                    <Unicode>haben in g irem amptman zu Trachsel.</Unicode>
                </TextEquiv>
            </TextLine>
            <TextLine id="r2l20" custom="readingOrder {index:19;}">
                <Coords points="1277,1424 1495,1411 1538,1437 1566,1412 1786,1405 1872,1433 1913,1401 2091,1401 2090,1376 2006,1383 1968,1350 1879,1385 1780,1355 1720,1387 1622,1357 1443,1396 1398,1360 1343,1397 1276,1392"/>
                <Baseline points="1283,1415 1323,1412 1363,1410 1403,1409 1443,1407 1483,1405 1523,1404 1563,1403 1603,1401 1643,1400 1683,1398 1723,1398 1763,1397 1803,1395 1843,1395 1883,1394 1923,1393 1963,1392 2003,1392 2043,1391 2084,1391"/>
                <TextEquiv>
                    <Unicode>walld vberschickt, vnnd dise sachzuer¬</Unicode>
                </TextEquiv>
            </TextLine>
            <TextLine id="r2l21" custom="readingOrder {index:20;}">
                <Coords points="1284,1480 2145,1449 2144,1426 1997,1398 1958,1425 1864,1402 1833,1433 1639,1405 1539,1438 1497,1411 1376,1417 1347,1445 1283,1422"/>
                <Baseline points="1290,1458 1332,1457 1374,1455 1417,1454 1459,1452 1502,1451 1544,1449 1586,1448 1629,1447 1671,1446 1714,1445 1756,1444 1798,1443 1841,1443 1883,1442 1926,1442 1968,1442 2010,1442 2053,1442 2095,1442 2138,1442"/>
                <TextEquiv>
                    <Unicode>denen, vnnd nach Ingenommen Informa¬</Unicode>
                </TextEquiv>
            </TextLine>
            <TextLine id="r2l22" custom="readingOrder {index:21;}">
                <Coords points="1281,1530 1365,1504 1392,1530 1538,1502 2065,1507 2081,1444 1990,1477 1832,1452 1280,1482"/>
                <Baseline points="1286,1506 1325,1503 1364,1501 1404,1499 1443,1497 1483,1496 1522,1496 1562,1494 1601,1494 1641,1493 1680,1493 1719,1493 1759,1493 1798,1493 1838,1493 1877,1493 1917,1493 1956,1493 1996,1493 2035,1493 2075,1493"/>
                <TextEquiv>
                    <Unicode>tion, Zuerördteren beuolchen. Siemit</Unicode>
                </TextEquiv>
            </TextLine>
            <TextLine id="r2l23" custom="readingOrder {index:22;} person {offset:10; length:6;}">
                <Coords points="1284,1559 1563,1549 1678,1579 1720,1549 1792,1580 1836,1547 1962,1546 2038,1585 2091,1550 2160,1558 2142,1486 2032,1525 1739,1499 1599,1502 1527,1537 1368,1507 1284,1527"/>
                <Baseline points="1290,1551 1333,1550 1376,1550 1419,1548 1462,1548 1506,1547 1549,1546 1592,1545 1635,1545 1678,1544 1722,1543 1765,1542 1808,1542 1851,1542 1894,1541 1938,1541 1981,1542 2024,1542 2067,1542 2110,1544 2154,1545"/>
                <TextEquiv>
                    <Unicode>Aber inne Bloser uff abtraglost.</Unicode>
                </TextEquiv>
            </TextLine>
            <TextLine id="r2l24" custom="readingOrder {index:23;}">
                <Coords points="1296,1613 1580,1605 1611,1629 1724,1598 1901,1617 2034,1588 2084,1611 2141,1602 2141,1567 1888,1546 1793,1580 1720,1549 1682,1576 1648,1555 1295,1573"/>
                <Baseline points="1301,1599 1342,1599 1384,1598 1426,1596 1467,1596 1509,1595 1551,1593 1592,1593 1634,1592 1676,1592 1718,1592 1759,1590 1801,1590 1843,1590 1884,1590 1926,1590 1968,1590 2009,1590 2051,1590 2093,1590 2135,1590"/>
                <TextEquiv>
                    <Unicode>enns, doch vffgetane gluph nit ze¬</Unicode>
                </TextEquiv>
            </TextLine>
            <TextLine id="r2l25" custom="readingOrder {index:24;}">
                <Coords points="1289,1688 1467,1648 1869,1681 1951,1649 2006,1687 2136,1655 2136,1623 2035,1590 1990,1616 1843,1617 1816,1591 1616,1630 1578,1604 1289,1611"/>
                <Baseline points="1295,1644 1336,1644 1378,1643 1420,1643 1462,1641 1503,1641 1545,1641 1587,1640 1629,1640 1670,1640 1712,1640 1754,1640 1796,1640 1837,1640 1879,1640 1921,1640 1963,1641 2004,1641 2046,1643 2088,1643 2130,1644"/>
                <TextEquiv>
                    <Unicode>wychenn einmal ledig gelaßenn</Unicode>
                </TextEquiv>
            </TextLine>
            <TextLine id="r2l26" custom="readingOrder {index:25;} person {offset:0; length:12;}">
                <Coords points="1148,1951 1595,1952 1710,1998 1787,1959 1868,1988 2056,1982 2059,1918 1931,1827 1796,1875 1685,1780 1513,1825 1420,1762 1281,1758 1154,1809"/>
                <Baseline points="1155,1926 1199,1927 1244,1929 1289,1931 1334,1931 1379,1932 1423,1934 1468,1935 1513,1937 1558,1938 1603,1939 1647,1940 1692,1943 1737,1944 1782,1946 1827,1949 1871,1952 1916,1955 1961,1958 2006,1962 2051,1967"/>
                <TextEquiv>
                    <Unicode>Hanns Gogler.</Unicode>
                </TextEquiv>
            </TextLine>
            <TextLine id="r2l27" custom="readingOrder {index:26;} place {offset:16; length:7;}">
                <Coords points="1319,2028 1500,2011 1623,2047 1653,2023 1754,2021 1975,2031 1996,2051 2007,2007 1897,1966 1813,1987 1787,1960 1708,1999 1579,1956 1537,1979 1472,1954 1422,1979 1322,1964"/>
                <Baseline points="1326,1994 1359,1997 1393,1998 1427,2001 1460,2003 1494,2004 1528,2005 1561,2007 1595,2008 1629,2010 1663,2011 1696,2012 1730,2013 1764,2015 1797,2017 1831,2019 1865,2021 1898,2023 1932,2026 1966,2028 2000,2031"/>
                <TextEquiv>
                    <Unicode>gewaßne beck zu julider.</Unicode>
                </TextEquiv>
            </TextLine>
            <TextLine id="r2l28" custom="readingOrder {index:27;} person {offset:0; length:7; continued:true;}">
                <Coords points="1437,2079 1505,2084 1540,2071 1564,2092 1601,2084 1634,2099 1659,2087 1680,2092 1681,2054 1647,2041 1635,2050 1618,2047 1581,2023 1552,2033 1499,2012 1468,2041 1438,2050"/>
                <Baseline points="1443,2063 1468,2060 1494,2060 1520,2060 1545,2060 1571,2062 1597,2063 1622,2065 1648,2066 1674,2066"/>
                <TextEquiv>
                    <Unicode>lackenn</Unicode>
                </TextEquiv>
            </TextLine>
            <TextLine id="r2l29" custom="readingOrder {index:28;} person {offset:0; length:5; continued:true;} place {offset:31; length:8;}">
                <Coords points="1106,2162 2078,2220 2080,2185 1955,2129 1655,2123 1611,2092 1548,2117 1417,2086 1288,2104 1112,2061"/>
                <Baseline points="1113,2148 1163,2151 1213,2155 1264,2157 1314,2160 1365,2162 1415,2165 1466,2166 1516,2169 1567,2172 1617,2174 1668,2176 1718,2178 1769,2181 1819,2184 1870,2187 1920,2190 1971,2195 2021,2199 2072,2204"/>
                <TextEquiv>
                    <Unicode>Wyler bekanndtlich, das er znn Wärckenn</Unicode>
                </TextEquiv>
            </TextLine>
            <TextLine id="r2l30" custom="readingOrder {index:29;}">
                <Coords points="1155,2230 1450,2236 1513,2266 1568,2245 1604,2272 1795,2239 2048,2277 2126,2267 2131,2184 2034,2236 1943,2200 1873,2230 1703,2183 1311,2199 1158,2171"/>
                <Baseline points="1163,2199 1210,2205 1258,2210 1306,2214 1354,2217 1402,2220 1450,2223 1497,2225 1545,2228 1593,2229 1641,2231 1689,2232 1737,2235 1785,2237 1832,2239 1880,2242 1928,2245 1976,2248 2024,2253 2072,2256 2120,2262"/>
                <TextEquiv>
                    <Unicode>Pppiger hurey sich zu deyen Vnnderschid¬</Unicode>
                </TextEquiv>
            </TextLine>
            <TextLine id="r2l31" custom="readingOrder {index:30;}">
                <Coords points="1133,2247 1431,2318 1500,2289 1964,2306 2033,2352 2108,2312 2111,2262 1869,2271 1791,2237 1604,2273 1433,2234 1275,2252 1135,2209"/>
                <Baseline points="1140,2246 1188,2252 1236,2258 1284,2263 1332,2267 1380,2271 1428,2275 1476,2277 1524,2280 1572,2282 1621,2285 1669,2286 1717,2288 1765,2290 1813,2292 1861,2294 1909,2295 1957,2297 2005,2301 2053,2303 2102,2306"/>
                <TextEquiv>
                    <Unicode>lichenn malen, verganngen. Iß vnntzit vff</Unicode>
                </TextEquiv>
            </TextLine>
            <TextLine id="r2l32" custom="readingOrder {index:31;}">
                <Coords points="1125,2315 1325,2321 1396,2353 1427,2328 1530,2366 1738,2340 1943,2390 1986,2363 2060,2376 2062,2349 1947,2312 1882,2335 1840,2304 1740,2320 1713,2295 1673,2322 1250,2263 1200,2282 1130,2247"/>
                <Baseline points="1133,2291 1179,2297 1225,2302 1271,2308 1317,2313 1363,2317 1409,2321 1455,2324 1501,2327 1547,2330 1594,2333 1640,2336 1686,2339 1732,2342 1778,2344 1824,2347 1870,2350 1916,2352 1962,2356 2008,2359 2055,2363"/>
                <TextEquiv>
                    <Unicode>Gnadminer ger herren unnd Ohberen z g</Unicode>
                </TextEquiv>
            </TextLine>
            <TextLine id="r2l33" custom="readingOrder {index:32;}">
                <Coords points="1141,2362 1397,2376 1452,2412 1534,2386 1700,2424 1862,2402 1909,2438 2083,2427 2085,2403 1990,2367 1833,2384 1748,2344 1654,2375 1586,2342 1531,2367 1428,2330 1393,2355 1144,2314"/>
                <Baseline points="1148,2343 1194,2349 1241,2355 1287,2360 1334,2364 1380,2368 1427,2372 1473,2376 1520,2378 1566,2382 1613,2384 1659,2388 1706,2391 1752,2394 1799,2396 1845,2400 1892,2404 1938,2408 1985,2411 2031,2417 2078,2421"/>
                <TextEquiv>
                    <Unicode>Lannden vnnd gepirten mit dem Eÿd ver¬</Unicode>
                </TextEquiv>
            </TextLine>
            <TextLine id="r2l34" custom="readingOrder {index:33;}">
                <Coords points="1124,2423 1965,2505 2125,2490 2111,2430 1988,2452 1788,2401 1708,2431 1537,2385 1458,2413 1401,2376 1305,2395 1129,2366"/>
                <Baseline points="1133,2394 1182,2399 1231,2404 1281,2409 1330,2413 1379,2417 1429,2421 1478,2425 1527,2428 1577,2432 1626,2436 1675,2439 1725,2444 1774,2447 1823,2451 1873,2455 1922,2459 1971,2464 2021,2469 2070,2474 2120,2480"/>
                <TextEquiv>
                    <Unicode>wisenn wordenn, denn 11. Februaryi 161</Unicode>
                </TextEquiv>
            </TextLine>
            <TextEquiv>
                <Unicode>48
Im Schulden, die er verlieren mußen,
daumb er kung aber werschafft ze tragen
verheißen verzeigt, wie solcher die
schrifften so l Rynunger haberer hinder
imme hab ußerafft welchern erkung
beechtigk, bezüget, vnnd diewyll er
in disen 700sl nit mer wie gemelt
dan 22t empfangen hab er sich sines
erachens billicher wys widersetzte
vnd vwunderen Inn nit wenig, das er
deßhalb einehes falers beschulldiget
werde, welle das alles aber siner
g oberkheidt henmgesteldt haben,
nach zu zwysheidt, hierin auch mit
e zehallen
Visere vergicht nach dem symmen g
herrenn vnnd Oberen vorglesen worden
haben in g irem amptman zu Trachsel.
walld vberschickt, vnnd dise sachzuer¬
denen, vnnd nach Ingenommen Informa¬
tion, Zuerördteren beuolchen. Siemit
Aber inne Bloser uff abtraglost.
enns, doch vffgetane gluph nit ze¬
wychenn einmal ledig gelaßenn
Hanns Gogler.
gewaßne beck zu julider.
lackenn
Wyler bekanndtlich, das er znn Wärckenn
Pppiger hurey sich zu deyen Vnnderschid¬
lichenn malen, verganngen. Iß vnntzit vff
Gnadminer ger herren unnd Ohberen z g
Lannden vnnd gepirten mit dem Eÿd ver¬
wisenn wordenn, denn 11. Februaryi 161</Unicode>
            </TextEquiv>
        </TextRegion>
    </Page>
</PcGts>
