4000 3000
247 60 1006 299 ngennehen
265 140 959 322 und ob er Meßerman von der
260 203 1016 418 bewüßt habe oder nit. Item 5s
250 278 969 455 Enammel zehnder vnd h
241 342 1000 521 Jacob Ernst als deß h vogt haben
246 401 987 595 s hinderlaßnen erbenvogt, gegen
247 483 987 691 imme haberer zuuerhören, was
260 568 1038 747 Ime haberer clagnit und wie eß
264 637 1022 808 zuegegen verspreche, vnd demmahs
267 710 969 839 ein und ander u g widerumb
973 797 1023 863 für
253 775 1012 927 bringen, das ist nunvff 22 J
245 843 1024 1002 diß 1621. jarb gie der Insel aldahi
246 924 1015 1076 er haberer uß der oberen gfangenschaff
249 980 1027 1127 gefüert und die ptyen dahnn citir
263 1061 1030 1219 worden, durch wolermelten R
250 1132 1019 1263 als syn Haberers exammatom v
257 1186 1032 1347 beuselch nach gepurend maßen verricht
258 1291 378 1354 worden,
251 1314 1016 1461 und hat erstlich züget spättig der hi
261 1426 1020 1523 wie das er bemeltem haberer vorsyner
251 1486 1023 1587 abreiß gan thramen ingenänt habe
230 1539 1011 1655 75. goldtstuck als diblonen Joshe
255 1618 1020 1709 vnd diecaten, wüße ob nit welliche
251 1678 1014 1779 gottuung speries mehr gsinden dar¬
240 1749 996 1848 deren, vnd als er Zug Ime habere
232 1800 1022 1913 gefract, wannenhar er mit soelen
244 1860 1028 1976 schönem goldt komme, habe er ime grant
228 1949 1017 2053 wordet, er solle nit darnach fragen
226 2007 1010 2131 er solle es mir fort Innaren, es sy
232 2060 1002 2190 ein gut herr alhie in der stag der zu
224 2143 1004 2283 geldts gnug gebe, vff welliches er nit
223 2213 1011 2352 wytters darnach gfragt, habe, vnde
216 2284 1020 2416 habe domalen, er haberer ime und schn
205 2343 996 2486 F. jederi ein silbt zuhußsther
204 2465 377 2568 verehret.
233 2481 1026 2626 o vil den Mäßerman belanget, hat m
166 2523 1026 2730 selbige imme haberer underangen eehen
207 2619 990 2758 das er ime den trog nit geoffnet,
205 2647 1026 2843 von synem trug gar nüt gewüßen, w
896 2739 973 2856 sy
1135 67 1944 276 se er uff syn haberensanhalten, mit
1114 136 1978 324 inne in das gmach gangen alda der Trag
1135 207 1959 383 gestandtn und demselben mit synem jn-
1142 249 2020 431 erumenten offnen wollen, abr nit können
1141 342 1929 502 wie Iune den auch deßen er haberer
1141 401 1974 554 eblerdingen widerumb entschlagenn.
1137 429 2022 611 und das er es allen von synes glimpfss
1132 533 2007 659 wegen uff iume erdacht, also das
1135 589 2049 744 er Mäßerman imme den trog nit geoffnet
1117 724 1193 801 habe
1099 728 2045 906 Antreffent Anthoni herman s den erhie
1130 813 2034 954 nor in syner vergicht beschuldiget, als solte
1136 862 2022 1029 erselbge Inne zu disem geltgriff an¬
1133 957 2020 1080 gewisen haben und deßen die gröstevr
1130 1025 2046 1165 sach syn, Nach dem und aber ime von
1123 1085 2015 1211 Herren schryber Löuwe, ein attasta¬
1124 1149 2007 1274 tion und entschlochnus, die er Haberer
1130 1220 2003 1336 mit eynem eignen pütschiert verwart,
1128 1289 1997 1399 vnd mit eigner handt vnderschriben, wie
1137 1363 1973 1456 auch noch ein andere mißiff, die er an
1135 1416 1965 1536 zuen beud geschriben, darinen er sich
1119 1489 2012 1585 bekent, das gemelt hermang von disem
1130 1546 2033 1667 yner begangnen lrug, gar nüt gwüßt
1106 1640 1971 1733 vilwenig darzu geholffen habe, vnd
1130 1702 1968 1808 augen gelegt, hat er dr gefangne
1128 1758 2040 1863 Ime herman auch vorgend syner anclag
1122 1836 2004 1939 gentzlichen entschlagen, vnd das er Ime
1122 1905 2019 1995 In dselben vnguetlich thuen, vnd das es
1127 1942 2020 2068 dem also sye, wie er sich zn denen zweien
1132 2031 2070 2142 schryben bekent habe und das er inne allen
1142 2097 2020 2202 anclagt, damit syn begangner fhäler
1132 2155 1983 2281 desto glimpfflicher by dig werde.
1122 2233 2038 2402 Vnd als Ime vorgemelte beide h. als h.
1130 2325 1982 2467 Lernder und h. Ernst, auch fürgestelt
1129 2400 2064 2539 und gegen einanderen verhört worden, hat
1130 2463 2037 2607 dr gfangne haberer nochmalen bekent
1129 2528 2015 2692 3er den bewüsten Trog geoffnet vnd
1123 2589 1991 2758 den Münchewylerische hinderlag als
1134 2720 1182 2773 v
1145 2652 2031 2838 sy vierthalbhuidt kromen uß einem
1177 2704 2066 2892 schleten Sack genomen vnd enthiend
1849 2869 1987 2977 habe
