4000 3000
-13 2135 53 2218 7.
20 2187 140 2243 vnd er
15 2240 150 2303 Müller
8 2290 184 2348 habe al
8 2337 168 2397 wegen
7 2371 145 2441 as e
13 2418 128 2480 gert
12 2460 103 2528 zalt
260 36 1035 338 uth auen
239 175 990 355 Ampt Pentzburg, vnd
265 230 1039 487 Franb Mir negen
297 342 1023 539 bub. Burki Müllerß, deß
336 421 921 571 Schÿt knechts. Sine
107 519 1016 724 Demnach verschinner tagen Frau
229 640 1016 806 Müller ein Junger bub, Bur
247 712 1027 872 Müllers deß rchytknechts
240 787 1037 950 inzigen worden wegen ereige
245 869 1019 1018 gwißen per son alhie zuue gen¬
229 952 1027 1098 worb zum h. mannels s verlaßen
238 1034 999 1143 vmb etwas gelts zeworderen
237 1084 1014 1224 geschickt, er daßelbige gelt nemlich
240 1184 1019 1307 nach dem ers empfangen, Mit M
239 1233 1023 1360 hintzigker dem stallkecht und en
235 1313 1017 1423 derem lumppen gstudt, verzehr
223 1393 1006 1505 vnd hiemit der Jenigen person¬
228 1459 1006 1576 das gelt gehört nit ingehendiget,
219 1542 1010 1627 wegen, diser frantz Müller und
206 1601 1004 1715 der stallkrecht inzogen und i
205 1680 998 1780 uff hiet durch vnrg beide dient
191 1748 995 1853 Großweibell vnd Gnichtschryben
209 1809 1003 1929 der mannenbesi mit ernsthaffen
955 1898 1008 1952 Ja¬
212 1885 926 1994 wortten examnirert worden
211 1945 989 2076 sy beide personen nit ob syn b
199 2035 1005 2149 den das sy unld andere irts glyche
194 2090 984 2185 das gelt mit einandern verzecet
785 2172 871 2224 alhie
187 2182 988 2311 Weltschen Kuefferen huß, vnd ans
184 2237 995 2361 orgen verzächet der stallknecht
188 2313 981 2428 aber an, der bub habe imme anzeich
193 2381 973 2523 es habe syn basen ime das gelt ge
187 2426 988 2576 also das er nit gwüßt, das er es
172 2509 964 2673 uberkommen, sunst theige er sich sy
192 2576 983 2719 nit annemen wollen, wie dn d
175 2674 940 2788 deßen bekantlich, das er alwege
172 2777 630 2893 biche furgeben.
1909 54 1994 120 141
1055 100 2024 335 Vnd diewyl deß gesagtem buben basen
1104 168 1971 370 gargrrth schmidt alhie sich erklagt
1109 241 1990 431 ger Ira auch etliche sachen gestole
1065 314 1102 362 1
1104 311 1980 510 habe. Ister nachfolgender sachen
1107 435 1477 554 gebentlich worde
1089 433 2010 630 Nemlichen eines großem ehrenen hafen
1110 543 1947 697 eines schalbeßins einer schoffretten
1102 611 2011 748 ein barchet mamn sell ein mantell
1094 680 1981 829 2. Feßelm 3 ribstücki 6 würse
1106 746 1995 909 welche er nach und nach  aoch dem
1108 846 1979 971 schnyd zubracht, den wen er alwegen
1096 909 2004 1049 sye zu Ime komen, habe er Inne
1090 983 2010 1089 den buben stätz angesprochen wyn
1087 1045 1995 1173 zuzalen, vnd wan er den nit gelt
1090 1110 1984 1255 gehept, habe Loch Inne angwisen
1094 1211 1932 1316 yner basen etwas zunemen
1072 1265 1938 1378 vnd Imme zu zubringen, welches
1088 1357 1928 1452 gethan und hab nit sy dan mit
1086 1419 1965 1528 einandern getruncken, sunst habe
1069 1494 1970 1590 Aoch Ime von disem allei nit mehr
1081 1565 1912 1657 geben den mithin ein trunck,
1083 1623 1477 1726 und noch in de
1063 1696 1927 1806 Istem habe er syner basen auch 2
1064 1768 1950 1898 möshin bertzen stock entfrömbdet
1064 1843 1978 1944 vnd die selbigen, dem Jungen Gulde¬
1070 1896 1822 2040 midt, das A. et 3 bz. verkoufft
1029 1957 1958 2157 So habe Ime auch Hans Balleis E.
1044 2041 1952 2203 2. Coppnnen geben zuuerkouffen
1067 2123 1916 2268 welche er vmb 17 bz. verkaufft vnd
1058 2200 1512 2317 das gelt auch verzert
1058 2286 2025 2457 biget und gb um gnad und verzychung
1033 2377 1965 2571 Dsere beide personen sandt vff verhoffende
1394 2510 1469 2551 mit
1050 2466 1909 2619 aßerung, vnd einer einer guten Censur
1065 2534 1901 2697 ußgeleßen worden, jedoch den jungen
1061 2588 1893 2779 brben In der Mannerkef durch die
1044 2656 1796 2855 Bürgelkögt wol erschmeitzte worden.
