4000 3000
164 118 1066 249 el die thürgeöffnet unnd volgendts miß
200 189 1068 300 einer by Imme gehepten glesinen laternn
198 236 1038 328 sich zum Laden begäben, vnndeille Ware
206 284 1059 380 soer zuueruntrüwen vorhabens gsin zu
194 330 1085 433 der fürgelegt, Wie sich nun das ein stun
204 388 1080 470 verzogen, vnnd der wachter mine grufft
204 420 1068 530 sie er mit der erstenn Burdin, a Els drey
194 473 1005 543 oder vierstuckenn tuchs, henmkomme
199 521 1021 600 unnd irgefanngnen, was maßen sich dise
1015 537 1080 630 s
205 564 967 646 verloffenn, erzellt, mit vermanen
1024 602 1071 656 sol
190 613 1083 718 Im die übrigenn waren, so er wie obgemel
197 658 1050 750 Zurthurgelegt, abholen hulffen. Desten
216 715 978 796 sy sich zwar annfangs geweygeret
990 730 1068 806 Wig
200 764 1068 860 er sich Aber darabmechtig endtruß, vnnd
206 812 1087 920 erzuendt, sie sy ußforcht er sy übelschlach
206 863 1035 938 tractieren, vnnd hanndlen werde, und
206 913 1084 995 Imme, vntzit zu S. Combachs hindern keln
212 961 1080 1053 ganngen, daselbsten er sy warten heißen
213 1010 1077 1091 er Aber hab sich, ncht vnnderschidliche mal¬
218 1060 1074 1148 fort inn laden begäbenn, die waren us
206 1111 1064 1195 demselben inn berürten källertragen
228 1167 1087 1242 daselbsten er zr gefanngnen, vier butdenen
225 1208 1065 1301 gmacht, vnnd sy mit denselben Jedes
209 1261 1042 1347 malt, glych nach dem der Wechter die
209 1306 1076 1398 stund grufft, fortgeschickt, zumaßen das
223 1361 1067 1433 Ir nemant Wargenomen, nach dem sy
224 1413 1076 1491 nun ongfar vmbelff vren, Vhertig wor¬
208 1474 1007 1534 hen, vnnd sich mit einanderen An die
215 1511 1037 1595 ruw begäben, haber sy morgens, ueub
206 1557 1044 1638 Viere, widerumb vfgweckt, vnd ver¬
206 1601 1044 1678 mant, wyl syn caternen im läden
221 1658 1085 1744 bliben, solle sy mit im gan und was er
211 1708 1051 1785 Irgäbenn ward, heimtragen, Welches
231 1755 1029 1842 y abermalen bewilligt, sie daruf
215 1803 1038 1878 mit im zun laden gangen unnd hat
215 1848 1041 1946 die Caternen, vnnder sinem mantes
224 1890 1078 1999 funden, nach dem hab er ein guten theyl
236 1955 1068 2044 alberin Schmit, Inn ein gröse Wyße
224 2002 1069 2098 Ziechen, die er dahenm gnomen, gestoßen
230 2036 1092 2150 die mit einem schwartzen simermant
199 2092 1086 2207 el so im ladenglägen, bedeckt, volgent
209 2159 1095 2251 Ir doch ein blauwstuck duch, mit einem
200 2198 1063 2310 rotenrunde ufgäben, ient hiemit uß
206 2259 1074 2336 dem laden gangen, vnnd haber die thul
811 2295 1095 2404 von welliche
218 2324 795 2397 hinder Im beschloßenn,
209 2340 1087 2478 Allein sy nit meralls vierellen so
206 2417 1080 2529 duch, durch die Bischoffenen, verkouffenn
1053 2451 1103 2508 A
561 2482 1021 2575 das übrig über om
201 2493 351 2575 laßen.
212 2512 1024 2624 so sy am kleyder verwenndt, sie zwy
212 2586 1034 2683 on noch alles vorhaunden ußgnome.
200 2628 1032 2757 silbernen Schmir, die hab Ir man
1128 861 1175 923 1
2095 9 2149 68 4
1173 50 2142 222 Pappyr zusamen bunden, inn Offen in dar
1195 99 2124 260 furgworffenn, vnnd was er, wann solches
1192 171 2086 281 verbrunden, funden, so ires wüstens, ein
1186 216 2100 354 eroste Schüßlen voll gsin, hab er zusamen.
1170 249 2135 386 Annein digelthan, neben Schwabel, vnnd
1167 303 2143 447 annderem so sy nit erkenndt, vorhabens das
1759 354 2122 433 Das Alles Aber
1181 389 1646 486 vollents geschmeltzen
1194 409 2123 563 sie vß dem digel gforungen, Allso das Iren
1187 464 2077 584 man, dauon nitz itz zum besten worden
1157 586 2110 732 Dnn großen Stockuncken betreffenndt, so
1180 657 2144 786 Im kellerfunden worden, achte sy zu man
1195 708 2106 840 habe denn, uß einem kasten, vnnder herren
1165 763 2136 908 Eebers hus by der Auckenwag, einem so
1201 815 2131 948 sich Flogentzi namse, voruntruwet, We
1201 872 2139 985 er sy vor etwas zytt ain einem montag
1168 927 2097 1035 ebents unnd morndes am morgen fru
1190 974 2175 1089 gezwungen, Zeachten, ob bemelter Flogertz
1191 1041 2119 1140 allhie sie Warumber das then, hab sy
1205 1120 1655 1202 nit wüßenn mögen
1164 1198 2136 1306 bekhenn hiemit das sy Iren Herren Cann¬
1174 1279 2160 1371 natoren hieuor die Vnwarheydt furgab¬
1177 1331 2120 1415 en, haldt Ir man hab Ir durch sine fulen
1184 1385 2186 1477 Zouberischen kunst mit zugelaßen, die Wot
1175 1438 2168 1540 heydt Anfangs zubekennen, sie theyls ouch
1153 1499 2094 1595 wagenn siner tröuw wordten, beschechen
1196 1550 2084 1649 Pät aber umb gnad vnnd verzychung
1196 1614 2153 1701 sonnsten, was sy hienor, das in man by
1201 1665 2163 1743 Ir vnnderschidliche mal Inn gfangenschaft
1198 1714 2103 1807 gsin, vnnd was sich Idesmals, verlosfen
1196 1770 2203 1873 vnnd zutragen, nach lenge erzelt, bekandt
1190 1845 2155 1930 sie war, Ob das wie Ir furgehaldten
1186 1881 2173 1989 worden, ein verblendung des bösen Geists
1189 1938 2160 2038 gsinmög sy nit wüßten, sy könn das aber
1205 1992 2160 2091 nit glouben, mit verieren vermelden
1184 2042 2139 2137 Wie das sy zwar, Ires mans fule sachen
1192 2096 2157 2205 ein zytt daher gspürt, er hab ir ouch uff
1180 2158 2139 2267 Martini jungstuerschinen, syn iun einen
1172 2208 2154 2335 Cristalmenen glas habenden Geiß, für
1180 2265 2124 2374 zeigt, vnnd grumpt einer von Lutzern
1196 2329 2210 2435 Iem er disen Geistglichen, hab im ein zugsche
1194 2370 2187 2492 Sumgelts gebenc. Sy hab Aber Inn solchen
1188 2436 2130 2536 fulen Schelmerien, vnd stucken kein ge¬
1188 2498 2123 2603 meinschaft, mit ime gehapt sie ir Alles
1189 2543 2169 2666 verborgnen wys zugangen, ußgnomen da
1202 2583 2157 2733 iebstal so wie vorerzait berürten hand
1171 2653 1793 2804 als luten beschechenn
