4000 3000
191 61 1067 274 Schula dann dung
366 163 1019 321 Stüffen Oler. Miuter
390 224 1032 368 snnd son vonn Cöupingen
225 366 1084 533 fft zinstag denn 11. Januarii 162
257 421 1110 609 ars urch die ehrennehten h
247 476 1089 637 fürnemmen hürfüchtigen wyßen
235 517 1092 692 Herren. Damitt aman dey fie
228 569 1097 737 Rahts Hanns Rudolff vonn Lig
262 618 1105 795 nomte vnnd Großweybels
250 654 1090 810 Wnrden die vonn Founen Alle
246 707 1090 856 geschickten gfangnen personen.
200 759 1094 918 Mūtter vnnd Bohn Zū Marzig
269 816 511 880 amimiert
215 868 1064 1026 vnnd warderstlich der Mutter fy
235 964 1057 1066 gehalten, was ir sohn zuspür
239 1017 1066 1122 mit vnnd one marter bekennt
193 1064 1061 1182 unnd bisanhero war syn erhalte
142 1129 1066 1248 Das namlichen sy irem Schnbe
227 1203 1064 1307 nolchen das broch so imme nng
217 1257 1060 1341 versihines wienachten by den
212 1309 1056 1408 Herren Tisch zun ußteylung der
211 1348 1053 1435 heilligen abemtmals worden
244 1395 1067 1505 nit zragen sonnderen Iren heim
220 1445 547 1540 Zebringen
211 1519 1066 1636 Fürs sonder sölle sy anzeygen
188 1591 1062 1689 war der man gfin so iren vnnd
197 1642 1015 1731 dem sohn, alls sy verschinet
182 1670 1064 1766 Tammers glych nach irergferschaff
167 1738 1058 1796 vonn Solloturn widerumbbhin
182 1784 1062 1870 wellen, zu meinigkoffen by dem
175 1832 1047 1921 wyer begegnet unnd dem sohn
184 1886 1037 1974 angehalten zu imme zdingen be
171 1933 1057 2027 welchem sy obglychwol der sohn
205 1978 1062 2085 fart ganngen, ein wenig verblben
116 2065 1042 2175 Demnachfürs drit, alls sy und ir
164 2138 1044 2227 Sohn Inn Jag. so ein dorff annet
170 2182 1050 2271 der aen zu ein reystagen gang
176 2210 1048 2327 das Im wider heimwanndley
126 2264 1041 2373 Anners löüpingen bim landtstu
128 2322 1005 2424 vill kostlicher lüten, die
185 2363 1029 2466 getanntzet funden, zu welche
211 2408 1028 2528 ysich gegabten, umnd hiemit der
134 2486 876 2577 Sohnfort gan lagen
2069 72 2173 130 15
1158 118 2120 315 Wyter fürswiert sie ein man saller
1190 183 2070 346 dingen köstlich grtin bekleytt ihm
1219 228 2078 370 iht einer grunen unnd wyßen
1197 282 2161 433 buschen fuderen auch einem beschlag¬
1206 331 2095 465 nensytten weer zum landeren
1213 375 2048 511 mal by ires gmhins gfin mit
1202 410 2157 571 Iren nach gethnem trunckh hinder
1173 490 2151 603 denoffen gsegen, darnach aber zun¬
1182 520 2173 653 das beth glegen, sy auch daruff ginpfft
1177 578 2161 695 unnd syn wprigen gochlogen willen
1191 628 2133 734 nit dmverbracht sonnderen auch
1161 673 2060 783 dem sohn iun irem bysyn stäts
1167 729 2096 846 angehalten, zu imme fur ein laggen
1189 786 2121 894 zedingen mit versprechen inne ein
1173 840 2128 950 haundwerck werren zelagen und
1162 891 2079 993 entlich Zeūerschaffen. das er ein
1186 951 2163 1044 rycher furnemer herr glychwieer¬
1145 996 2120 1092 erden mige, welches der sohn
1171 1043 2088 1143 zwar anfangs wÿl diser man Inn
1167 1098 2103 1198 gar frombd dunckt ussgeschlagen,
1184 1150 2112 1243 nachwerdts aber alls sy die mntter
1161 1194 2139 1295 imme beuolchen zu disem man zedingen
1161 1245 2077 1337 habeer Iren gevolget welcher
1152 1299 2092 1381 Imme hierūff sines Dūnckens ein
1168 1342 2076 1437 gutten theill dicken so hernach
1181 1395 2065 1483 aber nur lons gsin gäben, imme
1167 1438 2143 1531 auch angemutet Gottes den herren
1171 1492 2127 1583 zeuerlaugnen, wellches alles nach
1163 1543 2089 1648 Zangen Anhalten beschechen sie,
1090 1617 2125 1779 Gowand furs funfft sy gefangne sich
1169 1707 2101 1829 zuersinen wugen, das nach disem
1116 1747 2101 1871 abfal vonn gott, ir sohn vonn
1128 1814 2123 1919 dein grunn bekleyten man grauw
1150 1867 2086 1976 lechten ammen unnd grunlechte
1110 1902 2053 2016 selben empfangen damit er
1103 1949 2093 2076 Dursh Jaggut ein frauw Roß Itein
1126 2015 2091 2136 Am archholtz ein salb angsalbet
1135 2045 2090 2177 vnnd verderbt demn Samen.
1127 2107 2120 2240 habe er weÿls vff das Eibermans
1129 2136 2114 2300 vnnd theÿls vff anderen Möseren
1135 2225 2042 2345 Jeges Moslewyl aūch vff die
1117 2278 2109 2425 Ronpinger weyd gesägt daselbsen
1116 2307 2126 2474 der sohn vonn disem man einmal
1134 2376 2089 2542 Vbrl tractiert unnd blauw
1124 2428 1789 2583 geschlagen worden,
