4000 3000
248 90 1043 260 wemedet, das er das Rofff angentz äßen
268 151 1054 322 sille, habe er das vnhit nach dem benueß
242 197 1039 371 vnwüßendt, das er darin gefalt, ghalten
240 242 1059 442 vnnd erst den zwl meßen wöllen, wie be¬
254 330 1063 491 aber der herr Predigentt Imne das deg
246 386 1027 534 äßen heißen, habe er das ghorsamlich than
179 515 1024 697 Wasnun er des grnnen Manshalb, das der
236 616 1018 754 selb imme vilmalen begegnet, syn mutzen
222 677 1033 813 beschlaffen, Inne Vych verderben, vnd ander
227 732 1022 863 vnthatten begahn vnnd verbringen heißen
238 812 1019 933 Syei wieersichon zuuor vemelt, auchseit
228 865 1022 988 wahr, dann alls syn Mutter vnnd er
220 934 1030 1045 von Sollothurn widerumb henn wollen, vnd
222 995 1019 1108 zum Wyer zu Neinig kome khomen siend
229 1065 1015 1177 Christen Leeman, syn Mutter vndfrouw
237 1135 1023 1256 aucs by inen gsin vnnd durch uß mit inen
242 1202 539 1300 gewandlett.
203 1312 1026 1424 By dee holengaßen, alls er gunst zemelden
231 1369 1018 1470 die Schwye wider Inns Achtenn gezagt,
239 1428 1023 1536 sye im niemandt alls Steffan Jaggi syn
215 1490 639 1580 Gottin begagnet
206 1570 1017 1666 Was sieg inn diß synes göttis them ver
224 1637 999 1715 loffen, das werd Rudolph Leyßer, sones
209 1693 819 1791 Inetröschen Zugen konnen,
158 1756 993 1868 Mittvernerem vermelden, wie das er
216 1844 1013 1936 zwar zu Buren vilbekendt, das sye aber
216 1897 1023 1993 alles vff fürbilden, des Schuldtheißen. Predig
210 1955 1019 2052 santen unnd anderer personen beschächenn,
211 2025 1022 2126 dann obglychwoll er inen anfangs zum
197 2092 1048 2186 warheit erofnett, was sich des empfangen
200 2148 1032 2260 herligen gottshalb verlaffen habendt sy
201 2215 1001 2305 sich doch deßen nit vermugt, sonderen mit
152 2276 999 2398 veilem fraglen bald liebkhoßenden glatthen
191 2327 1031 2449 bald aber mitrurgen frorogen fürgäbd
182 2394 1037 2534 syn Mutter habschon bekendt, darumb sche
161 2480 1040 2593 verhanden, das er Iren das brott heimbringe
182 2542 1043 2651 söllen gnmeendtlich, alls ein armen jung me
167 2588 1020 2716 knab, der by der glychen sachen niemaler gse
176 2666 996 2778 dahin bewegt unnd bracht, das er greht
2027 29 2114 92 160
1187 103 2077 293 gas sy wöllen unnd zu allem, so sy imme für
1172 167 2052 365 gestglchen za gesprochen, siendt ofch gmedar
1158 244 2049 387 wylder geschribten. Innes gfengklich, damit
1170 293 2080 465 sy zum eiegmehr erschrecht, angenomen, endt¬
1152 359 2052 514 sergomhan die Mafoger geschlagen, vnd zum
1150 430 2019 578 fürgehaltten, ob nit ein man zu syner
1138 514 2003 653 Mutter khomen, wie bald er abermals Ja
1158 569 2045 695 gesprochen, fürer gfragt, ober nit ein grün
1148 631 2051 754 kleid, was für ffderen er gehept, was für
1159 694 2024 794 einwehr, ob er b syner mutter glegen, wwie
1161 761 2015 865 mengsmaler Imne begagnet, vnnd derglychen
1155 826 2084 943 mehr, so imme nit woll müglich, alles zuerzellen
1154 900 2046 1019 unnß nachdem er zu allem jagesprochen, hab
1142 980 2029 1068 vn sy Inn wytter vermandt, wan er
1133 1033 2018 1128 han Bern khom solle er nit abfallen, sonder
1147 1104 2043 1192 darby blyben, dan voer langnette, werd man
1148 1162 2031 1258 Inn mechtig, wie feider beschächen, marteren
1131 1231 2074 1338 das sye die ursach, das er yn erster examinat
1129 1306 1529 1389 ion bestendig bliben.
1645 1289 2040 1404 Wyl aber sidther
1142 1366 2012 1478 ersyner Herren Exaninatoren wortten, d
1136 1459 2050 1538 ershmeselb nit vnrecht thun solle, nach gsennes
1136 1507 1964 1611 onhvondem gefangnen gemnemten wie
1124 1573 1997 1694 Christ verstanden, was fur ein gefarseet
1152 1647 1974 1779 ofaltschlich vore sich zugeret, an erersälign
1130 1703 1985 1835 seit zuerwartten habends, habeer wie
1118 1758 2027 1905 billich widerrufft, vnnd Gott den Herren
1119 1822 1985 1966 Juegklichpatten, das er Inn by der War¬
1111 1905 1987 2042 heiterhaltten wolle, Well auch fals
1115 1981 2000 2127 man nit erwinden wöll syn unscheld mit
1113 2036 1547 2160 todt bezügenn.
1226 2124 2039 2301 Bittet hiemit vmb gnad vnd brzychung
1237 2220 2105 2363 Ist erstlich lar zum 2 mal dem kleinst
1236 2261 2086 2411 Zum 3. mit 2. vnnd zum 4 mal¬
1256 2332 2039 2464 mit 3 steynen ufzogen worden.
1158 2350 2105 2579 Diser stäffan Öber Wyler synen.
1172 2463 2099 2638 n schuld an der marter erhaldten. Ist glych
1174 2533 2053 2684 wie syn muter uff abtrag kostens
1399 2609 2090 2777 predig glaßenn worden.
