<?xml version="1.0" encoding="UTF-8" standalone="yes"?>
<PcGts xmlns="http://schema.primaresearch.org/PAGE/gts/pagecontent/2013-07-15" xmlns:xsi="http://www.w3.org/2001/XMLSchema-instance" xsi:schemaLocation="http://schema.primaresearch.org/PAGE/gts/pagecontent/2013-07-15 http://schema.primaresearch.org/PAGE/gts/pagecontent/2013-07-15/pagecontent.xsd">
    <Metadata>
        <Creator>prov=University of Rostock/Institute of Mathematics/CITlab|PLANET AI GmbH/Gundram Leifert/gundram.leifert@planet-ai.de:name=German_Kurrent_XVI-XVIII_M1(htr_id=19584)::::v=2.6.7
prov=University of Rostock/Institute of Mathematics/CITlab|PLANET AI GmbH/Tobias Gruening/tobias.gruening@planet-ai.de:name=de.uros.citlab.module.baseline2polygon.B2PSeamMultiOriented:v=2.6.7
prov=University of Rostock/Institute of Mathematics/CITlab|PLANET AI GmbH/Gundram Leifert/gundram.leifert@planet-ai.de:name=Turmbücher_StaBe_3_A.Funk(htr_id=27278)::::v=2.6.7
prov=University of Rostock/Institute of Mathematics/CITlab|PLANET AI GmbH/Tobias Gruening/tobias.gruening@planet-ai.de:name=de.uros.citlab.module.baseline2polygon.B2PSeamMultiOriented:v=2.6.7
prov=University of Rostock/Institute of Mathematics/CITlab|PLANET AI GmbH/Tobias Gruening/tobias.gruening@planet-ai.de:name=/net_tf/LA73_249_0mod360.pb:de.uros.citlab.segmentation.CITlab_LA_ML:v=2.6.6
Transkribus</Creator>
        <Created>2020-10-03T12:26:27.895+02:00</Created>
        <LastChange>2022-09-12T14:26:05.429+02:00</LastChange>
        <TranskribusMetadata docId="1334811" pageId="52359652" pageNr="160" tsid="114641403" status="IN_PROGRESS" userId="9570" imgUrl="https://files.transkribus.eu/Get?id=LFNDRQYCOAWKRFYHIERWZEEF&amp;fileType=view" xmlUrl="https://files.transkribus.eu/Get?id=XQBKFVZREFWJZDLLWEJOYFKN" imageId="15998027"/>
    </Metadata>
    <Page imageFilename="BIX461_158v,159r.jpg" imageWidth="4000" imageHeight="3000">
        <ReadingOrder>
            <OrderedGroup id="ro_1687513820944" caption="Regions reading order">
                <RegionRefIndexed index="0" regionRef="r1"/>
                <RegionRefIndexed index="1" regionRef="r2"/>
            </OrderedGroup>
        </ReadingOrder>
        <TextRegion orientation="0.0" id="r1" custom="readingOrder {index:0;}">
            <Coords points="174,140 174,2695 1038,2695 1038,140"/>
            <TextLine id="r1l1" custom="readingOrder {index:0;} person {offset:0; length:14;}">
                <Coords points="254,195 604,191 688,259 878,256 958,296 974,220 871,185 831,131 775,116 679,170 578,82 470,123 431,116 393,64 264,134"/>
                <Baseline points="263,177 297,174 332,173 367,173 402,173 437,174 471,175 506,178 541,182 576,186 611,192 645,197 680,205 715,212 750,220 785,228 819,238 854,248 889,259 924,270 959,282"/>
                <TextEquiv>
                    <Unicode>Aauclina Marti</Unicode>
                </TextEquiv>
            </TextLine>
            <TextLine id="r1l2" custom="readingOrder {index:1;}">
                <Coords points="261,265 421,248 517,286 679,273 909,352 961,394 975,310 862,260 768,269 575,202 517,220 413,183 272,204"/>
                <Baseline points="273,231 307,234 341,236 376,239 410,240 444,243 479,245 513,248 547,250 582,253 616,258 650,262 685,269 719,275 753,283 788,292 822,303 856,315 891,329 925,346 960,365"/>
                <TextEquiv>
                    <Unicode>eitghbe wegen</Unicode>
                </TextEquiv>
            </TextLine>
            <TextLine id="r1l3" custom="readingOrder {index:2;} place {offset:0; length:9;}">
                <Coords points="375,312 431,329 502,329 548,352 681,352 738,375 783,365 788,324 688,317 660,296 553,303 496,276 417,280 379,267"/>
                <Baseline points="381,306 407,309 434,311 460,314 487,316 513,318 540,320 566,322 593,324 619,327 646,330 672,332 699,337 725,341 752,346 779,354"/>
                <TextEquiv>
                    <Unicode>Nüwenburg.</Unicode>
                </TextEquiv>
            </TextLine>
            <TextLine id="r1l4" custom="readingOrder {index:3;}">
                <Coords points="243,425 273,450 432,428 526,464 574,444 765,454 990,543 1001,464 911,424 807,412 759,439 477,389 441,410 342,361 251,358"/>
                <Baseline points="249,416 286,419 323,420 360,422 397,425 434,427 471,430 508,433 545,436 582,440 619,443 656,448 693,452 730,457 767,462 804,469 841,476 878,484 915,492 952,500 989,510"/>
                <TextEquiv>
                    <Unicode>uff donstag den 18. Octob. </Unicode>
                </TextEquiv>
            </TextLine>
            <TextLine id="r1l5" custom="readingOrder {index:4;}">
                <Coords points="223,508 285,496 376,522 453,498 632,539 805,539 983,614 989,563 947,526 901,532 812,467 603,452 551,486 231,443"/>
                <Baseline points="231,489 268,491 306,491 343,493 381,495 418,495 456,498 493,499 531,501 568,504 606,508 643,512 681,516 718,521 756,527 793,534 831,543 868,552 906,561 943,574 981,587"/>
                <TextEquiv>
                    <Unicode>In gegenwurtigkeit auch auh¬</Unicode>
                </TextEquiv>
            </TextLine>
            <TextLine id="r1l6" custom="readingOrder {index:5;}">
                <Coords points="209,573 281,604 346,565 382,594 518,577 631,621 795,601 976,660 989,618 737,575 698,531 636,541 550,511 416,526 300,506 213,533"/>
                <Baseline points="216,560 254,560 292,562 330,563 368,564 407,566 445,567 483,569 521,571 559,574 598,576 636,579 674,584 712,589 750,594 789,601 827,609 865,617 903,626 941,637 980,650"/>
                <TextEquiv>
                    <Unicode>deß fromen, fürnemen, für</Unicode>
                </TextEquiv>
            </TextLine>
            <TextLine id="r1l7" custom="readingOrder {index:6;}">
                <Coords points="241,653 595,645 659,703 867,685 972,725 980,691 798,602 674,631 560,597 456,622 377,613 341,582 303,610 247,595"/>
                <Baseline points="249,627 285,627 321,629 357,630 393,632 429,633 465,635 502,638 538,641 574,644 610,648 646,651 682,656 718,660 755,667 791,673 827,678 863,686 899,694 935,702 972,711"/>
                <TextEquiv>
                    <Unicode>fchtigen vnd wysen Herrenn</Unicode>
                </TextEquiv>
            </TextLine>
            <TextLine id="r1l8" custom="readingOrder {index:7;} person {offset:0; length:18;} organization {offset:23; length:7; continued:true;}">
                <Coords points="211,726 265,706 425,741 489,707 623,723 656,751 696,733 895,759 985,798 990,744 896,690 745,715 550,692 461,651 218,658"/>
                <Baseline points="219,702 257,702 295,702 333,702 371,704 409,704 447,706 485,708 523,710 561,713 600,717 638,720 676,724 714,729 752,735 790,741 828,747 866,755 904,763 942,772 981,782"/>
                <TextEquiv>
                    <Unicode>daucht Fellenbergs deß kleinen</Unicode>
                </TextEquiv>
            </TextLine>
            <TextLine id="r1l9" custom="readingOrder {index:8;} organization {offset:0; length:5; continued:true;} person {offset:7; length:14;}">
                <Coords points="225,775 278,804 348,784 680,794 983,860 996,804 697,734 618,758 478,715 404,752 364,726 318,749 287,721 228,737"/>
                <Baseline points="231,771 268,773 306,774 344,776 382,777 420,778 457,780 495,782 533,783 571,786 609,788 646,791 684,795 722,798 760,803 798,808 835,814 873,820 911,826 949,834 987,843"/>
                <TextEquiv>
                    <Unicode>Rhats, RRudolff Dubis der B</Unicode>
                </TextEquiv>
            </TextLine>
            <TextLine id="r1l10" custom="readingOrder {index:9;} person {offset:7; length:19;}">
                <Coords points="235,881 354,869 390,905 486,863 571,884 715,874 775,915 817,896 941,933 945,875 807,850 765,811 683,842 645,822 606,852 467,811 383,837 239,818"/>
                <Baseline points="243,851 277,852 312,854 347,855 382,855 416,857 451,858 486,858 521,860 555,861 590,863 625,866 660,868 694,869 729,872 764,877 799,880 833,885 868,889 903,894 938,900"/>
                <TextEquiv>
                    <Unicode>geren, Niclans Kilchberger</Unicode>
                </TextEquiv>
            </TextLine>
            <TextLine id="r1l11" custom="readingOrder {index:10;}">
                <Coords points="960,919 968,922 978,930 988,927 994,939 1002,941 1014,909 1007,907 1000,899 998,900 992,892 989,892 984,882 974,880"/>
                <Baseline points="968,915 1001,927"/>
                <TextEquiv>
                    <Unicode>d</Unicode>
                </TextEquiv>
            </TextLine>
            <TextLine id="r1l12" custom="readingOrder {index:11;} organization {offset:0; length:11;}">
                <Coords points="215,947 620,942 1004,998 1007,955 891,920 836,937 808,906 743,937 684,885 623,923 556,887 436,916 369,881 311,902 272,869 219,892"/>
                <Baseline points="222,930 260,930 299,930 338,930 377,932 416,933 455,934 493,935 532,937 571,940 610,941 649,944 688,947 727,951 765,954 804,958 843,963 882,968 921,974 960,979 999,986"/>
                <TextEquiv>
                    <Unicode>Großweibels, sampt etlicher</Unicode>
                </TextEquiv>
            </TextLine>
            <TextLine id="r1l13" custom="readingOrder {index:12;}">
                <Coords points="243,996 441,1001 473,1028 530,1012 618,1056 657,1037 689,1067 738,1028 797,1026 985,1065 988,1027 914,981 666,950 580,993 245,958"/>
                <Baseline points="249,986 285,990 322,993 358,996 395,999 432,1002 468,1003 505,1005 541,1007 578,1008 615,1011 651,1013 688,1015 724,1017 761,1020 798,1022 834,1026 871,1030 907,1035 944,1039 981,1046"/>
                <TextEquiv>
                    <Unicode>weiblen mn g h und ober</Unicode>
                </TextEquiv>
            </TextLine>
            <TextLine id="r1l14" custom="readingOrder {index:13;} person {offset:14; length:13;}">
                <Coords points="217,1074 445,1082 536,1139 614,1140 711,1094 987,1139 1003,1053 878,1084 741,1029 688,1068 661,1041 623,1063 590,1029 491,1059 220,1032"/>
                <Baseline points="225,1056 263,1062 301,1066 340,1070 378,1072 417,1075 455,1077 493,1079 532,1081 570,1083 609,1085 647,1086 685,1088 724,1091 762,1093 801,1097 839,1101 877,1105 916,1110 954,1118 993,1125"/>
                <TextEquiv>
                    <Unicode>dieneren, Ist Clandina Mart</Unicode>
                </TextEquiv>
            </TextLine>
            <TextLine id="r1l15" custom="readingOrder {index:14;}">
                <Coords points="239,1153 314,1147 364,1181 408,1155 498,1179 570,1153 766,1175 829,1209 862,1182 1012,1234 1023,1160 865,1112 818,1141 601,1143 538,1134 511,1102 419,1128 242,1111"/>
                <Baseline points="246,1133 284,1138 322,1141 361,1144 399,1147 438,1149 476,1151 514,1152 553,1153 591,1155 630,1156 668,1158 706,1160 745,1164 783,1167 822,1171 860,1176 898,1182 937,1188 975,1197 1014,1206"/>
                <TextEquiv>
                    <Unicode>ein gmeine Cirnen Vß der Gs</Unicode>
                </TextEquiv>
            </TextLine>
            <TextLine id="r1l16" custom="readingOrder {index:15;} place {offset:8; length:9;}">
                <Coords points="232,1253 283,1232 365,1263 439,1226 623,1243 672,1281 772,1244 842,1247 881,1281 934,1256 991,1285 1018,1241 918,1234 866,1182 797,1225 684,1211 644,1176 565,1216 499,1206 427,1161 235,1196"/>
                <Baseline points="240,1223 278,1221 317,1223 355,1223 394,1223 432,1224 471,1226 509,1227 548,1229 586,1230 625,1233 664,1235 702,1237 741,1239 779,1242 818,1245 856,1248 895,1252 933,1256 972,1258 1011,1262"/>
                <TextEquiv>
                    <Unicode>schafft Nüwenburg purtig, wegen</Unicode>
                </TextEquiv>
            </TextLine>
            <TextLine id="r1l17" custom="readingOrder {index:16;}">
                <Coords points="243,1304 375,1299 508,1339 561,1311 821,1319 924,1374 1018,1336 1021,1275 981,1287 934,1256 884,1286 839,1245 810,1267 760,1244 647,1295 457,1236 396,1270 245,1261"/>
                <Baseline points="249,1290 287,1292 325,1294 363,1295 401,1296 440,1298 478,1299 516,1301 554,1303 592,1304 631,1307 669,1308 707,1310 745,1313 783,1315 822,1317 860,1320 898,1322 936,1324 974,1327 1013,1329"/>
                <TextEquiv>
                    <Unicode>eines erzingeten Kindt, so sybel</Unicode>
                </TextEquiv>
            </TextLine>
            <TextLine id="r1l18" custom="readingOrder {index:17;}">
                <Coords points="242,1385 439,1369 1022,1414 1023,1371 954,1349 879,1369 808,1325 741,1367 632,1360 584,1320 437,1358 243,1353"/>
                <Baseline points="248,1374 286,1374 324,1376 363,1376 401,1376 440,1376 478,1377 517,1377 555,1377 594,1377 632,1379 670,1379 709,1380 747,1382 786,1383 824,1385 863,1388 901,1391 940,1394 978,1399 1017,1404"/>
                <TextEquiv>
                    <Unicode>einem baldt einem andere Vog</Unicode>
                </TextEquiv>
            </TextLine>
            <TextLine id="r1l19" custom="readingOrder {index:18;}">
                <Coords points="241,1457 485,1448 546,1494 628,1451 737,1486 800,1462 840,1492 892,1464 947,1504 1013,1477 1015,1421 935,1403 888,1438 736,1432 625,1385 549,1389 480,1433 367,1420 331,1389 242,1424"/>
                <Baseline points="248,1446 286,1446 324,1446 362,1446 400,1446 438,1446 476,1446 514,1446 552,1448 590,1448 628,1448 666,1449 704,1450 742,1451 780,1452 818,1454 856,1456 894,1458 932,1460 970,1462 1008,1464"/>
                <TextEquiv>
                    <Unicode>mit dem endt zugerignet und</Unicode>
                </TextEquiv>
            </TextLine>
            <TextLine id="r1l20" custom="readingOrder {index:19;}">
                <Coords points="218,1540 293,1516 549,1518 624,1560 745,1514 778,1538 978,1544 1023,1536 1024,1487 986,1477 936,1511 688,1500 636,1466 519,1500 430,1496 396,1462 325,1494 259,1462 219,1482"/>
                <Baseline points="224,1515 263,1514 303,1514 342,1514 382,1514 422,1514 461,1514 501,1514 541,1515 580,1517 620,1518 660,1520 699,1521 739,1523 779,1524 818,1525 858,1527 898,1529 937,1530 977,1532 1017,1532"/>
                <TextEquiv>
                    <Unicode>hiemit den rechten vatter nit an</Unicode>
                </TextEquiv>
            </TextLine>
            <TextLine id="r1l21" custom="readingOrder {index:20;}">
                <Coords points="230,1620 285,1591 711,1624 858,1597 913,1640 992,1617 994,1546 925,1578 853,1558 801,1575 732,1528 660,1572 231,1553"/>
                <Baseline points="236,1586 273,1586 311,1586 348,1586 386,1587 423,1587 461,1588 498,1589 536,1590 573,1590 611,1592 649,1592 686,1593 724,1594 761,1595 799,1595 836,1596 874,1596 911,1596 949,1596 987,1596"/>
                <TextEquiv>
                    <Unicode>geben noch mam sei wellen, zu</Unicode>
                </TextEquiv>
            </TextLine>
            <TextLine id="r1l22" custom="readingOrder {index:21;} place {offset:0; length:7;}">
                <Coords points="233,1669 322,1667 356,1693 403,1665 648,1665 749,1707 823,1654 875,1681 993,1678 1015,1629 912,1641 875,1610 786,1641 661,1609 607,1635 552,1603 457,1645 348,1595 297,1626 233,1621"/>
                <Baseline points="239,1656 277,1656 315,1656 354,1658 392,1658 431,1658 469,1658 508,1659 546,1659 585,1659 623,1659 661,1659 700,1661 738,1661 777,1661 815,1661 854,1662 892,1662 931,1664 969,1664 1008,1665"/>
                <TextEquiv>
                    <Unicode>Marzili mit und ohne marter</Unicode>
                </TextEquiv>
            </TextLine>
            <TextLine id="r1l23" custom="readingOrder {index:22;}">
                <Coords points="225,1733 300,1761 368,1727 512,1765 553,1741 913,1756 1031,1736 1031,1693 982,1677 944,1706 865,1705 798,1666 724,1706 694,1680 626,1696 585,1674 483,1714 416,1670 376,1704 339,1682 224,1703"/>
                <Baseline points="230,1733 269,1733 309,1733 349,1733 389,1732 429,1731 468,1733 508,1733 548,1733 588,1733 628,1733 667,1733 707,1731 747,1731 787,1731 827,1730 866,1730 906,1728 946,1727 986,1726 1026,1724"/>
                <TextEquiv>
                    <Unicode>rechte warheit zu bekennen, und dn</Unicode>
                </TextEquiv>
            </TextLine>
            <TextLine id="r1l24" custom="readingOrder {index:23;}">
                <Coords points="233,1815 309,1838 368,1810 647,1830 683,1807 736,1845 829,1805 957,1837 1007,1810 1007,1745 829,1787 736,1763 701,1786 660,1763 472,1787 436,1759 337,1752 279,1788 233,1782"/>
                <Baseline points="239,1806 277,1806 315,1806 353,1806 391,1806 429,1806 467,1806 505,1806 543,1806 581,1806 620,1806 658,1806 696,1805 734,1805 772,1805 810,1803 848,1803 886,1802 924,1802 962,1800 1001,1799"/>
                <TextEquiv>
                    <Unicode>rechten Vatter zu Irem erzugete</Unicode>
                </TextEquiv>
            </TextLine>
            <TextLine id="r1l25" custom="readingOrder {index:24;}">
                <Coords points="213,1898 715,1886 767,1929 823,1889 994,1875 994,1828 812,1859 673,1807 581,1863 493,1860 370,1810 325,1848 274,1812 213,1817"/>
                <Baseline points="219,1878 257,1877 296,1875 334,1875 373,1875 411,1875 450,1875 488,1876 527,1877 565,1878 604,1878 642,1880 681,1880 719,1880 758,1880 796,1880 835,1878 873,1876 912,1874 950,1872 989,1866"/>
                <TextEquiv>
                    <Unicode>kendt zumamsen, examier</Unicode>
                </TextEquiv>
            </TextLine>
            <TextLine id="r1l26" custom="readingOrder {index:25;}">
                <Coords points="220,1958 330,1962 410,2011 473,1957 525,1979 556,1957 765,1974 974,1951 1001,1938 1000,1883 886,1917 836,1888 766,1930 719,1885 649,1926 592,1893 510,1912 484,1892 417,1932 357,1910 219,1937"/>
                <Baseline points="225,1956 263,1954 302,1952 340,1951 379,1950 417,1950 456,1950 494,1951 533,1952 571,1953 610,1953 648,1955 687,1955 725,1955 764,1955 802,1953 841,1952 879,1948 918,1944 956,1939 995,1934"/>
                <TextEquiv>
                    <Unicode>worden, die hat nüt bekent und</Unicode>
                </TextEquiv>
            </TextLine>
            <TextLine id="r1l27" custom="readingOrder {index:26;}">
                <Coords points="204,2068 232,2068 253,2055 282,2071 311,2044 355,2061 378,2043 467,2034 467,2013 393,2016 363,1992 286,1974 202,1997"/>
                <Baseline points="209,2033 234,2032 259,2031 284,2031 309,2030 335,2030 360,2030 385,2030 410,2030 435,2028 461,2027"/>
                <TextEquiv>
                    <Unicode>verzächen.</Unicode>
                </TextEquiv>
            </TextLine>
            <TextLine id="r1l28" custom="readingOrder {index:27;}">
                <Coords points="169,2157 354,2151 392,2180 846,2121 942,2138 1002,2124 999,2058 584,2121 418,2088 350,2122 248,2061 166,2096"/>
                <Baseline points="174,2145 215,2145 256,2144 297,2144 338,2142 379,2141 420,2141 461,2139 502,2138 543,2137 585,2136 626,2133 667,2131 708,2130 749,2126 790,2124 831,2121 872,2116 913,2113 954,2108 996,2103"/>
                <TextEquiv>
                    <Unicode>Als erstlichen dz nach dem syhe</Unicode>
                </TextEquiv>
            </TextLine>
            <TextLine id="r1l29" custom="readingOrder {index:28;}">
                <Coords points="223,2252 282,2219 374,2238 447,2217 487,2242 525,2219 634,2237 676,2211 956,2201 1023,2174 1021,2121 944,2151 905,2125 848,2136 690,2194 661,2172 555,2193 459,2167 370,2188 257,2154 219,2171"/>
                <Baseline points="227,2216 266,2214 306,2214 345,2213 385,2212 424,2211 464,2211 503,2211 543,2210 582,2210 622,2208 661,2207 701,2205 740,2202 780,2201 819,2197 859,2192 898,2188 938,2182 977,2174 1017,2166"/>
                <TextEquiv>
                    <Unicode>satherlingen by dem staaghalte</Unicode>
                </TextEquiv>
            </TextLine>
            <TextLine id="r1l30" custom="readingOrder {index:29;} person {offset:0; length:6;}">
                <Coords points="190,2309 314,2288 439,2312 638,2279 836,2300 933,2257 966,2270 1024,2215 937,2189 899,2232 818,2252 661,2218 613,2259 442,2231 408,2261 313,2242 189,2282"/>
                <Baseline points="195,2300 236,2294 277,2291 318,2289 360,2286 401,2284 442,2282 483,2282 525,2280 566,2280 607,2279 648,2277 690,2276 731,2274 772,2271 813,2268 855,2264 896,2259 937,2253 978,2246 1020,2238"/>
                <TextEquiv>
                    <Unicode>Oetres gedienet, vnd großschwan¬</Unicode>
                </TextEquiv>
            </TextLine>
            <TextLine id="r1l31" custom="readingOrder {index:30;}">
                <Coords points="227,2409 331,2367 501,2392 554,2361 794,2339 879,2366 1017,2313 1011,2273 756,2325 598,2331 506,2303 371,2338 288,2293 223,2335"/>
                <Baseline points="230,2360 269,2360 308,2360 347,2358 386,2358 425,2357 464,2357 503,2355 542,2354 581,2352 620,2351 659,2348 698,2346 737,2342 776,2339 815,2335 854,2330 893,2325 932,2320 971,2313 1011,2306"/>
                <TextEquiv>
                    <Unicode>gsen, sye sy von einem ersame</Unicode>
                </TextEquiv>
            </TextLine>
            <TextLine id="r1l32" custom="readingOrder {index:31;}">
                <Coords points="209,2466 243,2479 275,2447 327,2470 368,2442 427,2481 483,2448 555,2484 616,2431 961,2412 1041,2374 1038,2334 948,2336 860,2387 782,2371 689,2395 643,2367 432,2398 387,2373 319,2420 203,2392"/>
                <Baseline points="213,2445 254,2442 295,2440 336,2438 377,2436 418,2435 459,2433 500,2432 541,2430 582,2427 624,2425 665,2422 706,2419 747,2416 788,2412 829,2406 870,2401 911,2394 952,2387 993,2378 1035,2369"/>
                <TextEquiv>
                    <Unicode>hormeicht beschickt und einen vogt</Unicode>
                </TextEquiv>
            </TextLine>
            <TextLine id="r1l33" custom="readingOrder {index:32;}">
                <Coords points="197,2550 310,2515 478,2533 885,2495 1043,2434 1039,2391 1009,2412 930,2396 886,2442 785,2465 716,2471 618,2429 553,2488 510,2453 392,2503 314,2470 284,2500 228,2468 191,2488"/>
                <Baseline points="200,2525 241,2523 283,2521 325,2519 367,2517 409,2514 451,2512 493,2510 535,2507 577,2503 619,2500 660,2496 702,2492 744,2486 786,2482 828,2476 870,2470 912,2462 954,2456 996,2447 1038,2438"/>
                <TextEquiv>
                    <Unicode>zu trem kindt zunam t sn</Unicode>
                </TextEquiv>
            </TextLine>
            <TextLine id="r1l34" custom="readingOrder {index:33;}">
                <Coords points="218,2615 263,2637 316,2600 449,2592 544,2615 608,2582 694,2606 751,2565 900,2546 956,2579 1042,2512 1036,2447 895,2523 722,2510 656,2550 575,2526 435,2571 299,2522 213,2564"/>
                <Baseline points="222,2592 262,2590 303,2588 343,2587 384,2585 425,2583 465,2580 506,2579 547,2576 587,2573 628,2571 669,2568 709,2563 750,2559 791,2554 831,2549 872,2541 913,2534 953,2527 994,2517 1035,2507"/>
                <TextEquiv>
                    <Unicode>wohrden. Do habe sy es enen so</Unicode>
                </TextEquiv>
            </TextLine>
            <TextLine id="r1l35" custom="readingOrder {index:34;} person {offset:0; length:5;}">
                <Coords points="183,2712 321,2670 412,2713 581,2646 749,2667 824,2644 876,2667 1026,2592 1023,2548 959,2580 877,2556 775,2570 658,2628 460,2609 312,2644 174,2632"/>
                <Baseline points="185,2679 226,2674 268,2671 310,2667 352,2664 393,2661 435,2658 477,2656 519,2653 560,2650 602,2647 644,2643 686,2639 727,2635 769,2629 811,2623 853,2616 894,2609 936,2600 978,2590 1020,2580"/>
                <TextEquiv>
                    <Unicode>Wriel Honm namst zugeeiget</Unicode>
                </TextEquiv>
            </TextLine>
            <TextEquiv>
                <Unicode>Aauclina Marti
eitghbe wegen
Nüwenburg.
uff donstag den 18. Octob. 
In gegenwurtigkeit auch auh¬
deß fromen, fürnemen, für
fchtigen vnd wysen Herrenn
daucht Fellenbergs deß kleinen
Rhats, RRudolff Dubis der B
geren, Niclans Kilchberger
d
Großweibels, sampt etlicher
weiblen mn g h und ober
dieneren, Ist Clandina Mart
ein gmeine Cirnen Vß der Gs
schafft Nüwenburg purtig, wegen
eines erzingeten Kindt, so sybel
einem baldt einem andere Vog
mit dem endt zugerignet und
hiemit den rechten vatter nit an
geben noch mam sei wellen, zu
Marzili mit und ohne marter
rechte warheit zu bekennen, und dn
rechten Vatter zu Irem erzugete
kendt zumamsen, examier
worden, die hat nüt bekent und
verzächen.
Als erstlichen dz nach dem syhe
satherlingen by dem staaghalte
Oetres gedienet, vnd großschwan¬
gsen, sye sy von einem ersame
hormeicht beschickt und einen vogt
zu trem kindt zunam t sn
wohrden. Do habe sy es enen so
Wriel Honm namst zugeeiget</Unicode>
            </TextEquiv>
        </TextRegion>
        <TextRegion orientation="0.0" id="r2" custom="readingOrder {index:1;}">
            <Coords points="1107,33 1107,2974 2057,2974 2057,33"/>
            <TextLine id="r2l1" custom="readingOrder {index:0;}">
                <Coords points="1930,67 1936,65 1945,70 1947,67 1952,69 1958,61 1986,77 1997,74 1988,18 1982,19 1976,29 1961,18 1959,20 1955,18 1949,23 1943,22 1935,32 1930,29 1923,30"/>
                <Baseline points="1934,62 1961,53 1988,53"/>
                <TextEquiv>
                    <Unicode>5</Unicode>
                </TextEquiv>
            </TextLine>
            <TextLine id="r2l2" custom="readingOrder {index:1;}">
                <Coords points="1912,105 1930,104 1941,95 1947,95 1950,92 1957,94 1959,91 1961,93 1970,93 1972,57 1960,53 1945,64 1941,62 1916,62"/>
                <Baseline points="1920,77 1965,80"/>
                <TextEquiv>
                    <Unicode>91</Unicode>
                </TextEquiv>
            </TextLine>
            <TextLine id="r2l3" custom="readingOrder {index:2;} place {offset:20; length:6;} place {offset:30; length:3; continued:true;}">
                <Coords points="1104,237 1342,162 1411,200 1579,130 1693,177 1849,123 1948,153 2011,136 2005,84 1736,100 1635,68 1560,112 1384,83 1262,148 1097,172"/>
                <Baseline points="1107,212 1151,199 1196,188 1241,179 1286,170 1331,163 1375,155 1420,149 1465,144 1510,140 1555,136 1599,132 1644,129 1689,126 1734,124 1779,122 1823,120 1868,119 1913,117 1958,116 2003,114"/>
                <TextEquiv>
                    <Unicode>Nachdem aber sey zu Cuguls im Ery</Unicode>
                </TextEquiv>
            </TextLine>
            <TextLine id="r2l4" custom="readingOrder {index:3;} place {offset:0; length:8; continued:true;}">
                <Coords points="1126,274 1207,290 1306,229 1421,251 1459,213 1503,245 1587,213 1704,234 1789,195 1834,220 1954,174 1952,145 1879,122 1832,169 1692,176 1542,140 1413,199 1323,176 1248,216 1122,230"/>
                <Baseline points="1131,267 1171,256 1212,246 1253,239 1294,231 1335,225 1376,220 1417,215 1458,211 1499,208 1540,204 1580,201 1621,200 1662,197 1703,196 1744,194 1785,192 1826,189 1867,188 1908,185 1949,182"/>
                <TextEquiv>
                    <Unicode>burgpiet, deß kindts genosen.</Unicode>
                </TextEquiv>
            </TextLine>
            <TextLine id="r2l5" custom="readingOrder {index:4;}">
                <Coords points="1113,377 1298,294 1378,282 1424,318 1539,282 1810,285 1959,261 1965,224 1610,243 1580,221 1515,261 1460,227 1409,264 1248,264 1108,320"/>
                <Baseline points="1116,345 1158,332 1200,321 1242,312 1285,302 1327,296 1369,290 1411,285 1454,281 1496,278 1538,275 1580,272 1623,270 1665,269 1707,266 1749,264 1792,261 1834,259 1876,256 1918,252 1961,246"/>
                <TextEquiv>
                    <Unicode>habt sy es uß antrib etlicheren</Unicode>
                </TextEquiv>
            </TextLine>
            <TextLine id="r2l6" custom="readingOrder {index:5;}">
                <Coords points="1125,411 1280,365 1323,388 1463,348 1534,371 1572,343 1653,389 1713,336 2034,336 2031,298 1960,296 1913,257 1823,300 1617,283 1564,314 1341,333 1285,307 1122,379"/>
                <Baseline points="1130,398 1174,387 1219,376 1264,366 1309,360 1354,353 1399,348 1443,342 1488,339 1533,336 1578,333 1623,331 1668,329 1713,329 1757,327 1802,326 1847,326 1892,324 1937,324 1982,323 2027,321"/>
                <TextEquiv>
                    <Unicode>e cugies vorgantgedüten statt</Unicode>
                </TextEquiv>
            </TextLine>
            <TextLine id="r2l7" custom="readingOrder {index:6;} person {offset:7; length:21;}">
                <Coords points="1132,488 1174,453 1303,454 1381,423 1616,438 1687,402 1791,428 1979,396 1976,359 1886,344 1848,370 1754,343 1653,389 1591,355 1474,392 1356,371 1128,431"/>
                <Baseline points="1136,459 1177,451 1219,442 1261,435 1303,429 1345,424 1387,419 1428,414 1470,411 1512,408 1554,405 1596,403 1638,401 1680,399 1721,398 1763,396 1805,395 1847,394 1889,393 1931,392 1973,390"/>
                <TextEquiv>
                    <Unicode>halter Petreis ssohn Abraham</Unicode>
                </TextEquiv>
            </TextLine>
            <TextLine id="r2l8" custom="readingOrder {index:7;}">
                <Coords points="1126,574 1195,521 1493,481 1645,486 1700,521 1773,476 1910,493 1976,473 1974,431 1863,447 1737,406 1603,459 1480,426 1423,459 1341,445 1240,489 1121,495"/>
                <Baseline points="1130,536 1172,525 1214,516 1256,508 1298,500 1340,495 1382,490 1424,486 1466,483 1508,481 1550,479 1592,477 1634,476 1676,476 1718,474 1760,473 1802,473 1844,471 1886,470 1928,468 1970,464"/>
                <TextEquiv>
                    <Unicode>genampt, mit dem Eidt zuge¬</Unicode>
                </TextEquiv>
            </TextLine>
            <TextLine id="r2l9" custom="readingOrder {index:8;}">
                <Coords points="1126,615 1181,622 1216,588 1330,566 1400,594 1800,541 1908,568 1953,556 1949,494 1578,524 1449,492 1376,543 1285,509 1222,561 1123,576"/>
                <Baseline points="1130,602 1170,593 1211,587 1252,580 1293,575 1334,569 1374,566 1415,561 1456,558 1497,554 1538,551 1578,550 1619,548 1660,546 1701,545 1742,543 1782,542 1823,540 1864,539 1905,538 1946,537"/>
                <TextEquiv>
                    <Unicode>eignet. Hernach aber als sy</Unicode>
                </TextEquiv>
            </TextLine>
            <TextLine id="r2l10" custom="readingOrder {index:9;}">
                <Coords points="1104,683 1409,637 1541,652 1598,626 1752,654 1901,618 1897,562 1817,546 1525,611 1312,584 1235,618 1153,609 1102,644"/>
                <Baseline points="1110,672 1149,665 1188,659 1227,653 1267,648 1306,644 1345,640 1384,637 1424,636 1463,633 1502,632 1541,630 1581,629 1620,627 1659,627 1698,626 1738,624 1777,622 1816,620 1855,617 1895,614"/>
                <TextEquiv>
                    <Unicode>zur Landeren zn verhafftung</Unicode>
                </TextEquiv>
            </TextLine>
            <TextLine id="r2l11" custom="readingOrder {index:10;} person {offset:28; length:6;}">
                <Coords points="1126,761 1454,697 1570,731 1627,704 1860,696 1921,726 1970,703 1967,633 1893,659 1824,631 1744,677 1670,644 1538,671 1409,637 1296,697 1180,665 1124,696"/>
                <Baseline points="1131,740 1172,730 1214,722 1255,716 1297,711 1339,707 1380,704 1422,701 1464,699 1505,699 1547,698 1589,698 1630,698 1672,698 1714,698 1755,697 1797,696 1839,695 1880,693 1922,691 1964,687"/>
                <TextEquiv>
                    <Unicode>kommen, sye der statthalter Detrey</Unicode>
                </TextEquiv>
            </TextLine>
            <TextLine id="r2l12" custom="readingOrder {index:11;}">
                <Coords points="1126,811 1219,844 1311,773 1392,799 1524,771 1577,801 1602,774 1664,797 1824,764 1983,793 1981,731 1859,697 1777,749 1703,727 1444,748 1363,718 1308,758 1125,766"/>
                <Baseline points="1131,800 1173,791 1215,785 1257,780 1300,775 1342,772 1384,769 1426,767 1469,765 1511,765 1553,764 1595,764 1638,764 1680,764 1722,764 1764,764 1807,764 1849,764 1891,762 1933,761 1976,758"/>
                <TextEquiv>
                    <Unicode>und yn sohn auch dahin kommen</Unicode>
                </TextEquiv>
            </TextLine>
            <TextLine id="r2l13" custom="readingOrder {index:12;}">
                <Coords points="1129,891 1210,866 1250,894 1335,857 1429,873 1504,839 1922,834 1920,791 1630,806 1597,782 1563,816 1281,814 1220,844 1125,822"/>
                <Baseline points="1134,870 1173,863 1212,858 1251,854 1290,850 1329,847 1368,844 1407,840 1446,839 1485,837 1525,835 1564,833 1603,833 1642,831 1681,830 1720,829 1759,828 1798,827 1837,825 1876,824 1916,821"/>
                <TextEquiv>
                    <Unicode>und sy durch mirt und gaben</Unicode>
                </TextEquiv>
            </TextLine>
            <TextLine id="r2l14" custom="readingOrder {index:13;}">
                <Coords points="1744,887 1758,887 1760,890 1767,889 1780,877 1785,879 1786,877 1794,877 1799,873 1804,873 1806,845 1783,844 1780,841 1773,840 1766,832 1747,830"/>
                <Baseline points="1751,864 1799,867"/>
                <TextEquiv>
                    <Unicode></Unicode>
                </TextEquiv>
            </TextLine>
            <TextLine id="r2l15" custom="readingOrder {index:14;}">
                <Coords points="1123,962 1170,945 1214,976 1306,974 1355,923 1473,954 1564,912 1708,953 1864,906 2007,902 2005,862 1669,889 1623,865 1585,882 1528,838 1379,895 1236,886 1200,916 1120,915"/>
                <Baseline points="1127,941 1170,936 1214,930 1257,925 1301,921 1345,917 1388,915 1432,912 1476,911 1519,909 1563,908 1607,906 1650,906 1694,905 1738,903 1781,902 1825,900 1869,899 1912,896 1956,894 2000,890"/>
                <TextEquiv>
                    <Unicode>die sy Iro versprochen, widerumb</Unicode>
                </TextEquiv>
            </TextLine>
            <TextLine id="r2l16" custom="readingOrder {index:15;}">
                <Coords points="1105,1020 1720,1017 1884,978 2029,1002 2026,941 1899,904 1800,952 1650,960 1542,929 1455,960 1364,933 1309,974 1176,956 1104,991"/>
                <Baseline points="1110,1013 1155,1007 1201,1002 1246,997 1292,994 1337,991 1383,989 1428,987 1474,986 1519,984 1565,983 1611,983 1656,981 1702,981 1747,980 1793,979 1838,977 1884,975 1929,974 1975,970 2021,966"/>
                <TextEquiv>
                    <Unicode>zum abfhal rnd das sy den detreg</Unicode>
                </TextEquiv>
            </TextLine>
            <TextLine id="r2l17" custom="readingOrder {index:16;}">
                <Coords points="1128,1100 1211,1115 1370,1070 1409,1099 1470,1069 1904,1054 1946,1044 1945,1017 1836,1013 1792,984 1720,1033 1670,997 1617,1033 1500,1013 1299,1040 1266,1019 1126,1062"/>
                <Baseline points="1133,1080 1173,1077 1213,1071 1254,1068 1294,1065 1334,1062 1375,1060 1415,1057 1455,1056 1496,1054 1536,1053 1576,1051 1617,1050 1657,1049 1697,1047 1738,1045 1778,1044 1818,1043 1859,1040 1899,1038 1940,1035"/>
                <TextEquiv>
                    <Unicode>entschlagen, vnd dazs Kindt dem</Unicode>
                </TextEquiv>
            </TextLine>
            <TextLine id="r2l18" custom="readingOrder {index:17;} person {offset:12; length:5;}">
                <Coords points="1131,1165 1213,1184 1281,1137 1473,1167 1620,1145 1650,1115 1716,1154 1852,1146 1952,1111 1992,1126 1990,1080 1861,1087 1754,1053 1663,1099 1447,1105 1371,1070 1319,1112 1128,1100"/>
                <Baseline points="1136,1146 1178,1145 1220,1142 1263,1140 1305,1137 1348,1135 1390,1132 1433,1130 1475,1127 1518,1124 1560,1122 1602,1121 1645,1118 1687,1116 1730,1115 1772,1114 1815,1113 1857,1113 1900,1113 1942,1113 1985,1115"/>
                <TextEquiv>
                    <Unicode>vorgemelten Jomun wider zuge¬</Unicode>
                </TextEquiv>
            </TextLine>
            <TextLine id="r2l19" custom="readingOrder {index:18;}">
                <Coords points="1122,1237 1181,1248 1235,1218 1298,1259 1440,1210 1592,1237 1723,1191 1868,1211 1991,1177 1990,1156 1884,1133 1725,1167 1651,1115 1581,1160 1496,1150 1431,1184 1271,1147 1216,1192 1120,1199"/>
                <Baseline points="1127,1217 1169,1214 1212,1212 1255,1210 1298,1208 1341,1205 1384,1202 1427,1200 1470,1197 1513,1195 1556,1192 1598,1190 1641,1188 1684,1185 1727,1184 1770,1182 1813,1181 1856,1179 1899,1178 1942,1176 1985,1175"/>
                <TextEquiv>
                    <Unicode>eignet e Das sy den nachma</Unicode>
                </TextEquiv>
            </TextLine>
            <TextLine id="r2l20" custom="readingOrder {index:19;} place {offset:9; length:7;}">
                <Coords points="1125,1294 1172,1316 1308,1278 1479,1296 1522,1270 1552,1295 1623,1279 1690,1303 1831,1273 1893,1293 1941,1265 1939,1208 1855,1211 1821,1240 1688,1209 1593,1240 1371,1216 1311,1262 1262,1232 1124,1271"/>
                <Baseline points="1130,1281 1170,1282 1210,1281 1250,1281 1291,1280 1331,1277 1371,1275 1411,1274 1452,1271 1492,1269 1532,1267 1572,1265 1613,1262 1653,1260 1693,1258 1733,1257 1774,1256 1814,1256 1854,1256 1894,1257 1935,1259"/>
                <TextEquiv>
                    <Unicode>alhie zu Marzili obglychwol sy</Unicode>
                </TextEquiv>
            </TextLine>
            <TextLine id="r2l21" custom="readingOrder {index:20;}">
                <Coords points="1125,1368 1344,1382 1382,1359 1465,1387 1505,1359 2015,1338 1985,1301 1616,1318 1527,1267 1492,1302 1376,1310 1332,1284 1277,1324 1203,1296 1124,1326"/>
                <Baseline points="1130,1347 1176,1347 1222,1346 1268,1346 1315,1344 1361,1344 1407,1343 1453,1343 1500,1341 1546,1340 1592,1340 1638,1338 1685,1337 1731,1335 1777,1334 1823,1332 1870,1331 1916,1329 1962,1328 2009,1325"/>
                <TextEquiv>
                    <Unicode>mit ernsthafften wortten die war¬</Unicode>
                </TextEquiv>
            </TextLine>
            <TextLine id="r2l22" custom="readingOrder {index:21;}">
                <Coords points="1119,1444 1894,1419 1993,1382 1934,1363 1814,1387 1764,1350 1694,1393 1428,1400 1382,1358 1340,1392 1194,1367 1118,1400"/>
                <Baseline points="1124,1419 1167,1419 1210,1419 1253,1419 1296,1418 1340,1418 1383,1418 1426,1416 1469,1416 1512,1415 1556,1415 1599,1413 1642,1412 1685,1412 1728,1410 1772,1409 1815,1407 1858,1406 1901,1404 1944,1403 1988,1401"/>
                <TextEquiv>
                    <Unicode>heit zubekennen vermant worden.</Unicode>
                </TextEquiv>
            </TextLine>
            <TextLine id="r2l23" custom="readingOrder {index:22;} person {offset:26; length:5;}">
                <Coords points="1107,1498 1201,1526 1299,1497 1358,1539 1411,1498 1706,1489 1818,1537 1973,1463 1822,1437 1747,1466 1656,1414 1488,1464 1384,1462 1332,1431 1259,1469 1106,1434"/>
                <Baseline points="1113,1488 1155,1488 1198,1488 1241,1488 1283,1488 1326,1488 1369,1488 1411,1487 1454,1487 1497,1487 1540,1487 1582,1485 1625,1485 1668,1485 1710,1484 1753,1483 1796,1482 1838,1481 1881,1479 1924,1479 1967,1478"/>
                <TextEquiv>
                    <Unicode>bds Ir erzügete Kindt dem Jomin</Unicode>
                </TextEquiv>
            </TextLine>
            <TextLine id="r2l24" custom="readingOrder {index:23;}">
                <Coords points="1110,1590 1240,1573 1299,1598 1378,1571 1417,1601 1466,1571 1610,1571 1771,1615 1842,1562 1922,1576 1921,1529 1817,1539 1752,1493 1673,1535 1485,1503 1416,1535 1286,1522 1246,1547 1110,1523"/>
                <Baseline points="1116,1566 1156,1566 1196,1566 1236,1566 1276,1566 1316,1566 1356,1566 1396,1566 1436,1565 1476,1565 1516,1565 1556,1565 1596,1563 1636,1563 1676,1562 1716,1562 1756,1560 1796,1559 1836,1559 1876,1557 1916,1556"/>
                <TextEquiv>
                    <Unicode>zugeeignet, Noch dem sy haber</Unicode>
                </TextEquiv>
            </TextLine>
            <TextLine id="r2l25" custom="readingOrder {index:24;}">
                <Coords points="1135,1673 1260,1634 1504,1684 1562,1636 2007,1640 1948,1576 1900,1609 1845,1565 1781,1615 1706,1589 1610,1624 1541,1581 1135,1601"/>
                <Baseline points="1140,1629 1183,1631 1226,1632 1269,1634 1312,1634 1355,1635 1398,1635 1441,1635 1484,1635 1527,1635 1570,1635 1613,1635 1656,1635 1699,1635 1742,1635 1785,1634 1828,1634 1871,1634 1914,1635 1957,1635 2001,1635"/>
                <TextEquiv>
                    <Unicode>uß beuelch un g an die marter</Unicode>
                </TextEquiv>
            </TextLine>
            <TextLine id="r2l26" custom="readingOrder {index:25;}">
                <Coords points="1133,1740 1535,1703 1628,1750 1718,1753 1785,1708 1982,1729 1983,1665 1903,1646 1817,1677 1767,1644 1703,1684 1649,1649 1586,1683 1540,1661 1505,1685 1293,1685 1219,1648 1133,1675"/>
                <Baseline points="1139,1700 1180,1700 1222,1701 1264,1701 1306,1702 1348,1703 1390,1703 1432,1704 1474,1704 1516,1704 1558,1704 1599,1706 1641,1706 1683,1706 1725,1706 1767,1706 1809,1706 1851,1706 1893,1704 1935,1704 1977,1704"/>
                <TextEquiv>
                    <Unicode>geschlagen worden, hat sy endt</Unicode>
                </TextEquiv>
            </TextLine>
            <TextLine id="r2l27" custom="readingOrder {index:26;}">
                <Coords points="1133,1780 1339,1800 1513,1774 1615,1811 1849,1778 1931,1809 2040,1792 2041,1758 1950,1766 1892,1726 1553,1767 1485,1708 1399,1705 1333,1753 1133,1740"/>
                <Baseline points="1139,1767 1183,1770 1228,1772 1273,1775 1318,1776 1362,1778 1407,1779 1452,1779 1497,1779 1541,1781 1586,1781 1631,1781 1676,1781 1720,1781 1765,1782 1810,1782 1855,1784 1899,1784 1944,1785 1989,1787 2034,1790"/>
                <TextEquiv>
                    <Unicode>lichen dzs Kindt vorgemelts Statt¬</Unicode>
                </TextEquiv>
            </TextLine>
            <TextLine id="r2l28" custom="readingOrder {index:27;} person {offset:7; length:7;}">
                <Coords points="1134,1865 1530,1856 1624,1891 1693,1854 1773,1893 1855,1862 1914,1899 2042,1861 2043,1791 1894,1835 1801,1804 1510,1824 1357,1786 1189,1813 1135,1789"/>
                <Baseline points="1140,1839 1184,1842 1229,1844 1274,1847 1319,1848 1364,1850 1409,1851 1453,1852 1498,1853 1543,1853 1588,1853 1633,1854 1678,1854 1723,1854 1767,1854 1812,1854 1857,1854 1902,1854 1947,1854 1992,1854 2037,1856"/>
                <TextEquiv>
                    <Unicode>halter Detreis Sohn zugeeignet</Unicode>
                </TextEquiv>
            </TextLine>
            <TextLine id="r2l29" custom="readingOrder {index:28;}">
                <Coords points="1130,1910 1332,1949 1374,1918 1472,1949 1519,1923 1646,1964 1719,1940 1770,1983 1846,1937 1885,1972 1949,1953 1951,1897 1622,1912 1557,1866 1507,1909 1425,1862 1277,1889 1131,1869"/>
                <Baseline points="1136,1907 1176,1911 1216,1914 1257,1917 1297,1919 1338,1921 1378,1924 1418,1926 1459,1928 1499,1928 1540,1929 1580,1931 1620,1931 1661,1932 1701,1932 1742,1932 1782,1932 1822,1931 1863,1931 1903,1929 1944,1929"/>
                <TextEquiv>
                    <Unicode>und das uß der ursach das derselbige</Unicode>
                </TextEquiv>
            </TextLine>
            <TextLine id="r2l30" custom="readingOrder {index:29;}">
                <Coords points="1117,2011 1213,1990 1308,2030 1374,2000 1541,2001 1606,2035 1672,2009 1982,2008 2004,1977 1918,1985 1863,1952 1669,1994 1540,1978 1509,1945 1447,1974 1325,1946 1252,1971 1179,1917 1120,1915"/>
                <Baseline points="1124,1977 1167,1981 1211,1984 1255,1987 1298,1989 1342,1992 1386,1995 1429,1997 1473,2000 1517,2002 1561,2004 1604,2005 1648,2006 1692,2007 1735,2007 1779,2007 1823,2006 1866,2006 1910,2004 1954,2001 1998,2000"/>
                <TextEquiv>
                    <Unicode>zum ersten und vor dem homm</Unicode>
                </TextEquiv>
            </TextLine>
            <TextLine id="r2l31" custom="readingOrder {index:30;} person {offset:21; length:6;}">
                <Coords points="1128,2097 1241,2076 1320,2121 1399,2086 1441,2109 1606,2087 1895,2127 2051,2100 2053,2045 1997,2004 1915,2059 1818,2052 1784,2018 1653,2060 1592,2033 1440,2046 1392,2005 1300,2048 1131,2010"/>
                <Baseline points="1136,2046 1181,2052 1227,2055 1272,2060 1318,2064 1363,2067 1409,2069 1454,2073 1500,2075 1545,2076 1591,2078 1636,2080 1682,2081 1727,2082 1773,2084 1818,2085 1864,2087 1909,2088 1955,2088 2000,2090 2046,2091"/>
                <TextEquiv>
                    <Unicode>by ire gsin und inne Detrey hie¬</Unicode>
                </TextEquiv>
            </TextLine>
            <TextLine id="r2l32" custom="readingOrder {index:31;}">
                <Coords points="1144,2136 1298,2164 1342,2143 1613,2161 1696,2205 1747,2170 1965,2172 1987,2134 1931,2103 1884,2128 1727,2092 1625,2140 1464,2127 1411,2097 1311,2122 1195,2074 1147,2095"/>
                <Baseline points="1151,2118 1192,2124 1233,2129 1275,2133 1316,2138 1358,2141 1399,2144 1441,2147 1482,2150 1524,2153 1565,2154 1606,2156 1648,2157 1689,2159 1731,2159 1772,2160 1814,2160 1855,2162 1897,2162 1938,2162 1980,2163"/>
                <TextEquiv>
                    <Unicode>mit zum Vater deß Kindts</Unicode>
                </TextEquiv>
            </TextLine>
            <TextLine id="r2l33" custom="readingOrder {index:32;}">
                <Coords points="1132,2223 1200,2198 1378,2250 1433,2226 1634,2259 1790,2232 1989,2271 2062,2235 2065,2177 1975,2167 1902,2205 1816,2179 1698,2213 1583,2163 1429,2187 1351,2146 1208,2177 1136,2146"/>
                <Baseline points="1140,2189 1185,2193 1231,2198 1277,2204 1323,2208 1369,2211 1415,2215 1460,2217 1506,2221 1552,2224 1598,2226 1644,2227 1690,2229 1736,2231 1781,2231 1827,2232 1873,2232 1919,2232 1965,2232 2011,2232 2057,2231"/>
                <TextEquiv>
                    <Unicode>genamset, vnd das f dem also sye</Unicode>
                </TextEquiv>
            </TextLine>
            <TextLine id="r2l34" custom="readingOrder {index:33;}">
                <Coords points="1110,2320 1328,2284 1422,2294 1477,2343 1588,2308 1814,2365 1942,2312 2026,2320 2029,2270 1891,2279 1797,2244 1584,2290 1521,2233 1444,2277 1403,2246 1234,2252 1117,2200"/>
                <Baseline points="1119,2265 1164,2268 1209,2273 1254,2276 1299,2280 1344,2283 1389,2287 1434,2291 1479,2293 1524,2297 1570,2299 1615,2301 1660,2303 1705,2306 1750,2307 1795,2309 1840,2310 1885,2310 1930,2310 1975,2310 2021,2310"/>
                <TextEquiv>
                    <Unicode>s gern darufhm sterben wolle</Unicode>
                </TextEquiv>
            </TextLine>
            <TextLine id="r2l35" custom="readingOrder {index:34;}">
                <Coords points="1517,2481 1571,2469 1607,2435 1675,2432 1728,2444 1807,2432 1833,2446 1880,2435 1950,2468 2014,2439 2015,2376 1946,2381 1896,2355 1791,2402 1620,2368 1518,2388"/>
                <Baseline points="1523,2424 1548,2426 1574,2427 1599,2427 1625,2427 1650,2427 1676,2427 1702,2427 1727,2427 1753,2427 1778,2427 1804,2427 1829,2427 1855,2427 1881,2427 1906,2429 1932,2429 1957,2430 1983,2433 2009,2436"/>
                <TextEquiv>
                    <Unicode>Ist einnal Lähr</Unicode>
                </TextEquiv>
            </TextLine>
            <TextLine id="r2l36" custom="readingOrder {index:35;}">
                <Coords points="1568,2484 1646,2531 1703,2517 1753,2544 1783,2518 1871,2501 1930,2521 1979,2515 2037,2555 2042,2470 2010,2462 1940,2485 1908,2471 1782,2481 1697,2435 1651,2457 1569,2460"/>
                <Baseline points="1574,2478 1599,2482 1625,2486 1650,2489 1676,2492 1701,2494 1727,2495 1752,2496 1778,2496 1804,2498 1829,2498 1855,2499 1880,2501 1906,2501 1931,2504 1957,2506 1982,2509 2008,2513 2034,2517"/>
                <TextEquiv>
                    <Unicode>ufzogen worden.</Unicode>
                </TextEquiv>
            </TextLine>
            <TextLine id="r2l37" custom="readingOrder {index:36;} person {offset:0; length:12;} place {offset:17; length:8;}">
                <Coords points="1106,2568 1253,2553 1302,2591 1727,2610 1813,2642 1857,2613 1896,2643 2005,2639 2023,2593 1958,2560 1756,2586 1672,2516 1575,2573 1437,2554 1400,2512 1327,2546 1208,2452 1116,2461"/>
                <Baseline points="1116,2531 1160,2540 1205,2549 1250,2556 1295,2562 1340,2569 1385,2575 1429,2579 1474,2584 1519,2587 1564,2591 1609,2594 1654,2597 1699,2601 1743,2604 1788,2607 1833,2611 1878,2615 1923,2618 1968,2622 2013,2627"/>
                <TextEquiv>
                    <Unicode>Barbara Rapp von Saūenagl ist den</Unicode>
                </TextEquiv>
            </TextLine>
            <TextLine id="r2l38" custom="readingOrder {index:37;}">
                <Coords points="1140,2625 1874,2693 1919,2722 1999,2706 2003,2675 1914,2669 1844,2619 1636,2654 1430,2585 1319,2598 1254,2553 1148,2551"/>
                <Baseline points="1149,2594 1191,2604 1233,2613 1275,2622 1318,2630 1360,2636 1402,2642 1444,2648 1487,2653 1529,2657 1571,2661 1613,2665 1656,2669 1698,2672 1740,2675 1782,2679 1825,2683 1867,2686 1909,2692 1951,2696 1994,2703"/>
                <TextEquiv>
                    <Unicode>1 Decemb. 1621. der Edt wegen</Unicode>
                </TextEquiv>
            </TextLine>
            <TextLine id="r2l39" custom="readingOrder {index:38;}">
                <Coords points="1144,2662 1279,2715 1436,2720 1488,2758 1775,2751 2025,2783 2030,2738 1796,2707 1743,2729 1530,2660 1372,2689 1148,2626"/>
                <Baseline points="1151,2655 1194,2667 1238,2678 1281,2686 1325,2695 1368,2703 1412,2710 1455,2716 1499,2721 1542,2726 1586,2731 1629,2734 1673,2738 1716,2741 1760,2744 1803,2747 1847,2751 1890,2754 1934,2758 1977,2762 2021,2766"/>
                <TextEquiv>
                    <Unicode>begangnen 3 fhäleren von statt und</Unicode>
                </TextEquiv>
            </TextLine>
            <TextLine id="r2l40" custom="readingOrder {index:39;}">
                <Coords points="1131,2729 1250,2749 1441,2817 1552,2800 1652,2872 1669,2766 1579,2782 1434,2737 1364,2744 1319,2699 1287,2716 1180,2684 1137,2697"/>
                <Baseline points="1140,2715 1165,2723 1191,2731 1217,2739 1243,2745 1269,2751 1294,2756 1320,2761 1346,2767 1372,2771 1398,2774 1423,2779 1449,2783 1475,2786 1501,2790 1527,2794 1552,2797 1578,2802 1604,2805 1630,2809 1656,2813"/>
                <TextEquiv>
                    <Unicode>Lnlge wen</Unicode>
                </TextEquiv>
            </TextLine>
            <TextLine id="r2l41" custom="readingOrder {index:40;} person {offset:0; length:15;} place {offset:20; length:5;}">
                <Coords points="1141,2797 1222,2840 1289,2832 1343,2881 1507,2884 1554,2911 1595,2895 1759,2953 1863,2929 1895,2956 1909,2878 1875,2880 1836,2836 1794,2828 1694,2886 1520,2833 1461,2850 1407,2801 1258,2791 1151,2741"/>
                <Baseline points="1149,2787 1186,2802 1223,2813 1260,2826 1297,2836 1335,2846 1372,2855 1409,2863 1446,2870 1483,2877 1521,2883 1558,2889 1595,2894 1632,2899 1669,2904 1707,2908 1744,2913 1781,2916 1818,2921 1855,2926 1893,2930"/>
                <TextEquiv>
                    <Unicode>Anthain Schertz von Aschi vom glych urs</Unicode>
                </TextEquiv>
            </TextLine>
            <TextLine id="r2l42" custom="readingOrder {index:41;}">
                <Coords points="1152,2861 1201,2872 1290,2935 1343,2917 1396,2942 1470,2941 1501,2963 1626,2966 1634,2916 1490,2887 1462,2900 1432,2879 1345,2883 1285,2827 1230,2840 1163,2813"/>
                <Baseline points="1160,2850 1185,2859 1211,2869 1237,2878 1262,2886 1288,2895 1314,2902 1339,2908 1365,2914 1391,2921 1416,2926 1442,2932 1468,2937 1493,2941 1519,2946 1545,2951 1570,2953 1596,2957 1622,2960"/>
                <TextEquiv>
                    <Unicode> Aprent. 164</Unicode>
                </TextEquiv>
            </TextLine>
            <TextEquiv>
                <Unicode>5
91
Nachdem aber sey zu Cuguls im Ery
burgpiet, deß kindts genosen.
habt sy es uß antrib etlicheren
e cugies vorgantgedüten statt
halter Petreis ssohn Abraham
genampt, mit dem Eidt zuge¬
eignet. Hernach aber als sy
zur Landeren zn verhafftung
kommen, sye der statthalter Detrey
und yn sohn auch dahin kommen
und sy durch mirt und gaben

die sy Iro versprochen, widerumb
zum abfhal rnd das sy den detreg
entschlagen, vnd dazs Kindt dem
vorgemelten Jomun wider zuge¬
eignet e Das sy den nachma
alhie zu Marzili obglychwol sy
mit ernsthafften wortten die war¬
heit zubekennen vermant worden.
bds Ir erzügete Kindt dem Jomin
zugeeignet, Noch dem sy haber
uß beuelch un g an die marter
geschlagen worden, hat sy endt
lichen dzs Kindt vorgemelts Statt¬
halter Detreis Sohn zugeeignet
und das uß der ursach das derselbige
zum ersten und vor dem homm
by ire gsin und inne Detrey hie¬
mit zum Vater deß Kindts
genamset, vnd das f dem also sye
s gern darufhm sterben wolle
Ist einnal Lähr
ufzogen worden.
Barbara Rapp von Saūenagl ist den
1 Decemb. 1621. der Edt wegen
begangnen 3 fhäleren von statt und
Lnlge wen
Anthain Schertz von Aschi vom glych urs
 Aprent. 164</Unicode>
            </TextEquiv>
        </TextRegion>
    </Page>
</PcGts>
