4000 3000
279 28 978 262 Ddigt da
242 185 966 394 vff vorgemeiltem tag ist Be¬
233 284 970 449 Bwntz von Müllenberg ein b
956 338 1024 434 dis
277 355 942 515 macher, so hienor wegen syner
256 412 947 580 ligkeit im schallenwerck gs
268 497 969 628 maben von dem aman zu3
254 572 955 713 neuen von deselbigen wege
259 629 942 762 provoren vbergeben worde
958 734 1017 802 alh
246 693 975 858 zubrungen. Will von keine
254 769 1030 951 unthat, dem übernemung deß m
246 839 610 943 gestendig sge¬
200 1161 1038 1322 Item Methÿß Kräger ein lact
173 1262 1033 1384 strychend vnd Lugzoch Bägle
212 1346 1019 1473 pürtig under dem bistumb lillig
220 1426 1018 1524 zeigt an habe ein dochter alhie
222 1480 1026 1597 Im dienst by mr Hanß Stöcklide
225 1551 1017 1644 Mäßerschmidt, welliche einem schwnden
231 1619 1002 1694 Knūecht, so deß alten Stapfereron
208 1678 1014 1779 Brugg dochter sohn sye zur ehegen
231 1755 1001 1848 nomen, die den Inniert 24 tage
226 1816 1001 1911 den kilchgang zu Murten mit
218 1888 1020 1973 einandern thun wellnit, syevon
205 1935 1014 2069 deselbigen wegen alhar In de Land¬
208 2017 1018 2152 kommen, welle noch verrichtungd
223 2085 999 2212 ben wider eß dem Landt vn¬
198 2154 1026 2296 will keiner bösen thadten bekantt
227 2284 356 2386 seyn.
149 2402 315 2532 d
1889 44 1968 113 150
1087 222 1964 395 radt andres ein buchtrager
1112 288 1957 464 würtig ußem landt zu Meißen
1115 360 1939 511 mit sampt syner Frouwen, ist
1107 423 1968 592 von Sterglen bracht worden, zeigt
1106 514 1969 646 an habe mu biß In die 3 Jar
1113 559 1977 720 alhie zm landt gehandtlet und
1114 644 2017 779 hest alle zinstag mit buehr
1112 694 2004 839 ren, vnd liederen alhie feilghon
1115 784 1955 911 begere sach also mit Gott vnd
1126 852 1989 990 hren durchzubringen, wo er vnd
1106 927 1907 1059 syn from zu den Buren
1113 1021 1941 1125 konmt, spinnit s Iner vmb
1099 1079 1700 1204 den Lohin vnd spyß.
1092 1509 1992 1608 Eßbeth Geißer von Lange¬
1113 1582 1949 1670 thall ein Corlen, so den All
1095 1640 2022 1757 musen noch Zucht ist von hindel
1097 1713 2005 1815 banck bracht worden, will keiner
1094 1788 1875 1894 vnthaten kandtlich se.
1083 1920 1949 2066 uff den 13. junii onr ist diser 6
1090 2010 1945 2104 ssonen ußag und bekantnuß vor
1108 2069 1966 2210 ig heen abglasen worden und de
1098 2155 1910 2286 eyl wedr die ein oder andere pson
1103 2201 1909 2330 nit tädtlichß bekantlich yn wellen
1081 2253 1955 2399 dhandt mng h nacht das beßer
1078 2333 1977 2489 am dhandtsnommen und dem hr Groß
1090 2392 1973 2542 bolchen, s vff ein storffe censur
1082 2451 1964 2628 uß und redig zulaßen und ein
1077 2535 2011 2707 jede pson zu ir Heimat zuwysen
