4000 3000
159 2473 186 2544 1
152 621 195 687 7
182 5 1041 180 Nierzächenn jarenn allt gsin, zum se
234 75 1024 212 ein vnmöntschliche begird Ankommen
224 122 1047 274 das er leyder gottlichen natürliche
230 164 1051 329 auch Wäldtlichenn gesatzen unnd da
215 225 1037 354 Allen geoffennbareten rechten vnnd
187 278 1032 400 nungen, inn allwag zuwider mit
219 319 1041 445 gunst vor Christlichenn Eren zemelten
209 369 1034 494 sich zum viertenmal, mit vnnderschi
200 428 571 490 lichenn lieren.
679 426 1025 537 alls erstlich zu
245 466 1044 609 nidergysenstein zun zyit er bendicht
212 524 1002 646 Mūrer gedient, mit einem Kalb¬
253 588 1049 725 ernach auch an disem Ort mit einen
223 650 402 723 utlin
194 697 988 810 Wyter zu Eychi mit einer stuten.
190 780 1042 906 Eetstlich zu Ballenbul alles zund
222 868 1030 951 kilchöri Münsingen gelegen. bywyl
233 913 1009 1015 er Panli Stucki gedient, auch mi
234 973 576 1059 einen Stutenn,
210 1043 1051 1153 Vnchristlichwyß, vertiefenn vnnd
228 1128 681 1202 Vergang Wellenn
191 1192 1000 1290 Unnd zwar jedes mals syn maülin
227 1251 1051 1338 glid fürzogenn vnnd entlößt, auch dise
242 1303 1011 1368 tier, damit berurt, hab Aber Im
210 1352 1029 1440 werckh, wyl er zunider gsin, nützit
230 1401 1026 1500 Verrichtenn noch vollbringen mögen.
206 1505 1017 1621 Vff sölliches das gedachtenn Mihel
184 1578 1050 1656 Kräpßenn hoche schware, auch Abschüch¬
196 1634 1041 1705 liche mißhandlungen, habent hochge¬
193 1687 1046 1756 nant min G. Herrenn vnnd Okere
199 1727 1035 1821 Schultheis, Räth, vnnd Burger diser
204 1789 1033 1861 Coplichenn Statt Beren, Abermalen
200 1835 1039 1926 uff iren Eyd zu recht erkenndt, vnnd
214 1902 484 1998 gesprochenn
145 1970 1053 2076 Das man Inne dem Nachrichter beuelchen
205 2019 1048 2124 der Inne obms vffgwosnliche Richt¬
192 2082 1058 2173 hatt fuhrenn, Imme Aelda, vß sonnder
178 2131 1045 2227 Gnad unnd Barmheytzigkeytz. Wyle
229 2166 1035 2281 ie Sunden freywillig bekenndts
204 2236 1041 2341 Haupt abschlachenn, Demnach den Cop
193 2261 1048 2372 inn ein bronnent für werffen zu Bulh
198 2311 1057 2449 unnd äischen verbrönnen unnd alß
188 2377 1054 2496 Läben zum todt, nach Keyserlechen
614 2483 711 2552 1
188 2464 591 2537 eim richtenn sölle.
319 2482 1060 2623 Alls diser Michel Kräpß wyter
349 2564 1002 2662 amnmert wendenn sollen.
330 2590 1048 2730 den ein so schware kraue
373 2657 1023 2797 gfallenn, etz en deren Inn de¬
348 2701 1045 2838 Junsel Allhie gestorben, Wi
340 2758 1028 2870 Ar ben blls ein Malifitzi
341 2811 1044 2938 e son. Inn die houptgrubend
821 2916 874 2994 1.
360 2911 747 2992 grabenn
1930 -103 2055 75 90
1194 2 1785 221 pioneg koll.
1121 141 2107 329 dßder graffschafft Erlach. ist wagen
1173 201 2061 336 des dritenn beganngnen Eehbruchs mnner
1148 257 2084 410 It herren unnd oberen stetten landen.
1185 311 2046 443 vnnd gepietenn, mit dem Eyd verwisen
1170 328 2109 499 wordenn, Actan Denultima Novemb¬
1375 455 1475 540 1
1203 461 1298 551 619
1167 511 1205 554 1
1194 624 1860 762 Georg miilomi.
1140 743 2103 879 zu pflitzen by Moltzenn pürtig, Wyl
1174 795 2084 896 erein Zungestarcke person, keines hanndt¬
1151 857 2124 952 wercks könndig, ouch mit einem sytenwechte
1159 901 2052 1001 Inn disen Lannden, dem Pätel nachzogenn
1145 958 2070 1040 unnd allso sich im müßigganng erhaldten
1172 1004 2123 1085 nebenn dem ouch vonn Tretli dem vorgenam¬
1177 1051 2043 1130 setenn Jungen buben beschuldigt worden
1146 1103 2105 1182 Alls sollte er am einem Ort Im esten
1153 1151 2090 1245 holtz genannt Im Ellsaß gelegen, Anderen
1165 1203 2029 1296 bösenn buben vnnbewilligt haben. Inn
1166 1257 2124 1342 disen Taunden. Zebrönnen, vnnd andere er¬
1154 1308 2089 1395 tatenn zebegan. ist gfenngklich ynnzogen
1163 1352 2121 1448 unnd umbstendtlich befragt worden. Was
1113 1404 2043 1497 furschware Sunden er beganngen haben
1166 1460 2115 1527 mochte, Hat Aber Inneiichen wag ge¬
1141 1512 2083 1591 steundig zu wellen, das er sich weder
1168 1558 2115 1642 mit diebstälenn, nach Annderen derglichen
1115 1609 2140 1718 Vnndmereren Sunden, befleckt die Vrsuch
1169 1669 2040 1742 aber sines pätlens unnd müßiggangs
1172 1721 2127 1805 slchermaßenn vermeldet, eß habe yn vater
1175 1776 2132 1861 selig Inn zweyenn gemachten Testamenten
1169 1813 2105 1902 ennterpt. doch one Vrsach, darumb habe
1169 1857 2125 1960 ei Bruder, Alle guter zuhannden zogen vn
1151 1899 2065 2017 Inne verschaldtenn. Damit nun er sinen
1127 1948 2115 2060 Bruder rechtlich Anmlangen, Vnnd berunte
1112 1993 2048 2117 bestament, vernichtigen unnd ungültig
1157 2058 2072 2171 machenn möge, hab er mit Putlen etwi
1156 2092 2112 2221 zusamen zeleggenn vnndenstanden, vnnd
1153 2132 2096 2283 diewylermechtig argwöntsch Ist er mit
1155 2186 2045 2331 dem Eÿd verwisenn worden. dann
1157 2246 1708 2389 27 eembs 1619fl
