4000 3000
77 185 147 244 len
144 1090 213 1189 1
226 66 1080 238 Inn der Lanngeney genannt, dahin er
241 140 1088 321 verborgen, verfüllere laßtenn, ein stük
246 186 1069 341 Brungfar by 26 stabenn haldtet, wie
232 235 1072 389 zu Fryburg bleicbt wordenn unnd wyl
244 289 1074 460 das warzeichenn, so Ime der bleicker d
211 343 1078 502 halb zugstellt, verloren, werde das m
211 384 1050 526 Aelda zufinnden sen, Demne ouch ei
231 442 1063 570 tuck eynen tuch. vß welchem er zuge¬
220 491 1062 640 burgerstgemellt, vier Cronen erlössen
238 547 357 625 habe,
197 601 1071 776 Abetmaler, Jacob Bieler Im Guggisten
229 679 1064 810 habe er vß einem sinem Spycher, ein be
241 722 1058 863 gut tuchin röckli oder wullhembd, deß
232 780 1061 917 glychenn ein Par wullin hosen, soersi¬
245 828 1051 953 samen Inn ein Sack than, vnnd da einen
211 882 1059 1006 Orth Im Schwanndtenbuch genant, vor¬
235 934 1056 1045 borgenn, demne ein guth duchin Kir¬
215 979 1061 1098 tuch ein schlechten wyber gürtel und
227 1038 1067 1159 einhalb Pfundwachß, so er in hrybung
215 1093 1070 1211 Dieth vmb 7 batzen verkauft. Wiee
225 1142 787 1237 zum gällten 3 l gestolen.
202 1196 1040 1341 zu khogelsthaldtenn by Wattennwil
216 1282 1033 1398 habe er Melcher Sägistman uß sinen
221 1336 1048 1422 Spÿchereinnauwer vnnd 35 enndt
179 1387 477 1465 Frömbdet.
189 1445 1031 1569 Nit obgemeltem Näüwer habe er
215 1535 1003 1621 Stäffan Megert syn spycher geöfnet
227 1586 1063 1675 vnnd darub by 7 ellen bleickt Eymin tun
233 1634 1060 1719 darus er kragen machen laßen, ein steik
236 1682 1062 1776 rouw lyne tuch soer zu hrybung verlauht
206 1726 969 1827 Ouch ein leyb brot enndtfrömbdet.
207 1787 1030 1888 Aber Imme Megent vß einem Anderen
199 1852 1026 1930 Spycher etliche bücher veruntrüiet:
194 1894 1060 1995 unnd die der hußfrouw zum Pfisteren allen
152 1947 708 2033 hie zubehaldtenn gaben
160 2002 1063 2130 Wyter habe er zu schlier uß einem spychen
199 2086 1049 2178 Gtell wyst wullin hußtuch, deßglychen
197 2139 1029 2234 es ell bleickt, vnnd by so ellen Rouw
196 2185 1050 2271 rynentuch, ouch ein schwantz gut tuchin
188 2240 1052 2326 fürtuch enndtzuckt uß weilchem allen
193 2295 695 2389 er by 14t erl�st,
152 2338 1057 2483 zu Gasel us einem spycher endtfrie
182 2393 1066 2526 er uß einem trag e e jen gält, 3 gee
176 2484 1028 2588 unnd zwey zilige stuckh rystin unnd
173 2506 1052 2626 Nunsommen tuch, ein sack unnd ein kus
161 2583 1023 2683 Ziechenn, welches Alles er zu dryen
167 2628 1056 2744 unnderschiklichen malen gan trybung tragen
151 2709 913 2813 unnd danns über 20 l erlößt
1145 1604 1203 1694 A
1167 28 2168 269 dig neren ze
1188 107 2051 315 uß sinem spycer vil tuch veruntrüwet
1183 151 2126 355 unnd dauen uff einmal gan frybung tragen.
1207 174 2182 379 ouilermögen, uß welchem er by 13 d erlustt
1188 253 2115 441 das vbrig habe er hinder dem hus vff ein
1182 293 2139 491 Bune verstoßenn, Achte dasselb sie im wider
1189 452 1357 526 vonden
1163 454 2148 634 deßglychenn sie er zu Bunisthus by Muleren
1188 496 2170 690 Inn ein Spycherbrochenn, vnnd daruß, zo ell
1183 558 2122 735 vüllinkuch 3 stuck lynen, welches er zu
1188 614 2137 783 Fryburg einem glaser verkouft, denne auch
1209 666 2045 822 ein hembd, neben einen guten Anzahl
1186 711 2145 871 vullen vnnd flachst, darußer angfar. s
1212 813 1629 937 grlissen, enndtzukt.
1165 878 2110 1037 Zu Rümlingen habe er vß einem Spycher¬
1221 904 2154 1055 ein zilbuchsenn, ouch ein bulferfleschen, vnnd
1225 978 2140 1101 einnur hembd, Welches Alles der wirth
1211 1034 2157 1171 zu Lustorff glych by hrybung by welchem
1222 1083 2074 1199 er sich gar vil zuzogenn. hinder im hab,
1217 1139 2149 1250 deßglychenn ein zimliche Anzahl vnseumi¬
1239 1192 2175 1316 unnd Rystin tuch ein sack etwas anckens
1151 1241 2143 1371 Vnnd ein silbernen fingerring gestolen, Vß
1204 1302 2010 1417 welchem allei er by 6 t erläßten
1192 1397 2196 1516 Im Buggispärg habe er Jacb Byelers bruder
1228 1476 2117 1547 vß sinem soycher. 25 is bathenn, demne
1229 1510 2132 1592 ein Alhtlechtenmantel, ein Rothwullin
1211 1557 2209 1652 par hosenn, dauon er gefanngne die strump
1238 1609 2204 1695 noch Annhat, ein blauwtuchin wullhembd
1235 1662 2175 1746 mit sammet bsetzt, welchen zügen zusa-
1233 1716 2142 1787 gnen Inn ein Sackgstoßenn, vnnd Inn ein
1198 1763 2178 1865 Graben, Vnnder der Balm genant, zwuschen
1216 1822 2206 1905 zwey dännli verborgenn, eundtfrömbdet
1204 1893 2117 2005 zu Vhogelshaldtenn sie er Inn Danel
1202 1977 2188 2065 Krapsenn Spycher brochen. Vnnd habe da¬
1223 2040 2221 2118 vns einhalb pfund Ancken, ein Nasenlumpt
1226 2082 2135 2177 vnnd vß einem daselbst stehenden Imben
1244 2132 2186 2255 torb ein halbe hönig Wappen, gestolen,
1187 2206 2203 2368 Glych nach disem, habe er vß Anan Nuß¬
1216 2291 2121 2415 Bonus Spycher zu Counstorf ein teyb
1226 2338 1667 2445 bret. denn er gesan.
1213 2403 2225 2547 deßglychenn uß Spanns seycher Rystin weich
1240 2486 2129 2618 soml ermögenn uff das mos tragen.
1230 2524 2212 2663 gestolenn unnd uß 30 lb, so er zur Elin inn
1231 2591 2200 2738 Fryburgpieth verkouft by 3 r. erlößt
