4000 3000
204 95 986 263 weßen er Plantin sich füner zuuerhalten
230 164 1023 328 hbendt sy doch kein bscheiderlangen mögen
225 195 1033 387 Vnnd diswyl er gementmaßet, myn ggen
226 268 1018 425 werdendt Imme gnad gewißen, vnnd dar
207 319 1011 494 Land widrumb geöfnet haben haben sich
222 386 1044 562 daryn gelaßen, vnnd sye vntzitt jetz deßhalb
232 451 1025 606 neinal zu red gstyßen worden, Vnnd soen
226 526 1032 675 wie er woll er ehesmen möge hierin serfin
234 574 1009 727 bätte er umb gnad und verzychung e
213 642 1034 785 Sonsten hab er sich sidther so verhalten, das
238 703 1022 858 gnes verhoffenn, inensandts nützit vnge¬
215 763 878 910 burlichs von im zügen werde
291 868 1024 998 Diser plantin ist wägenn begangnen
303 942 1025 1050 Memeydts ouch mes vnabläßigen
329 993 1047 1090 Trölenns, Vntzat vff gnad. Inn des
352 1037 1037 1131 Schallenwanck erkenndt worden
290 1346 1032 1521 Joseph Kröüchin.
244 1570 1026 1670 einnach gegennwurtiger Josetz
209 1651 1032 1721 Krönchin, zu Hinndelbanckpurtig, um
230 1695 1002 1781 ein zytt dahär, deß abschüihlichen
224 1752 1021 1813 truwlichenn, Inn Gottes des herren
203 1790 1038 1882 heyligenn Worth, hochuerpotnen Caste
222 1848 1017 1932 der Sodomy, beschruwenn. näben den
222 1897 1029 1983 auch anclagt wordenn, alls solteer
239 1934 1039 2026 rönirt habenn, sinem lyplichen vot
916 1990 1047 2057 Darmub
245 2002 762 2084 in hus Zeuerbeonnen,
212 2052 999 2140 er, sonnderlich Aber. Wyl man Inn
185 2068 1035 2187 Wenig vor siner gfaungenschafft, wide
182 2120 1024 2242 Alles verhofend, zum Hannsen güttis
176 2176 1035 2297 kochers stall ganntz verdächtig funde,
199 2228 1015 2348 ggenngklich yünzogen unnd über d
181 2284 1005 2381 sein vnnd Annder, Vermög des Allhe
200 2317 1013 2444 geschicktenn brichtschrybens, zum Well
200 2367 1018 2488 ein gwüße wybsperson züget. Das
198 2439 1017 2533 inme Kröüchin inn einem höltzlin
178 2473 1014 2574 Erlin genannt, mit seiner pfardten
187 2506 1012 2615 vor Christlichenn drei gemelden unch
169 2565 1025 2674 liche wärcks mit großem irem schräff
193 2614 985 2728 leyder verbringenn sachen, Unnderschi
2073 17 2142 84 112
1213 36 2104 225 n bepammert unnd erfragt worden
1175 94 2125 277 der hat volgennts, iunsonderheyds letstlich,
1169 147 2113 313 allsman im die jänigen personen, die inne
1172 198 2114 351 vogwöniger wyb funden unnder augen ge
1318 239 2102 347 uff mitwuchenn denn 10. feb
1143 279 2144 453 rnarii diß 16h jarb zun bysyn der frommen
1163 316 1280 395 sellt
1172 324 2118 492 feönenung, fursichtigen, Ersammen Wyses
1168 376 2130 525 herren, Hanns Rudolff Horns des kleynen
1413 442 2113 522 uiwentz dicken, der Burgeren
1305 491 1368 563 1
1161 497 1293 573 Raths
1167 486 2066 624 Nilens Berchers, Großweybels vnnd
1179 541 2055 662 etlicher weyblen miner G Herren vnnd
1155 585 2081 720 Ihberen dieneren, zu Marzili bekenndt
1458 646 2133 736 das ouch mit der marter
1163 672 1450 764 unnd verzächen.
1181 700 1723 799 erhaldtenn unnd bestättigt.
1162 769 2123 894 deßerstenn er sie zwar gesteundig, das er die
1154 851 2105 939 vorannzognen Freüir worth Zorniger unbe-
1406 904 2116 989 Wyler vonn sinen Bru¬
1147 917 1393 1001 dochterwys.
1138 954 2033 1046 derenn, sonnderlich dem Jungsten, mechtig
1145 1007 2090 1097 ghaßet unnd veruolget wordenn, ußgoßen
1139 1062 2072 1135 vnnd gredt, er habe Aber niemalen Im Sin
1149 1111 2034 1203 ghan, dieselbenn Inn volg gestellen, oder
1135 1165 1446 1246 Zeuerbringenn.
1130 1251 2078 1346 deßglychenn hat er ouch bekenndt, er habe sich
1143 1338 2067 1400 leyder Göttlichenn Naturlichen ouch wäldt¬
1133 1365 2097 1461 lichenn gesatzen, vnnd Allso Allen geoffenba¬
1127 1416 2098 1512 reten rachtenn unnd ordnungen inn allwag
1156 1457 2098 1550 nweder mit gnnt vor Christlichenn Oren ze¬
1141 1500 2056 1598 mälden, zum dritenmal, erstlich bungfar
1140 1553 2062 1640 vor dryenn Jaren, item vor zweyen vnnd
1091 1587 2067 1694 Letstlich wenig vor siner gfaungenschafft
1145 1640 2056 1752 nchristlicher Casterlicher wys schwarlich
1115 1691 1707 1796 Verganngen vnnd vertiefft,
1127 1734 1666 1816 mit vnnderschidlichen Lieren.
1120 1779 2036 1899 uff sölliche des gedachtenn Joseph Kröüchins
1123 1853 2079 1966 hoche schware Abschüchliche zum Gottes worth
1118 1891 2096 2004 hochnerpotne gußhanndlungen, habent hoch¬
1099 1949 2103 2060 genannt nin g herren unnd Oberen schultz
1105 1991 2092 2113 heis Räth vnnd Burger, diser Coplichen Statt
1082 2027 2054 2167 Barmn uff iren eyd zu recht erkenndt und
1110 2074 1350 2167 gesprochenn,
1100 2133 2089 2299 Das man Inne dem Nachrichter beuelchen, dar
1103 2199 2030 2363 Seme obenus vff gwonnliche Richtstatt
1112 2263 1999 2389 fehrenn, Imne daselbsten vß Gnad vnnd
1100 2291 2090 2463 Barenhertzigkeydt ouch von siner jugent wegen
1120 2338 2081 2499 S haupt abschlachenn, damnach den Cörpel
1111 2398 2044 2584 im einbrönnent fürwarfen zu bulfer
1106 2445 2061 2619 vnnd äschen verbrönnen, vnnd Allso vom Läben
1105 2528 1224 2638 solle
1109 2479 2052 2681 Zumtodt nach Keyserlichem rechten richten
1211 2587 1295 2650 1.
1197 2653 2083 2840 Dise Urtheyl ward uff sambstag den
1265 2746 2036 2897 ig eeb an jmme Krönchi er
1518 2830 1849 2935 stattet,
