4000 3000
31 976 190 1092 engie
250 51 992 308 unnn
246 154 962 354 hr landtvogt zu Wiblisfurg
251 221 948 393 gwüßen vrsochen wegen, vnf Inne
250 285 947 461 lushen zuzuehen laßen wellen, vnd
952 360 1007 438 dhn
241 360 1010 576 flüchtigen fuß gesetzt, in derse
249 438 974 610 synen flucht iu Fryburg g
230 530 949 653 an einene gwießen ortz, gredt
241 573 897 682 als er widerumb hefm gugandt wer
253 595 816 688 Inegeere vnd aber
235 651 983 760 der gnedige herren vnd Ofern habe, er
225 680 584 747 wortt dg
595 700 1017 821 Vnndrrthwenenhabn
250 716 1020 854 geantworden, daraf eo behnete
236 752 1007 896 vad sy diener nebles frrge habe
235 780 932 890 der Teeffell neme solche En vnds
225 829 1001 979 einenAuffell andt vogs
201 894 979 1049 Hat er hieruber anzeigt, sye nit
222 999 1004 1122 weniger, den das er die obgemelten woe
210 1026 982 1173 In einem widermmb, vnd vnbsundte
201 1103 1009 1259 ußgoßen habe, sye abr nit znsynen
199 1171 1005 1311 verstandt nochwillen gsen wider
214 1235 1004 1374 gnädige Oberkeit alhie, sonderalle
212 1327 1004 1434 wider den Herren Andtvogt
218 1396 1002 1500 wyl derselbige vff Iune stallen laß
216 1460 952 1570 vnd gfencklichen Inzuchet wollen,
207 1536 989 1647 Es geüt ime aber die ußgoßnen
208 1615 985 1697 wortt von gründt synes hertzens
198 1672 977 1785 ledt, und bittet ud gl gantz
206 1747 990 1853 demürtig umb gnad und verzychung
177 1852 993 1968 uff 30 maii 1621 ist der von mg
183 1927 986 2031 den schäten erkent worden, das diser desybes
184 1985 1015 2099 gan Wiblispurg zu de kilchen für einda
190 2048 1021 2166 solle gestelt werden und daselbst einen offent
199 2115 1008 2215 lichen widerruff thun, der durch inne ußges
190 2182 992 2298 nen reden halber, hieneben ein vf Pe
225 2235 1002 2380 Vrsphed vff Inne schweren, das er dazs labe
194 2300 982 2445 von solcher syner schahdtlichen ußgoßne
177 2355 980 2493 reden wol verwürckt habe, ab imme vo
181 2428 986 2562 einer gnedigen oberkeit uß gnod
167 2488 1001 2636 wider gescheickt und daby sich erkennen, das
169 2541 1007 2687 wo er Im mußen etwas wygerbas
168 2606 958 2770 thätiges handlen werde, man alde
156 2685 937 2836 Ime recht möge. Ist Ime hi
161 2741 939 2883 500 l zur traff ufferlegt ehr
158 2806 938 2971 wehrloß erkent und das er allen es
910 2854 1005 2938 gebste
378 2916 519 2979 solle.
915 2914 975 2987 al
738 2918 870 2994 begang
1866 -9 1962 69 148
1118 44 1850 286 is sligs d
1145 145 1970 371 beßler zu Buren laufft worden.
1060 269 1983 465 uff schryttag den 25. maii diß 16 21 jars
1077 355 1918 551 Ist zu geggnwuettigkeit auch anhören
1076 390 1987 606 aß fromen (fürnemen fürsichtig
1078 496 1954 664 Esamen vnd Wysen Herren Mariuart
1083 558 1965 746 schonders deß Kleinen Rhats, Gottfrud
1075 638 1947 785 felsen der Burgern Nielans Brochers
1070 723 1899 850 Großweibels, samptlichen Meiblen,
1072 766 1910 906 in g. h. vnd Oberen dieneren, Ist
1673 851 1732 891 4
1073 833 1953 985 Hanns schlegell der Keßler zu Buren
1081 900 1989 1049 geboren und taufft worden, deß h hompt
1075 972 1984 1100 man von Grafenriedts im letstvere
1068 1037 1984 1190 schumen Bundtnerischen zu zug, geweß
1074 1093 1950 1221 ner Halbardierer und Margetantes
1078 1196 1963 1309 wegen synes schandtlichen vnd niemeid
1073 1223 2004 1377 ußryßens von dem feulmen, wie auch
1084 1332 1940 1419 das er anclagt worden, als solte er und
1081 1396 1937 1507 andere synes glychen, vil der jungen
1077 1465 1990 1572 und unerfarnen soltaten uffgewiklet
1063 1539 1954 1649 und dieselbigen mit imme uß umveldt
1067 1602 1927 1706 gezüchen vermant haben und das er
1067 1668 1935 1779 synes h. Houptmans (. Henrich nach
1067 1738 1888 1857 dem treffen vor chyran das femnl
1084 1791 1969 1917 solte abgenorderet haben, zu Martil
1087 1879 1917 1984 mit und ohne Marter uber das ein
1085 1944 1688 2040 und ander exammiert worden
1063 2004 2009 2145 Der hat nun bekeert und verssächen, wie das
1087 2085 1909 2203 er, den ordenlichen Eidt Zum Femnd
1080 2142 2016 2280 und der ordmantz zu Lentzburg, glych
1089 2219 1924 2360 wie andere Soldaten geschworen habe
1077 2271 1951 2432 stn gu Treffen vor Migran gsen und
1080 2338 1925 2472 sich daseebst so wyn müglich wider den
1057 2410 2000 2542 kindt gewert, also das ime endtlichen syn
1081 2468 2010 2620 gulbarten in den hendt zerschoßen worden
1067 2521 1965 2678 vnd dewyl er kein vberwehr mehr ge¬
1071 2584 2059 2737 hept, habe er ein mußgneten hernach über
1072 2637 1945 2816 kommen, vnd sach mit derselben, bis zu
1075 2704 1775 2858 let deß scharmutzes gewert
1033 2740 1967 2954 se debegriffen, der lidtbig vffgnadt fird
1047 2849 1182 2932 alle
1038 2796 1770 2988 d zil geben worden den 24. maiii 11
1039 2897 1171 2952 7
1172 2897 1395 2988 ih endin
