4000 3000
280 61 1038 296 anns uche
550 178 846 267 alligen
235 302 1006 442 Demnach Hanns Bucher zu Vltinger
211 366 999 481 hürttig wegen vordt in jaren begangner
199 417 991 528 diebstälen, sonderlich wyl er uff einer ehrenden
204 467 998 584 gsellschafft zum affen alhie einem schlaffende
212 532 996 626 Landtman, vß sinem Eemel Zachen kronen
204 576 1005 703 geschritten, gfengklich gezogen, an die mant
212 629 994 748 geschlagen, vnnd zu vnderschidenlichen malen
213 675 963 778 Deßhalb exammiert worden, hatt er
201 724 954 832 Bicher vff Montag, den 29. Aprilis
190 790 956 901 Anno 1611 volgende diesstäl bekendt
182 891 1008 1027 Namlichen deßersten, haber zu Chuneinn
200 993 1009 1084 Landtman von Cspligen, oder Brentzigkffen
222 1048 1018 1151 zweymas Saltz, vß der Schmitten endtfrombtt
286 1099 348 1138 1
218 1113 1013 1208 die syent dem Jenigen aber, nach einem gemachn¬
213 1160 813 1247 Sonuch widrumb ersetzt worden,
167 1270 1005 1361 Denne habe er dem Petter Müller zu Vtingen
230 1328 981 1412 ein Schaff genomen, vnnd dem Metzger zu
206 1375 981 1481 Chun vmbein kronen verkaufft, wie es
219 1430 1004 1526 aber offenbar worden, Eas der Metzger das
213 1493 985 1577 Schaff dem Zeingen halt, vnnder also nichts
215 1561 602 1638 daruon empfangen
212 1665 1020 1765 Item Jacob Engelloch zu Uliitz synem vettern
213 1722 1014 1824 dir Imetzwas ze thun gsin. Zwey Schaffendt¬
194 1777 1012 1871 frömbdet vnnd dem wirtt zu Loffen, vmbein
189 1849 558 1940 kronen verkaufft,
210 1936 1015 2054 Denne zu Belle einem Landtman tags ein ka¬
215 2008 1005 2108 endtragen vnnd denselbigen einer frouwen ob
214 2048 1003 2161 dem Baren graben umb drupf und verkaufft
195 2131 1026 2277 Verschines Herpsts synem Vergeren Michel Bürste
209 2206 1003 2323 von Vtttingen sein halben mitd gersten al
197 2278 1002 2376 dem wagen gnomen gan Chun getragenn
202 2315 998 2445 vnndein jedes mäß umb vier oder funff
198 2379 966 2485 batzen, einem Grempler verkunfft
186 2460 1022 2611 Item zurselbigen zylt gedachtem synem
199 2509 1020 2651 Vetheren Engelloch, einschlachten dägen m
204 2567 1002 2720 tragen vnnd mit dem Mäserschmid zu G
191 2655 955 2791 gegen einem anderen vertsischett,
2005 15 2095 74 113
1137 58 2017 282 Ien gdachtem pelther wüsler ein faderblicht
1166 93 2028 325 gragen, weliches er zu Bellen, dem wure
1130 168 1987 376 umb dm pfund verkoufft, das kuzi aber
1149 229 2070 411 i den gelngen vmlhee worden, wnd haben
1131 283 1972 476 denwirtt versprochen, die drüpfend zu
1144 363 1415 516 etitieons
1113 434 2055 606 Danolhin habe er dem wirt zu Thoffen Bucher
1095 496 2011 674 Hnampt vor etwas sylds ein schlächte silberns
1133 544 2055 718 hoherli endtzuckt vnnd dem Gholdtschmid by den
1129 600 2051 772 esiffenthen vmb zwo kronen kufflich hingeben
1122 662 2046 821 we das khundtbar worden, habe er dem wirt
1128 734 2049 887 diezwo kronen zalen mußen, vnnd hab Imme der
1132 790 2067 940 wirttomc ein wehr unnd hunck darfür behalten
1129 914 2061 1050 Virne vnlangest vor syner gfangenschafft, einem
1121 980 2038 1107 landtman zu Waberen uß syner steben siben
1129 1041 2010 1162 ellen brum hußtuch ein vergeltt hettzeichen
1133 1081 2027 1210 abeinem hutt vnnd drybatzen vß einem hosen
1130 1156 2036 1280 sock gestollen, das duch haber dem Kaß fridl
1124 1225 2063 1336 der Ime zwen batzen, daruff gelegen. hinder¬
1135 1298 2003 1395 legt das gnttzeichen, vnnd geltt hab er be¬
1139 1383 1266 1435 allten
1124 1450 2050 1555 dun Schutzen alhie einem handtwerckh gsellen,
1130 1519 1988 1617 Posyn Seckel, vff dem dischliggen lassen, ein
1117 1571 1442 1649 dieken entzuckt
1122 1671 2014 1773 Item zum Schiffluthen einem Landtman vn¬
1117 1733 2001 1832 gegr by anderthalben kronen uß dem seckell
1120 1804 1962 1885 gtstollen, hab sich aber mit dem Buren setzenn
1118 1838 1989 1961 vnnd Ime dey dicken darfur geben musen
1095 1951 1998 2104 Denne habe er Vlli Ruffenen, alls er woll be¬
1115 2035 1910 2168 wynet gsenem schechten dagen entzuckt,
1090 2118 2019 2281 Mehr zweyen Landtmanen, vnder zweyen malen
1098 2187 1986 2335 Freyschlechte wehr gestollen, das ein zu Chun
1104 2258 1918 2418 die anderen beide einem Mäßerschmid alle
1102 2305 1285 2403 verhaufft,
1096 2386 1965 2544 Item einem buren zu Brientz zwey par
1109 2454 2010 2632 Aire Schu, mit sambt einem Hemli, welches
1105 2529 2003 2694 weinem knecht zu haßli umb sechsbatzen
1102 2566 1678 2722 gesoufft endtzecktc.
