4000 3000
260 61 1019 339 Augestieweng
232 161 1012 368 für ein hallerwerth veruntrüwet habe.
192 215 1006 429 Deß unehrleichen kindts sye er gestendig
254 299 1016 492 vt d e en en
253 355 1034 561 gnedige verzychung vnd liberation
276 414 964 608 kh dabÿ aller beserlūung an.
255 518 1017 719 Diser ist vff eun gute cenp
264 613 798 775 liveriert worden.
276 1132 1018 1289 Fean Bex von Corselle
133 1241 1015 1394 Als den Fean Bero von Corselles
258 1339 1021 1448 hieuor 4. jaren wegen begaugnen dieben
246 1418 1009 1523 stals wegen er einem ein Roß ent¬
264 1472 1005 1581 füert zu abstraffung deselbenz
239 1541 1015 1643 dem Schollenwerck gesug, nebent den
258 1603 1015 1692 er auch von syner ehefromen eines
267 1668 1007 1777 hebruchs angeclagt worden Ist
261 1738 1014 1829 er ouch gestendig zyn mueßer,
211 1793 1001 1904 dannenhar sy auch ehrlicher bau
940 1844 1027 1932 idigt
229 1852 939 1966 Verman der Satzung sndt ges
212 1928 1015 2024 vnd einer Zedt pty einen ordenlich
232 1977 984 2100 scheidtbe zubestelt worden) zu
236 2073 1008 2167 wellichem Ime als der Fhälbaren
226 2114 1021 2244 pson vermog der satzung auch uff
238 2194 989 2315 gebundt worden das er sach vor
218 2237 1009 2384 Jaren ouch ohne erlapptnus sube
219 2336 970 2455 ersammen horgrichts alhie nit
239 2398 981 2516 widerumb ehrlich versprechen solle
216 2434 1031 2597 Wellichem allem er ab mit dergstalten
226 2523 1023 2662 gehorsammet, den das er sich vor bestimft
213 2599 978 2722 zytt und ohne erlauftnus mit
209 2664 989 2786 Madelena Donand von Murte s
231 2740 951 2866 iich versprochen, vnd daruff den
813 2803 966 2921 byschleff
1883 24 1987 110 129
1100 52 1943 249 sichlaff mit ihra verbracht. Hienebe
1114 119 1956 275 ich einen sollichen Falth vnd list
1101 172 1973 342 mit dem scheidtbeg verfelt, damit
1108 275 1980 405 an denen endt solda er syn ver¬
1104 312 1985 490 prohne zu Kilchen thueren könne
1095 386 1939 532 welen, vornebt, das er ist gang
1089 450 1916 601 vnd einen gwußen Schryber zu
1088 541 2016 682 Somprerre Fryburgerbiets an
1100 599 2002 754 geantet er sölle imme den scheidtbe
1099 676 1972 787 widerumb von wortt zu worte
1105 735 1976 848 obschryben, allein solle er anstatt
1095 799 1927 935 zuverlybten wart zils der i
1043 869 2013 999 sgaren nur ein gar wartizil geschryben.
1076 939 2009 1052 darby auch m. 93 h. der ehrechtern
1099 1026 1974 1132 ihren Seeret Insigel ab der alten,
1093 1085 1964 1199 vnd vff den suuwen verfeltschten bl.
1097 1153 1932 1275 gethan. Desfeeg vnd nach
1093 1231 1969 1338 dem söllicher vernebter Faltsch
1101 1300 2019 1400 vnd list, in h den Chorrichteren fur¬
1102 1362 2019 1481 kommen, sindt sy verma tragenden ampt
1094 1443 1960 1554 verursachet worden, beide versonen
1118 1511 2025 1591 als den gefangnen vnd zn ver¬
1103 1572 2018 1670 sprochne Zubeschicken, vnd y bei
1118 1649 1962 1761 dersyths, wyl Ire versprechung
1100 1714 1960 1823 der satzung gstraffs ziid
1130 1786 2002 1870 helicher bandt widerumb von ein¬
1133 1829 1966 1941 anderen zeschangen. Darneben
1130 1916 2038 2029 aber auch N. 9 durch einen Furtrag
1130 1974 2006 2105 zuuerstendig, deß faltsches den
1121 2042 2025 2161 er mit dem Scheidtb gebrucht
1128 2101 1989 2230 Vff welliches V. g nothwendig
1127 2179 1924 2306 befundt, das er vß der vnderen
1124 2252 1987 2384 ffangenschafft, dem Chorhaß zu die
1127 2320 1984 2448 Obere gefüert und daselbst vber
1124 2376 2007 2525 ynes verüebten Zaltsch mit ernst
1112 2464 2032 2599 bssen worden examiiert werde.
1081 2505 1962 2676 das den vff 19. Matii 1622.
1133 2619 2047 2756 durch den Ehrevesten Fro. Fur
1135 2660 1956 2849 Esamen Wyen ß Fruntz
1128 2733 1713 2871 Buder, deß Kleinen
1769 2814 1804 2894 he
