4000 3000
236 25 1052 276 Critosses Solat e
294 139 1039 339 senmeisters sohn v Schaffhusen un
254 197 1041 418 Gebe Wäger eines scha
273 320 1002 496 richters Sohn von Rufoch vß¬
568 389 731 504 Elsaß
238 407 979 603 Demnach verschinnertagen H. Hans
258 537 1014 677 Frantz v Wottenwyl, zwei Woste
282 606 1019 751 meister als der ein heißt Cristoffell
271 667 1013 815 Schlutz, eines Mastenmeisters Sohn so
260 733 1030 907 Schaffhusen und Heinrörg Näyer, dß
275 821 1030 952 abzestorbnen scharpfrichters sohn von
257 879 1040 1058 Rufach zur Elsaß mit einem schyln
266 955 1024 1098 von Blumenstein (deßem Chreniger
267 1046 1004 1161 . Nottenwyl verwalter ist alhe
262 1113 1030 1249 gefengeklichen alhar schicken laßen, zu
243 1200 1000 1300 Wellichemschryben sy angeclagt werden.
268 1271 1046 1381 als das sy mit und nebent einer wyb
254 1339 1020 1430 person, de deß einen frouw zn soll
262 1394 1041 1504 by den masenmeistern zu Schwartzen
257 1494 1023 1573 burg und Wotzenwyl mit gwalt
261 1552 1012 1641 umb Herberg und nachtläger
260 1620 1025 1718 angehalten und iner darneben solle
257 1687 1023 1797 getröüwt haben, das sy gwalt und
247 1762 1020 1872 benelch vom m Hansen den scharff
248 1834 1046 1954 richter alhie, das dieteyl sy beide Mi¬
242 1911 1024 2039 sennmeistere zu Schwartzenburg vnd
243 1993 1034 2105 Wattenwyl nit vom gschlecht deglyh
234 2067 1025 2199 personen syent und sy sich mit ir
246 2124 1028 2269 den gelaugnen von deß handtwerch
232 2199 1023 2358 wegen nit setznit und zwnger
231 2272 1019 2436 begeren noch ein zehrpf gebeit
230 2369 1018 2514 gefangne von m Hansen alhie grot
219 2440 1002 2577 und benelch hab nit, sy eintweders
220 2525 916 2663 lam oder gar zu todt geschlahen
216 2538 1000 2734 uff wellichen überschickten bricht nd gs nit
211 2639 1013 2813 fürkomen, wyl sy beide verdächtige pr
945 2758 1029 2833 anh
217 2684 1018 2919 sonen, den sy beude gefangne über ahe
1984 18 2064 83 155
1184 50 2063 206 anlag und anderen verdacht nothwendig.
1178 134 2051 274 slich exammieren zulaßen, das ist nun
1081 200 1993 350 itoff Jogtag den 13. julii diß 162
1079 272 2050 417 hi Jars uß v. aß bemelch durch de E
1170 330 2067 470 herren züghl Amans deß kleinen khats
1168 413 2030 547 I Hans Ulrich von Bonsterens dr
1166 483 2046 595 burgeren Uelaus Brochers Groß¬
1176 552 2082 671 weibels, sampt etlicher meiblen in gerih
1153 630 2066 750 und oberen dieneren zu Marzeli mit
1152 704 2013 827 und ohne marter gegen inen erstaget
1152 816 1255 883 worn.
1167 855 2003 979 Eie handt und nit absyn können, den das
1164 943 1958 1036 vsan bemelten Zweien Örgen zu
1142 1008 2043 1097 Schwartzenburg, vnd Wottenwyl, by
1152 1070 2054 1189 ires glychen handtwerchß gnoßen herber
1146 1156 2057 1251 genommen und deß mr Hansen alhie name
1148 1232 1971 1345 faltschlich gegen denselben gebrucht,
1139 1285 2083 1417 habent ob gar kein bemelch von gesagten
1144 1381 2059 1469 M alhie gehept, dan sy memalen by
1139 1436 2080 1540 inne gsin noch mit inne geredt habeit.
1131 1505 2058 1611 das sy abr dem einer oder anderen derglychen
1138 1577 1995 1671 getrauet, hab werde sich meiner mehr
1076 1620 2045 1738 uuch erfinden, woll nit auch deßelben in keinen
1133 1715 2013 1847 wag nit gestendig syn. Das sy ab
1134 1778 2072 1898 deß M Hansen alhie Namen gebrucht, vnd
1137 1868 2060 1953 das die bewußten beide Wasenmeistere
1156 1934 2059 2064 sich mit inen sezen sollint, sye uß
1135 1985 2005 2125 der ursach beschehen, das nach dem sy gan
1140 2078 2097 2212 schwarzenburg kauen, vnd die Landt¬
1135 2159 2070 2288 lut vmb einen Zehrpf zugesprochen
1143 2240 2091 2373 und znm vermeldet, was standts sy syed
1138 2286 2098 2446 habnit inen gefangnen, dieserbigen an
1151 2368 2089 2544 gezeigt. Wie das sy einem mastenmeister
1156 2432 2098 2628 darbey zu kandt, der aber mit deß gschlechts
1147 2527 2053 2713 nach harkommens sye, sonder sölliches uß
1147 2586 2100 2758 gutem willen und für sich selbs für¬
1153 2649 2092 2852 genomen habe, derselbige syt aber der¬
1156 2711 2013 2919 gstalten in synem verrichten unsuberlich
