4000 3000
182 77 1005 203 men und gedachter siner abgeschenn
211 133 1000 247 befroüwen ehelicher pflicht und
185 167 1000 297 byeronung gegen der alleme
173 202 983 320 moeg nitzer angenpfnemen
195 235 1014 352 inders mit einer landehren wy
181 266 985 389 prahen (aberwyters ne iu vn
174 313 999 427 bischheit geläbt und er frage ea
176 335 1012 456 mite darnach, wolle es wol einen
179 367 1019 489 frisinden helbs sagen und aebstune
172 466 355 530 Börffen
206 432 994 573 eine habe erstis wider Gott den
182 497 1011 638 berren und sichn heillig worten und
186 545 998 655 mit wortten sowybe vergriffen.
163 572 1009 700 das er zu einem bill mit absug
168 611 998 735 licher und erschrochenlicher etir
928 653 1021 715 sf
326 644 901 743 iner speelen sich so wyl
158 682 1017 812 erer, das es getagt, ehe frsich ee
149 713 304 770 a
206 722 1003 839 ier frouwpen wolle annemen
210 758 1029 888 hesoll sunt der tüffel darun
180 793 1027 922 und samptlich gott der Herr Schüe
189 831 1030 951 wölle nemen und ginfürem
184 865 960 993 In das fegfür ußdein fegfir
204 902 1013 1040 jun die varhell und dos dahinen
206 945 1012 1043 un die ußberste shell daruden ein
205 983 1017 1098 blang behalten, so manhe beißag
189 1023 1015 1134 kanvon Walt deß rißsoodens sp
198 1065 989 1189 unnd die am herdssollendt de
186 1109 994 1214 galten zu söllcem flissch aber hab
181 1144 1023 1264 hingeweßen ehewybwegen syhn
198 1178 1025 1287 eines glychen gegen zu versschiee
191 1228 949 1327 undhme deingut tant
169 1273 710 1368 wöllne vernrsaehet
184 1323 1029 1465 Itnn so hatt er ouch anred fur mich
201 1390 1006 1493 das gindan gesetzt vilfalltiger
218 1433 1023 1529 onderbarer und auch Torgrichtlin
213 1472 1038 1559 an inne abgangener Erinaiun
220 1509 1026 1594 söllche sin groffse eychtfertig keit
211 1553 1030 1636 und gottloogheit zu einer soträten
205 1589 1026 1679 Jas, ey Ime anderen eiigen wit
226 1636 1032 1700 ewürckt, dann das er die an imme
179 1678 997 1748 under ougem gestelte kundtschafft
181 1709 1026 1787 wegen smer paberen unß offentlic
185 1757 1023 1835 beschuldigung derselbigen allein zu
200 1795 1010 1870 ein gelächtet ggedogen und die sach
175 1832 1030 1910 über alles abmanet gering geofchtet
170 1881 605 1943 unnd vermitiget
191 1918 1010 2021 hund dannetem habe gr pss den
156 1982 996 2069 Danlass das einer ihm tryenn
828 2032 1029 2084 saltenla
155 2033 814 2105 geiicht sye, den man Friz
200 2066 1020 2147 nampst und zaige das sacram
164 2109 1027 2183 est heilligen couffs und die begehr
155 2157 999 2224 desselbigen dergstalt enthwilliget
155 2198 1032 2265 das er syn kindt, wellches er bey vor
162 2239 1002 2316 anzagner siner abgescheideng
149 2275 1027 2361 ehefrouwen Wagdalena clauk
748 2314 1023 2392 Predican
144 2329 721 2398 iertilet über des s
178 2381 1012 2442 dantzen wehren vnd abmanen
164 2402 1005 2477 ontach die Kouff Gotten by dem
154 2429 1024 2512 zouffstein mit aem namenheit
152 2493 1024 2570 solten voll wambsen und zeiten
143 2535 1024 2612 gelaßen bnölchen und solches mi
145 2583 670 2657 largen efgädige.
2064 16 2145 80 12
1256 51 2134 179 isdere sine begangene fäler aber
1258 124 2127 210 alls die mahrer thells im einem
1182 163 2131 265 trunck und unbesute, ach dahar
1158 202 2166 326 beschechen, das er gemelte Clauserin
1123 246 2022 362 widermen willen Zumirtyt
1161 286 2126 402 gabenmüßen, syendt ime vom
1174 316 2044 450 grundtsings gertzens leid, bätte
1164 359 2128 493 gezwegen beuorderst Gott den Ale¬
1171 389 2169 532 anechtig, demnach ir hoche gberkeit
1176 439 2133 550 vnd mncklichen des ey geergr¬
1159 476 2164 609 umb gnädige verzyegung wölle sich
1171 525 2177 634 aush mie gottes gilff iun das kinffft
1179 554 2101 676 also verhalten, das dergeychen mit
1180 597 2119 708 mfehr von ime müßse gespürtt
1171 645 1706 742 noch gehört werden.
1170 674 2165 824 las uann gemelts Hans Röbels obstegend
1171 741 2128 855 bekandtnuß uff montag an 2. junii
1185 782 2128 899 36e hürtnun ger z zu geseßenem
1174 810 2155 932 raht kömen, ward domollen erkennt
1168 858 2140 957 das er von söllcher siner gottelige und
1158 899 2018 1003 bychtfertigkeit wegen voreine
1171 902 2178 1038 Christenlihen gezuemtt im Rrouchthal
1168 967 2053 1085 denselben sinen fäler offentlichen
1177 976 2179 1106 erkennen und eekemn, alda auord
1180 1050 2110 1148 erst Gott den Herren Demmach aber
1187 1075 2161 1178 auch ein g hoche garkeit und menek
1182 1135 2074 1216 lichen den er geergeret, vmb gnad
1175 1167 2070 1259 vnnd verzyegung bitten sich auh
1174 1205 2056 1286 mintirogii tranoblich, unnd
1172 1251 2114 1328 Gotttelig Beuerhalten vsprechenn
1184 1290 2095 1366 Volgeeds abge widerumg alhas in
1190 1323 2038 1399 die shattgegürt an das gemeinne
1172 1371 2063 1437 Schallen weeck, retzie vffminer
1183 1405 2052 1478 g. s gnad angefeßlet werdenn
1162 1448 2072 1514 und zmüberign der hinethalb mit
1159 1489 2148 1554 der gefangetchafft un sinstem
1167 1529 2031 1612 ufffangenen ersten abtragn solle.
1504 1687 2085 1782 rechts gosrifften
1543 1748 2088 1817 merirmun
1087 1730 1520 1837 bdan
1564 1787 2088 1856 Schnedgeists und raht
1184 1796 1528 1856 tagen nun ge
1162 1817 2124 1891 loblicher statt gern von eren dieneren
1176 1862 2157 1927 minen Herren den Eherichteren da selbsten
1185 1901 2109 1973 mit sonderem Sapsserstein beduren, vnd
1183 1941 2062 2003 mißfallen vernemen müßen, was
1184 1970 2033 2040 vigtbürlicher gshalten und magenn
1173 2003 2163 2072 gegenwürtiger Hanns Götell pürtig vom
1179 2056 2098 2110 Hettiswyl verschiner zytten sich dem
1177 2084 2086 2159 heitteren klareit, vnnd Vnfalharenn
1096 2116 2163 2192 wort gottes dusch allenweltlichen Christen
1155 2166 2143 2227 lichen guten ordtnung und satzingen
1183 2198 2102 2262 geshrackt zn wider zu nachgemelten
1169 2243 2080 2317 sthucken erzeigt unnd verhalten
1169 2282 2164 2349 Inn dem er namlichen grad deß tagt als
1171 2314 2109 2384 er sich mit Madlena Clausserin smer
1166 2357 2110 2424 Ime domnalen Vermeihleten gestotris
1171 2384 2107 2459 hetzmalen aber abgeschehdwete Ehn¬
1150 2422 2090 2511 frauwen vor der gammndt Gotten
1201 2461 2134 2545 offentlich insagnen laßen nach ange-
1124 2481 2109 2574 gordter predig und verrichter ehezußen
1121 2546 2175 2639 nung ii widerumb heimgan gautz
1142 2577 2069 2664 ungeschiichter seysmenchklichem zu
1139 2611 2093 2709 großser eegernuss sich viefaltioni
