4000 3000
249 56 969 259 denggenndn
267 125 995 320 spatzieren als sy nun dahin kommen
252 207 1055 420 sy ungfürdt einen Felladen zu ernesn
255 281 1008 460 wrebolets huß offen sthan, dospreche
271 349 992 510 Wargenwyl zum andern, laß
269 399 1043 607 In das huß stygen etwas umb zuben
260 471 1015 647 und sy die im huß zu förchten zeig
255 517 1011 710 Faußart imme darüber geantworde
248 605 1029 777 habe in dem huß keine kundtsamme
268 683 1016 833 auch gegen hußvolck, habe der e
244 755 1029 895 Wargemeyl zu imme gsprochen, die s
263 791 1037 960 syn gute nochpür, er solle nirs
257 867 1030 1039 es schadt nit umb sovil. Herüff
89 919 231 993 habent.
266 927 1030 1094 sy beider syths gae spelten an der
249 1011 1039 1158 gestelt und sye er von Wattenwyll
817 1110 880 1148 ein
235 1083 1032 1222 zum Felladen hiryie in das umechg
239 1156 1035 1269 und darnach das huß hinrab gangen und
241 1202 1022 1330 bandart, das huß gröffnet und miten
352 1262 577 1319 widerumb
266 1270 1027 1379 anderns die stägen hunff gangen, abe
251 1330 1036 1436 keineranderen meinung den allem etwas
251 1391 1024 1495 umb zukheren und sch demnach widerum
260 1456 1033 1570 fort und hiemit die f förchten zunah
257 1527 1030 1628 welliches ab doch nit beschehen sye, den
251 1580 1028 1681 habe dandart, als sy hinff bis jnde
246 1633 1022 1752 Kuchi kommen, luth angfangen lachen
252 1693 1028 1799 das sy von deselbigen wegen wideruch
242 1763 1032 1853 die stägen ab und fort wollen, es sye
222 1822 1027 1919 dandart uff der stägen entschlihfft und
251 1887 1026 1992 schier gefallen, das es ein grümppell geben
240 1956 1027 2056 darab den dies f erwachet und sy hem
245 2002 1023 2128 entegckt worden, sonst herzen sy gort und
232 2070 858 2187 mit wÿtters anfachen wellen
36 2122 1018 2241 eden er das ab er v Wagtenwyl den hundt ersten
31 2196 1012 2321 schrocken undzeigt er an habe vermeint, sye ein katz, so
23 2287 200 2338 daminhar
218 2259 1008 2373 Ime in der Fichi zum Drittenmal umb die
22 2327 198 2381 vermeint en
221 2308 1015 2445 beid gloffen vnd mit gmeldet, darobe
34 2370 199 2434 dorffe wol
233 2350 1016 2507 ingent beid syts zu Gort dem allmehte
40 2411 210 2483 bbaldet.
30 2455 213 2521 was ander
227 2421 1003 2568 ds sy beilygs von keiner andern ursach
27 2510 151 2586 synetc.
221 2482 992 2626 allem von umbkherens willen in gs hi
226 2551 986 2694 gangen, syent auch im keinem anderen
213 2596 1013 2740 den alleise in dem gmach, da er vnd vsog
913 2662 1006 2739 gsauh
909 2698 1025 2785 9 ß
219 2672 897 2817 wyl ingstigen und in der kuchen
919 2764 991 2854 .
211 2730 904 2874 das man ab inen zumeßen welle.
207 2789 899 2953 was ungepürliches mit
1909 18 2008 95 154
1076 61 2016 300 vetzungfrouwen fürnemmen welle werde ch
1110 131 2035 329 einemermehr erfindt, dan zner selbiges niema¬
1139 196 1983 374 a nit zn sund kommensche sonder allei, das s
1135 252 2006 437 twas im huß legert umb zukheren und
1136 351 1900 500 sich demnach widerumb fort zumachen
1115 436 1990 581 bekennent hiemit diser iren begangnen
1117 507 1993 666 hröfell, sy bägent aber u gt gantz de
1126 559 2014 706 müetig und underthänig, die wolle denselbig
1111 585 2049 756 vilmehr irer nach unuersthendigen und müt
1118 681 2034 821 bewilligen jugent und dem wyn mit dem
1111 743 2026 914 sy domalen beladen gsen, zumeßen
1120 828 1979 959 dn aber, das sy anders bösers den allem
1121 881 2005 1009 umbzukheten und hiemit das volck im huß
1110 959 1989 1094 förchten zumachen, begert hab nit und
1116 1014 2025 1137 as un gst inen disen iren begangnen fräfell
1126 1092 2013 1194 nit zu hoch zumeßen und sy irem ver
1114 1162 2015 1269 dienen nach abstraffenn, sonder inen denselben
1117 1217 2017 1344 gnedigklich verzychen welle, So woll nit sy sich
1122 1289 2042 1394 vor söllichen und anderen derglychen mut
1116 1366 1997 1465 willigen fräfflen verhüeten und inen diß
1121 1436 1698 1545 ein warfung syn laßen.
1095 1522 1947 1644 den 2. Juli 1621. handt mg. h. vnd
1116 1613 2011 1703 Oberen zu gevsnen Rhat erkent, das die
1118 1674 1990 1778 wyl kein eigentliche Satzung vmb derglychen
1129 1741 2022 1843 fiefell verhandtn, vnd als derselbige begangn
1121 1804 1953 1901 worden es mehr tag den nacht gsen, da so
1119 1878 1977 1981 solle es deweg fir einer Cräfell der
1105 1952 1989 2062 zwuschen tag vnd nacht beschechen, gehalten
1117 2028 2024 2141 vnd gerehnet werde. Jedoch vnd damit
1115 2087 2008 2225 es ein vgemeachte sich ge. Solle
1102 2160 2043 2309 der v wargenwyl angentz Ex lbde
1114 2249 2036 2391 vnd Fandars xx lb Zel
1112 2330 2016 2495 als für rhatsbußen erleggen oder in
1108 2388 1959 2562 gfangenschafft. Vnd solle disr
1113 2481 2067 2637 casus, damit ein Satzung darumb ge¬
1136 2551 1991 2712 mucht werde, am nechstem hochen
1114 2595 1659 2742 drrnstag anzogen worden.
1312 2704 2034 2857 Jacob Fyffian von Krumenogg
1113 2777 1186 2843 der
1104 2715 1917 2927 Ist vff Jacob 1621 wegen deß 3. f.
1206 2822 1763 2953 Eidt vom Statt vnd lannd
