4000 3000
145 92 982 242 Furs ander Ihr Imme Blesern auch für
172 179 1072 302 worden, wie das er zun siner zugsheen
217 229 1065 355 Bothlos wäßen gespiet, unnd sich ged
219 296 993 400 des mußigeng beflißen, Inn denn
998 358 1051 419 e
213 354 999 449 vonn einer kilbe zur annderen auch
982 407 1055 480 1.
218 409 1008 510 einem hochzydt zum anderen zo¬
224 466 1055 586 vprakeydt, es sye mit zury vnnd s
218 519 1043 643 vberflußigen aßen vnnd trincken
221 577 1061 713 vnnd deßen so woll gewonet, das er bishe
222 643 1051 761 nit arbeyten mögen sonndern anspaden
213 694 1039 826 fölcheren sich aller hannd bschifen trng
212 754 1055 882 unnd gfurden, beflißen innsonderheg
212 816 1046 927 mit imen nachparen vnnutze wöllen,
180 876 1039 977 pfangen ein spruch vber den andere
206 937 1057 1041 anguonballd aber widerum vfgebe
197 996 1021 1104 Also das er biderbe Luch durch solche
215 1056 1054 1162 Unnntze ding, zun kinner unnd roste
199 1113 1044 1222 gebracht, sölle derhalben inn allen
212 1180 1043 1301 so sich wie obgemelte keloffen, die
199 1238 702 1328 Warheyt bekennen,
171 1309 1045 1460 Hieruf ist syn bscheidt, er sie zunsi
179 1411 1009 1505 Augent von mencklichem geliebet
182 1462 1021 1576 derwegen auch an vill hochzyoh geladen
186 1533 1025 1647 worden, so sie er by annderhalben jahr
196 1590 1051 1695 ff vnderschidenlich Alpenn, Vnmmur
177 1650 1021 1764 da sparcke mener pflägen zu sammen
192 1709 1038 1822 ekommen gangen mit denselben gschike
192 1760 1054 1875 stein gstoßen, pürth unnd mit derglichen
163 1827 1035 1943 dingen wegenn hiner stercke, diezu
167 1906 1014 1996 rottgonnen, rnn unnd lobgfucht hab
165 1948 997 2072 aber un anderen uppigkeyten, wie
133 2013 1013 2145 imme fürghalten worden, in sonderhegt
164 2083 1032 2216 mit bschoßen triegen, unnd derglychen
168 2134 1010 2275 sich imes wüßenns nit versündiget
157 2213 1014 2336 noch vergeßen, möchte auch woll höre
149 2283 1003 2393 wer oder warm man Jundeß be¬
129 2315 1027 2444 schulden wölte, woll sie wahr zes
136 2412 951 2525 vorsechszechen haren vor sinen
149 2442 1014 2580 vererhlichung ihmme ein unerlichsin
135 2541 981 2652 worden, das sie im aberleyd habe
116 2568 1002 2716 darumb auch wie bruchlich Abbust
78 2646 999 2792 Das aber er sich zhun tröll gestrofen.
2047 15 2112 83 47.
1157 55 2072 251 sie die ursach das er sich für Ulli Gloser
1158 105 2141 327 sonen vetteren so den Hoff Gäweggbfüßen
1142 204 2117 355 Vmb 2000 W vnnd gegen noch einer andern
1150 245 2134 439 person umb 700 lb, so er alles mit grossem
1158 316 2089 477 roffen zallen mußen vrburget, vnnd
1148 385 2089 529 biß Anhero solcheßin nit widerumb
1158 452 2061 584 vnkommen mögen, das danner ein
1107 513 2056 645 bbruch über den anderen angnon
1140 557 2092 691 aber glychwiderumb ufgäben sie nit
1143 629 2065 752 woll wahr, das er vor etwas zyte
1118 686 2061 843 Im bysyn deß h landtvogts mit
1141 731 2078 871 Clans Rötlisperger einem schwager
1135 815 2067 959 gerechnet solche Rechnung Anguon¬
1150 869 2077 985 mornders aber widerumb vfgeben,
1126 951 2077 1077 deßwegen drh. Landtvogt Innzorn
1148 1005 2067 1134 unnd unwillen gerahten, die ursach
1153 1084 2120 1206 solcheßm aber sie, daz Inn diser Rechnung
1147 1125 2097 1237 berürter syn schwagr 30 l die ime syn
1140 1208 2119 1316 Blaßers brud imme undtrüßentzugstelt.
1153 1272 1991 1380 nit angaben, Hoff deßgnngsame
1155 1336 2028 1438 ersach gehept haben, Sonnsten
1150 1386 2134 1504 Vßert dem so er wie erberzellt, hoffe
1153 1450 2016 1548 er wann man sinenthalb bricht
1139 1520 2023 1611 Vnnemen wurde nemante Inne
1130 1565 2079 1668 keiner Vnrunzen noch villzanckes
1139 1624 1718 1741 beschuldigen können
1103 1724 2140 1867 Den deiten imme fürgehaltnen puncken
1135 1828 2050 1935 das er vnnder deß h Laundtvogks
1103 1870 2113 1984 Nemen, Ime ouch hinderrueks vnnd
1143 1925 2122 2058 unwüßent dem weybel zu Gruben
1143 1997 2051 2096 brieff gschriben, vnnd darin dem
1099 2049 2088 2179 Weybel benolchen, Hannsen hanck¬
1116 2120 2091 2242 hnser syn Glaßers widerparth fur
1138 2199 2095 2304 nun g. 8. zubescheyden, hat er aller¬
1121 2228 2070 2384 dingen vernenete, vnnd das solches
1127 2305 2118 2447 nit wahr, auch Imme hierin vberschech¬
1111 2344 2122 2497 den bochen schwer so wahr Im Gottz¬
1123 2418 2097 2572 helff brutht, vnnd sich vff disen Zedel¬
1139 2476 2040 2653 wie auch dr weybel berufft, mit
1135 2524 2033 2708 vermelden, wie das gesagter
1120 2624 2112 2777 Laundtungke gesagten fanckhufer,
1138 2653 2040 2855 unnd inn tun iren spanigkeyt
