4000 3000
56 1294 233 1389 sonngih
65 1363 201 1435 gehöri
59 1416 218 1479 gewesen
282 22 998 272 susebren
285 133 1010 338 dienere auch fürgehalten worden.
273 207 1022 403 den 21. juni diß jars wie das
270 290 1037 483 dem einen großen vffbrochnen trag
263 349 1009 521 vil Rung Eelgstein und silber
268 435 1035 626 glegen, o alles auch hinrig ke
249 485 1015 659 dienne das syn bruder  Ime alle
248 567 964 712 Ine, vnnd noch nit verrechnete
258 628 1019 782 fiecationen Fraffell vnd and
250 694 1032 871 Bißern, immr als er gan Schenkk
268 763 1031 916 berg kommen vbergeben Inzuzuchen
256 850 1028 985 da man nit wüßen möge, was
268 913 1036 1028 er empfangen, wyl er weider vmb
260 962 1023 1125 das ein noch ander noch nit rechnen
269 1054 411 1118 geben
278 1098 1037 1238 Was den das durch synen brudersichen
252 1183 1028 1303 Inzogne Linsung Kraffel unnd
250 1245 1024 1372 Inzung gelt, so sich auch hoch ange¬
260 1315 1042 1427 korfen haben soll, betreffen thu
244 1404 1023 1489 halbe derselbig syn benders selbige
254 1456 1016 1547 vor syner abreiß, in ein sonderbar
242 1511 1021 1611 Trögli zusamen gelegt. Wellches
253 1579 1022 1687 aber sanch sye uffbrochen worden und
249 1649 998 1745 darin hernach wed haller noch p¬
249 1715 756 1819 mehr fundt worden
192 1771 1017 1906 zeigt er darüber an, das er ja wol
231 1847 996 1945 ouch zwei kleine Rungli, daruf
248 1917 1023 2012 knend ein klein bacherli genomen
240 1988 996 2101 aber nit wyrgers, wo nun das ein
226 2054 996 2148 vnd ander hin kommen möge er
242 2106 1008 2221 nit wüsen, deß stuck silbers will
235 2178 840 2303 er gar nit gesteudig syn
216 2273 1018 2411 Will von keinem anderen gelt all
215 2332 1020 2453 denen 333 vom muncherwylersche
226 2369 1032 2523 hindelag, das er genommen nit bekant,
217 2464 991 2594 lich syn, habe auch nüt wygers
219 2566 553 2668 aldas gesehen.
190 2581 1000 2725 Den Euung, Fräff, confiicatione
206 2616 1023 2812 und inzung gelt, so er sölle empfag
902 2729 1002 2812 habt
1940 19 2032 74 153
1161 54 2039 238 begert er wan imme die Rodtll fürge¬
1153 139 2016 310 lgt werden, in byseyn zweier ehrlicher
1157 199 2014 364 geren, vnd der Frundtschafft, Inne
1154 274 1958 438 zuuerhoren, so welle er umb das
1158 314 1995 481 enn vnd ander zum so er empfang
1144 404 2003 560 zu gutem vermüegen guten bricht
1145 493 1588 620 und bscheidt geben.
1144 715 1893 860 Riclaus v Wathenmyl
1392 806 1550 900 unnd
1123 864 1713 1011 Philixx Candars
1097 971 1985 1126 als dan mn g l fürkommen, wie das
1486 1059 1674 1120 bsam morgen
1132 1071 1985 1183 hievor den 13. junii gegen tag Nielans
1118 1131 2004 1247 von Wattenwyl, vnd Philixp Sandart
1127 1191 1995 1309 ire bürgere in Jacob Treibolets huß alda
1119 1261 1979 1369 syn hußfrauw wonet, uß mutwillen
1112 1334 1947 1430 zugebrochen, handt deßwegen ir g nit
1127 1405 1998 1514 fürkönnen, den sy von disere ires begangnen
1129 1468 2037 1580 nachtfräfels wegen in gfangenschafftlegen
1123 1536 1974 1632 zulaßen und sy beidersyths, was sy darzu
1117 1573 2023 1695 antriben, vnd was ich alda verrichten wollen
1111 1637 1961 1763 gepürende maßen exfammiern zulaßen
1089 1697 2010 1813 das ist nun uff 27 juni uß u gt beüelch
1103 1763 2036 1900 durch den fromen fürnemmen fürsichtig
1099 1834 2031 1968 ersammen und wysen herren grath Fischer
1111 1885 1997 2018 deß kleinen rhats Sammel Hansen der
1089 1969 2001 2102 Burgers, Nielaus Brochers Groß¬
1114 2042 2003 2192 weibels mit ernsthafften worden, gogen
1101 2109 2027 2300 Inen In der mannenkef erstarget worden.
1089 2166 2045 2361 Die zeigent nun darüber an, wie das sy leid.
1105 2242 2052 2445 sths anh. Sumor Kungst dochter hochzyi
1112 2318 2051 2511 gewesen, der sy dan mit sampt dem hochtzygger
1098 2383 2041 2585 zum Machtmal erbotten hn welchen sy Inen
1100 2435 2044 2630 willfharet, da sy den bis am morgen gegen
1101 2501 2058 2690 den zirn verharset und hernach noch mit ein
1121 2565 2013 2771 inderen zu gedachts ueelaußen und wargen
1121 2645 2036 2836 iyls ( muter keller gangen, alda sy nich
1111 2698 2036 2906 vnnd trunck genomen, vnd demnoch vngfar
1101 2739 1962 2963 zwuschen 2. vnd 3 vhren vff dem blab
