<?xml version="1.0" encoding="UTF-8" standalone="yes"?>
<PcGts xmlns="http://schema.primaresearch.org/PAGE/gts/pagecontent/2013-07-15" xmlns:xsi="http://www.w3.org/2001/XMLSchema-instance" xsi:schemaLocation="http://schema.primaresearch.org/PAGE/gts/pagecontent/2013-07-15 http://schema.primaresearch.org/PAGE/gts/pagecontent/2013-07-15/pagecontent.xsd">
    <Metadata>
        <Creator>prov=University of Rostock/Institute of Mathematics/CITlab|PLANET AI GmbH/Gundram Leifert/gundram.leifert@planet-ai.de:name=German_Kurrent_XVI-XVIII_M1(htr_id=19584)::::v=2.6.7
prov=University of Rostock/Institute of Mathematics/CITlab|PLANET AI GmbH/Tobias Gruening/tobias.gruening@planet-ai.de:name=de.uros.citlab.module.baseline2polygon.B2PSeamMultiOriented:v=2.6.7
prov=University of Rostock/Institute of Mathematics/CITlab|PLANET AI GmbH/Gundram Leifert/gundram.leifert@planet-ai.de:name=Turmbücher_StaBe_3_A.Funk(htr_id=27278)::::v=2.6.7
prov=University of Rostock/Institute of Mathematics/CITlab|PLANET AI GmbH/Tobias Gruening/tobias.gruening@planet-ai.de:name=de.uros.citlab.module.baseline2polygon.B2PSeamMultiOriented:v=2.6.7
prov=University of Rostock/Institute of Mathematics/CITlab|PLANET AI GmbH/Tobias Gruening/tobias.gruening@planet-ai.de:name=/net_tf/LA73_249_0mod360.pb:de.uros.citlab.segmentation.CITlab_LA_ML:v=2.6.6
Transkribus</Creator>
        <Created>2020-10-03T12:26:26.876+02:00</Created>
        <LastChange>2022-09-12T14:25:32.051+02:00</LastChange>
        <TranskribusMetadata docId="1334811" pageId="52359539" pageNr="142" tsid="114641288" status="IN_PROGRESS" userId="9570" imgUrl="https://files.transkribus.eu/Get?id=ZOPIOUMKJZKYQOMOIVKYFLWM&amp;fileType=view" xmlUrl="https://files.transkribus.eu/Get?id=HQKLUYPXSHYPPUCCTBXMPNJT" imageId="15998000"/>
    </Metadata>
    <Page imageFilename="BIX461_142v,143r.jpg" imageWidth="4000" imageHeight="3000">
        <ReadingOrder>
            <OrderedGroup id="ro_1687513820322" caption="Regions reading order">
                <RegionRefIndexed index="0" regionRef="r1"/>
                <RegionRefIndexed index="1" regionRef="r2"/>
                <RegionRefIndexed index="2" regionRef="r3"/>
            </OrderedGroup>
        </ReadingOrder>
        <TextRegion orientation="0.0" id="r1" custom="readingOrder {index:0;}">
            <Coords points="59,58 59,2942 1032,2942 1032,58"/>
            <TextLine id="r1l1" custom="readingOrder {index:0;}">
                <Coords points="241,98 302,95 395,137 445,117 722,160 999,257 1010,198 959,208 819,126 774,147 717,110 671,126 623,84 508,106 250,49"/>
                <Baseline points="249,86 286,91 323,96 361,101 398,106 435,109 473,115 510,120 547,125 585,130 622,136 659,142 697,148 734,156 771,164 809,174 846,184 883,197 921,211 958,225 996,242"/>
                <TextEquiv>
                    <Unicode>derselbig nun den mantell dm h</Unicode>
                </TextEquiv>
            </TextLine>
            <TextLine id="r1l2" custom="readingOrder {index:1;}">
                <Coords points="238,200 516,185 901,267 993,314 1004,256 959,258 877,201 697,196 605,144 537,169 478,120 397,153 255,105"/>
                <Baseline points="252,153 288,157 325,160 362,164 399,168 436,171 473,176 510,181 547,186 584,190 621,196 657,202 694,208 731,217 768,224 805,233 842,244 879,255 916,269 953,283 990,299"/>
                <TextEquiv>
                    <Unicode>Bredicanten widerumb zugestelt ds</Unicode>
                </TextEquiv>
            </TextLine>
            <TextLine id="r1l3" custom="readingOrder {index:2;}">
                <Coords points="244,220 327,243 374,228 430,249 475,237 517,258 535,245 708,284 739,282 743,252 684,242 654,205 570,224 521,189 444,208 343,200 314,180 247,196"/>
                <Baseline points="251,213 276,216 301,218 327,220 352,221 378,224 403,227 428,228 454,231 479,235 505,238 530,241 556,245 581,248 606,252 632,256 657,261 683,266 708,271 734,276"/>
                <TextEquiv>
                    <Unicode>mhe er nit wüßen.</Unicode>
                </TextEquiv>
            </TextLine>
            <TextLine id="r1l4" custom="readingOrder {index:3;}">
                <Coords points="222,291 299,281 345,315 445,289 729,340 1009,439 1030,391 1000,367 963,380 935,341 860,351 803,293 560,293 487,254 354,260 287,221 232,237"/>
                <Baseline points="231,273 270,275 309,278 349,281 388,284 428,288 467,293 506,299 546,304 585,310 625,317 664,324 703,332 743,341 782,351 822,360 861,371 900,382 940,393 979,405 1019,419"/>
                <TextEquiv>
                    <Unicode>das aber domales der predienet mit</Unicode>
                </TextEquiv>
            </TextLine>
            <TextLine id="r1l5" custom="readingOrder {index:4;}">
                <Coords points="249,378 388,350 447,405 509,369 557,395 668,379 749,433 784,413 918,454 923,412 863,374 810,384 785,354 744,383 693,338 644,358 560,316 524,334 485,304 456,321 427,297 369,329 340,309 259,312"/>
                <Baseline points="261,338 293,339 326,341 359,344 391,347 424,350 457,353 489,357 522,360 555,365 588,369 620,374 653,380 686,386 718,391 751,398 784,404 816,412 849,419 882,427 915,437"/>
                <TextEquiv>
                    <Unicode>Inem Roß vf der traß gefallen</Unicode>
                </TextEquiv>
            </TextLine>
            <TextLine id="r1l6" custom="readingOrder {index:5;}">
                <Coords points="221,407 291,409 335,447 451,424 589,460 646,444 707,478 818,470 868,521 952,504 955,483 858,430 747,432 670,379 618,413 578,391 366,387 318,357 224,385"/>
                <Baseline points="227,401 263,405 299,408 335,412 371,414 407,417 443,420 479,424 515,427 551,431 587,434 623,437 659,441 695,446 731,451 767,458 803,463 839,471 875,479 911,488 947,498"/>
                <TextEquiv>
                    <Unicode>ursach, das sy dey mit iren roß zu</Unicode>
                </TextEquiv>
            </TextLine>
            <TextLine id="r1l7" custom="readingOrder {index:6;}">
                <Coords points="918,465 926,469 939,488 964,475 972,481 983,478 1001,499 1010,501 1026,423 1014,422 1006,428 987,431 984,426 971,426 959,414 934,425 927,424"/>
                <Baseline points="929,441 957,460 985,465 1013,459"/>
                <TextEquiv>
                    <Unicode>seg</Unicode>
                </TextEquiv>
            </TextLine>
            <TextLine id="r1l8" custom="readingOrder {index:7;}">
                <Coords points="238,494 301,486 368,529 409,501 453,524 533,496 600,523 690,515 716,540 870,536 896,566 958,568 949,502 869,522 822,493 762,505 688,479 649,444 502,460 463,430 379,471 289,410 245,429"/>
                <Baseline points="246,476 281,477 316,480 352,483 387,485 422,487 458,489 493,492 528,495 564,497 599,501 634,504 670,509 705,512 740,517 776,522 811,528 846,534 882,541 917,549 953,558"/>
                <TextEquiv>
                    <Unicode>faren postiert, Es sye aber syn</Unicode>
                </TextEquiv>
            </TextLine>
            <TextLine id="r1l9" custom="readingOrder {index:8;} place {offset:8; length:7;}">
                <Coords points="225,565 491,559 559,593 598,572 639,617 738,587 816,628 880,611 921,638 976,634 979,610 877,545 793,526 617,550 533,497 383,534 233,496"/>
                <Baseline points="233,543 269,543 306,545 343,547 380,549 417,551 454,553 491,555 528,558 565,561 602,564 638,568 675,572 712,576 749,583 786,588 823,595 860,602 897,610 934,618 971,627"/>
                <TextEquiv>
                    <Unicode>Roß zue Lauffen gschwindergsen, de</Unicode>
                </TextEquiv>
            </TextLine>
            <TextLine id="r1l10" custom="readingOrder {index:9;}">
                <Coords points="244,630 478,631 525,659 635,641 705,682 794,656 999,716 1009,664 945,628 916,648 886,613 838,647 629,618 548,581 455,610 337,598 293,547 249,576"/>
                <Baseline points="252,611 289,614 326,617 364,620 401,621 438,623 476,626 513,628 550,630 588,633 625,636 662,639 700,643 737,647 774,651 812,658 849,665 886,672 924,680 961,690 999,701"/>
                <TextEquiv>
                    <Unicode>anderen also das er Inen furkan</Unicode>
                </TextEquiv>
            </TextLine>
            <TextLine id="r1l11" custom="readingOrder {index:10;}">
                <Coords points="232,697 341,697 377,726 552,708 591,734 690,714 806,751 935,743 1005,808 1037,804 1042,750 967,698 915,720 878,676 785,707 508,682 475,650 430,678 372,646 238,643"/>
                <Baseline points="240,680 279,685 319,690 358,694 398,697 438,698 477,699 517,701 556,702 596,704 636,705 675,708 715,710 754,714 794,719 834,726 873,735 913,745 952,757 992,773 1032,789"/>
                <TextEquiv>
                    <Unicode>als sy nun zn einer gaßen stätz</Unicode>
                </TextEquiv>
            </TextLine>
            <TextLine id="r1l12" custom="readingOrder {index:11;}">
                <Coords points="239,765 490,795 608,782 648,808 684,784 726,821 866,804 975,850 1001,841 1006,791 969,792 927,746 839,782 773,731 718,740 684,715 546,747 483,715 386,734 353,707 242,736"/>
                <Baseline points="246,755 283,758 321,759 358,761 396,762 433,764 471,765 508,767 546,769 583,771 621,774 658,777 696,780 733,783 771,788 808,793 846,800 883,806 921,814 958,823 996,833"/>
                <TextEquiv>
                    <Unicode>postitert, sye der h Bredirant mit</Unicode>
                </TextEquiv>
            </TextLine>
            <TextLine id="r1l13" custom="readingOrder {index:12;}">
                <Coords points="230,834 545,842 632,874 686,851 1006,916 1010,866 945,853 900,810 794,842 714,825 682,789 636,815 466,783 374,810 295,754 235,779"/>
                <Baseline points="237,824 275,825 313,827 351,828 390,830 428,830 466,831 504,833 543,835 581,837 619,839 657,842 696,846 734,850 772,854 810,860 849,866 887,873 925,881 963,890 1002,900"/>
                <TextEquiv>
                    <Unicode>Roß zn derselben gfallen, erkönne abe</Unicode>
                </TextEquiv>
            </TextLine>
            <TextLine id="r1l14" custom="readingOrder {index:13;}">
                <Coords points="233,908 454,907 495,940 585,911 1016,983 1021,923 843,893 803,909 682,863 618,891 514,875 486,845 423,877 340,851 289,882 238,853"/>
                <Baseline points="240,893 278,894 317,896 355,897 394,899 432,900 471,903 509,905 548,906 586,909 625,912 664,914 702,917 741,921 779,925 818,929 856,935 895,941 933,948 972,956 1011,963"/>
                <TextEquiv>
                    <Unicode>demselben gar nüt thun, dan er sy</Unicode>
                </TextEquiv>
            </TextLine>
            <TextLine id="r1l15" custom="readingOrder {index:14;}">
                <Coords points="245,978 330,1002 365,977 660,990 733,1046 791,1004 891,1043 943,1020 987,1061 1017,1042 1020,991 966,988 937,956 832,964 804,935 733,967 679,963 633,923 525,957 377,948 326,901 287,932 249,921"/>
                <Baseline points="252,968 291,971 331,972 371,975 411,975 451,977 491,978 531,980 571,981 611,983 651,986 691,988 731,991 771,994 811,999 851,1004 891,1010 931,1017 971,1025 1011,1034"/>
                <TextEquiv>
                    <Unicode>stätz vor den andern fört pistierten</Unicode>
                </TextEquiv>
            </TextLine>
            <TextLine id="r1l16" custom="readingOrder {index:15;}">
                <Coords points="241,1064 288,1042 368,1095 460,1051 504,1080 543,1045 592,1052 617,1081 677,1065 728,1115 777,1090 886,1085 889,1030 826,1005 735,1043 671,1007 525,994 494,1012 244,1003"/>
                <Baseline points="248,1038 279,1038 311,1038 342,1039 374,1040 406,1040 437,1040 469,1040 501,1041 532,1042 564,1043 596,1045 627,1046 659,1049 691,1052 722,1055 754,1058 786,1062 817,1067 849,1072 881,1077"/>
                <TextEquiv>
                    <Unicode>habe sy also dahinden glaßen.</Unicode>
                </TextEquiv>
            </TextLine>
            <TextLine id="r1l17" custom="readingOrder {index:16;}">
                <Coords points="53,1116 75,1121 101,1112 130,1118 137,1111 158,1112 174,1120 204,1119 219,1127 221,1065 198,1060 173,1082 127,1090 93,1077 55,1081"/>
                <Baseline points="59,1104 84,1107 110,1107 136,1107 161,1108 187,1110 213,1115"/>
                <TextEquiv>
                    <Unicode>ber nit</Unicode>
                </TextEquiv>
            </TextLine>
            <TextLine id="r1l18" custom="readingOrder {index:17;}">
                <Coords points="58,1170 98,1159 138,1165 165,1185 199,1165 238,1164 240,1132 160,1113 118,1115 106,1125 87,1127 72,1119 61,1122"/>
                <Baseline points="65,1146 93,1145 121,1146 149,1148 177,1151 205,1152 233,1152"/>
                <TextEquiv>
                    <Unicode>gredt habe.</Unicode>
                </TextEquiv>
            </TextLine>
            <TextLine id="r1l19" custom="readingOrder {index:18;}">
                <Coords points="251,1154 588,1163 723,1194 754,1171 840,1200 891,1183 1033,1224 1039,1152 975,1162 855,1116 793,1143 756,1108 607,1144 525,1131 488,1094 336,1124 256,1084"/>
                <Baseline points="258,1136 296,1139 335,1143 373,1145 412,1148 450,1149 489,1151 527,1152 566,1154 604,1157 643,1158 682,1160 720,1161 759,1164 797,1168 836,1172 874,1176 913,1180 951,1185 990,1194 1029,1200"/>
                <TextEquiv>
                    <Unicode>emnach ist er auch befragt,(wan erglich¬</Unicode>
                </TextEquiv>
            </TextLine>
            <TextLine id="r1l20" custom="readingOrder {index:19;}">
                <Coords points="252,1219 660,1243 700,1225 991,1271 1031,1267 1033,1224 869,1185 820,1213 508,1200 434,1160 343,1197 326,1179 253,1196"/>
                <Baseline points="258,1211 296,1211 334,1212 373,1212 411,1213 449,1214 488,1214 526,1215 564,1217 603,1218 641,1220 679,1221 718,1224 756,1226 794,1229 833,1233 871,1236 909,1240 948,1246 986,1252 1025,1257"/>
                <TextEquiv>
                    <Unicode>wol mit einem einen unrechten wöllhandt</Unicode>
                </TextEquiv>
            </TextLine>
            <TextLine id="r1l21" custom="readingOrder {index:20;}">
                <Coords points="248,1284 1035,1329 1015,1277 994,1294 872,1244 797,1275 606,1235 249,1260"/>
                <Baseline points="254,1275 292,1275 331,1277 370,1277 409,1278 447,1278 486,1280 525,1280 564,1281 602,1283 641,1283 680,1285 719,1287 757,1289 796,1292 835,1295 874,1299 912,1303 951,1308 990,1313 1029,1320"/>
                <TextEquiv>
                    <Unicode>welle er doch denselben zm Rechtigen be¬</Unicode>
                </TextEquiv>
            </TextLine>
            <TextLine id="r1l22" custom="readingOrder {index:21;}">
                <Coords points="243,1367 443,1345 555,1392 648,1353 861,1366 941,1400 1036,1392 1039,1332 245,1305"/>
                <Baseline points="249,1343 288,1343 327,1344 366,1344 405,1344 444,1344 483,1344 522,1344 561,1345 600,1346 640,1347 679,1347 718,1350 757,1352 796,1355 835,1358 874,1361 913,1367 952,1372 991,1379 1031,1385"/>
                <TextEquiv>
                    <Unicode>haupten und grumnen, will dßer</Unicode>
                </TextEquiv>
            </TextLine>
            <TextLine id="r1l23" custom="readingOrder {index:22;}">
                <Coords points="239,1425 373,1428 416,1418 511,1463 568,1424 596,1432 597,1393 556,1397 530,1378 499,1392 472,1381 433,1386 385,1358 369,1371 333,1357 299,1367 275,1358 240,1377"/>
                <Baseline points="245,1412 271,1411 298,1410 324,1412 351,1412 377,1413 404,1413 430,1415 457,1416 483,1416 510,1416 536,1416 563,1415 590,1412"/>
                <TextEquiv>
                    <Unicode>bekantlich syn</Unicode>
                </TextEquiv>
            </TextLine>
            <TextLine id="r1l24" custom="readingOrder {index:23;}">
                <Coords points="186,1549 657,1536 759,1587 818,1549 979,1562 1006,1589 1031,1572 1029,1512 868,1522 763,1482 728,1503 655,1462 610,1501 546,1481 358,1518 237,1477 186,1497"/>
                <Baseline points="192,1536 233,1536 275,1535 316,1535 358,1535 400,1535 441,1535 483,1535 525,1535 566,1535 608,1535 650,1536 691,1536 733,1538 775,1539 816,1540 858,1542 900,1544 941,1545 983,1548 1025,1551"/>
                <TextEquiv>
                    <Unicode>Item ob nit er oder uß synem benelch</Unicode>
                </TextEquiv>
            </TextLine>
            <TextLine id="r1l25" custom="readingOrder {index:24;}">
                <Coords points="176,1635 223,1600 450,1598 795,1607 908,1640 1018,1631 1019,1581 851,1583 814,1555 701,1580 658,1539 613,1570 458,1582 177,1561"/>
                <Baseline points="183,1595 224,1596 266,1596 307,1598 349,1598 390,1598 432,1599 473,1599 515,1599 556,1599 598,1601 639,1601 681,1601 722,1602 764,1602 805,1604 847,1604 888,1605 930,1607 971,1608 1013,1611"/>
                <TextEquiv>
                    <Unicode>diener einen Vuitiome Nonner genamp</Unicode>
                </TextEquiv>
            </TextLine>
            <TextLine id="r1l26" custom="readingOrder {index:25;}">
                <Coords points="234,1668 412,1663 476,1701 519,1675 570,1707 624,1676 738,1670 975,1688 1030,1681 1031,1627 936,1652 817,1611 651,1631 582,1610 541,1640 235,1640"/>
                <Baseline points="240,1658 279,1658 318,1658 357,1658 397,1658 436,1658 475,1659 514,1659 554,1661 593,1661 632,1662 671,1662 711,1664 750,1664 789,1665 828,1665 868,1667 907,1667 946,1667 985,1668 1025,1668"/>
                <TextEquiv>
                    <Unicode>an einem gwußen stuck Argerichvon</Unicode>
                </TextEquiv>
            </TextLine>
            <TextLine id="r1l27" custom="readingOrder {index:26;}">
                <Coords points="212,1751 275,1729 588,1731 644,1756 676,1729 1031,1741 1008,1674 983,1697 731,1677 695,1700 670,1679 581,1708 362,1673 312,1700 270,1662 212,1683"/>
                <Baseline points="218,1718 258,1719 298,1719 339,1721 379,1721 419,1722 460,1722 500,1722 540,1722 581,1722 621,1722 661,1722 702,1722 742,1722 782,1722 823,1722 863,1722 903,1722 944,1722 984,1722 1025,1724"/>
                <TextEquiv>
                    <Unicode>zunet und die rechte march verrenderet</Unicode>
                </TextEquiv>
            </TextLine>
            <TextLine id="r1l28" custom="readingOrder {index:27;}">
                <Coords points="219,1823 269,1797 415,1796 468,1833 529,1798 555,1816 805,1790 838,1813 1026,1787 1025,1751 974,1766 915,1740 813,1770 455,1729 395,1771 356,1738 218,1745"/>
                <Baseline points="225,1790 264,1790 304,1790 344,1790 384,1788 423,1788 463,1788 503,1788 543,1787 582,1787 622,1787 662,1785 702,1785 741,1784 781,1784 821,1784 861,1782 900,1782 940,1781 980,1781 1020,1779"/>
                <TextEquiv>
                    <Unicode>habent. zeigt an er möge darumbin</Unicode>
                </TextEquiv>
            </TextLine>
            <TextLine id="r1l29" custom="readingOrder {index:28;}">
                <Coords points="234,1874 799,1855 855,1885 1019,1847 1019,1799 761,1835 635,1806 575,1827 531,1801 375,1838 335,1809 234,1841"/>
                <Baseline points="240,1859 278,1857 317,1856 356,1855 394,1854 433,1853 472,1853 510,1853 549,1853 588,1851 627,1851 665,1851 704,1851 743,1850 781,1850 820,1849 859,1848 897,1847 936,1845 975,1844 1014,1842"/>
                <TextEquiv>
                    <Unicode>wüßen, ob es syne diener gethan oder mn</Unicode>
                </TextEquiv>
            </TextLine>
            <TextLine id="r1l30" custom="readingOrder {index:29;}">
                <Coords points="238,1945 320,1960 501,1927 531,1948 635,1916 721,1945 787,1918 829,1946 889,1919 965,1934 1022,1913 1020,1850 861,1889 723,1861 611,1899 465,1859 399,1900 315,1884 237,1909"/>
                <Baseline points="243,1932 281,1931 320,1929 358,1927 397,1926 436,1924 474,1922 513,1922 552,1920 590,1918 629,1917 668,1916 706,1914 745,1913 784,1913 822,1911 861,1910 900,1908 938,1908 977,1907 1016,1907"/>
                <TextEquiv>
                    <Unicode>er habe aber zuen deßhalb gar mit beshe¬</Unicode>
                </TextEquiv>
            </TextLine>
            <TextLine id="r1l31" custom="readingOrder {index:30;}">
                <Coords points="181,2099 271,2055 407,2073 494,2036 616,2062 830,2019 932,2065 1019,2014 1017,1972 831,1998 764,1952 640,2009 494,2014 436,1985 346,2025 284,2020 214,1957 176,1971"/>
                <Baseline points="185,2051 226,2048 267,2046 309,2045 350,2043 392,2042 433,2040 474,2039 516,2037 557,2036 599,2033 640,2033 681,2030 723,2028 764,2027 806,2025 847,2023 888,2020 930,2017 971,2015 1013,2012"/>
                <TextEquiv>
                    <Unicode>enne ist er auch befragt worden als</Unicode>
                </TextEquiv>
            </TextLine>
            <TextLine id="r1l32" custom="readingOrder {index:31;}">
                <Coords points="201,2134 613,2106 760,2131 821,2094 923,2133 980,2100 1028,2109 1023,2012 926,2066 773,2076 710,2043 509,2089 344,2054 252,2060 199,2097"/>
                <Baseline points="206,2117 246,2115 287,2112 328,2110 368,2109 409,2107 450,2105 490,2103 531,2102 572,2100 613,2099 653,2097 694,2096 735,2094 775,2091 816,2088 857,2086 897,2084 938,2079 979,2076 1020,2072"/>
                <TextEquiv>
                    <Unicode>gmeindt zu Mitardt ime 140 fl s</Unicode>
                </TextEquiv>
            </TextLine>
            <TextLine id="r1l33" custom="readingOrder {index:32;}">
                <Coords points="227,2198 357,2225 449,2176 622,2198 813,2164 846,2189 1005,2152 978,2101 949,2131 846,2116 762,2148 609,2109 569,2143 507,2123 486,2145 226,2158"/>
                <Baseline points="233,2177 271,2176 309,2174 347,2173 386,2172 424,2171 462,2169 501,2168 539,2168 577,2166 616,2165 654,2163 692,2162 730,2161 769,2160 807,2157 845,2154 884,2153 922,2150 960,2146 999,2144"/>
                <TextEquiv>
                    <Unicode>worden und sy sich darumb gegen</Unicode>
                </TextEquiv>
            </TextLine>
            <TextLine id="r1l34" custom="readingOrder {index:33;}">
                <Coords points="213,2285 328,2285 408,2251 478,2268 571,2233 670,2281 721,2236 897,2245 941,2213 983,2222 993,2174 868,2168 824,2202 735,2183 665,2209 598,2181 566,2212 486,2177 410,2221 208,2215"/>
                <Baseline points="216,2256 254,2255 293,2252 331,2249 370,2247 409,2245 447,2243 486,2241 525,2239 563,2237 602,2235 641,2233 679,2230 718,2228 757,2225 795,2221 834,2219 873,2214 911,2211 950,2206 989,2202"/>
                <TextEquiv>
                    <Unicode>verschryben müeßen, ob er nit hernach</Unicode>
                </TextEquiv>
            </TextLine>
            <TextLine id="r1l35" custom="readingOrder {index:34;}">
                <Coords points="228,2341 663,2310 702,2341 784,2300 808,2317 841,2292 881,2323 996,2293 992,2227 941,2212 890,2253 721,2235 664,2289 572,2233 482,2286 430,2254 302,2302 225,2279"/>
                <Baseline points="233,2319 270,2318 308,2318 346,2316 384,2315 422,2313 459,2312 497,2310 535,2309 573,2308 611,2306 648,2303 686,2301 724,2297 762,2294 800,2292 837,2288 875,2284 913,2280 951,2275 989,2270"/>
                <TextEquiv>
                    <Unicode>ein postulen hrr fl zuhin gsetze.</Unicode>
                </TextEquiv>
            </TextLine>
            <TextLine id="r1l36" custom="readingOrder {index:35;}">
                <Coords points="984,2347 990,2347 1005,2331 1011,2331 1011,2270 1005,2270 998,2274 994,2279 984,2277"/>
                <Baseline points="990,2339 1005,2339"/>
                <TextEquiv>
                    <Unicode>s</Unicode>
                </TextEquiv>
            </TextLine>
            <TextLine id="r1l37" custom="readingOrder {index:36;}">
                <Coords points="229,2418 631,2377 658,2397 751,2388 960,2353 957,2304 871,2333 831,2303 797,2331 747,2318 714,2346 645,2334 580,2358 522,2329 455,2365 379,2318 294,2377 226,2375"/>
                <Baseline points="233,2397 269,2396 305,2393 341,2392 377,2391 413,2388 449,2387 485,2385 521,2382 557,2381 593,2379 629,2376 665,2373 701,2371 737,2367 773,2364 809,2360 845,2355 881,2350 917,2345 953,2339"/>
                <TextEquiv>
                    <Unicode>er auch darumb sye zalt wordn</Unicode>
                </TextEquiv>
            </TextLine>
            <TextLine id="r1l38" custom="readingOrder {index:37;}">
                <Coords points="977,2428 989,2425 1005,2405 1015,2401 1003,2343 998,2343 987,2357 982,2357 977,2363 965,2367"/>
                <Baseline points="978,2403 1008,2397"/>
                <TextEquiv>
                    <Unicode>1</Unicode>
                </TextEquiv>
            </TextLine>
            <TextLine id="r1l39" custom="readingOrder {index:38;}">
                <Coords points="218,2501 415,2458 683,2473 728,2441 835,2460 928,2432 921,2358 882,2355 838,2382 731,2377 675,2401 633,2381 560,2439 437,2406 377,2445 212,2434"/>
                <Baseline points="221,2474 257,2471 294,2468 331,2466 368,2464 404,2462 441,2459 478,2457 515,2454 552,2451 588,2450 625,2445 662,2442 699,2440 736,2435 772,2430 809,2427 846,2421 883,2416 920,2409"/>
                <TextEquiv>
                    <Unicode>imme dieselben nit schuldig gsin</Unicode>
                </TextEquiv>
            </TextLine>
            <TextLine id="r1l40" custom="readingOrder {index:39;}">
                <Coords points="205,2569 259,2582 284,2559 386,2546 497,2557 553,2526 647,2546 680,2510 805,2537 862,2508 858,2468 719,2445 681,2478 597,2461 511,2504 417,2457 365,2512 295,2480 200,2512"/>
                <Baseline points="209,2546 241,2544 273,2544 305,2541 338,2538 370,2537 402,2535 434,2532 467,2530 499,2527 531,2525 563,2522 596,2520 628,2516 660,2513 692,2510 725,2506 757,2502 789,2499 821,2495 854,2490"/>
                <TextEquiv>
                    <Unicode>deßen auch nit gestendig.</Unicode>
                </TextEquiv>
            </TextLine>
            <TextLine id="r1l41" custom="readingOrder {index:40;}">
                <Coords points="143,2675 208,2646 333,2672 396,2642 444,2660 608,2630 665,2656 804,2586 939,2602 1017,2549 1011,2486 858,2520 787,2581 738,2562 659,2598 575,2566 363,2605 235,2567 134,2585"/>
                <Baseline points="146,2651 189,2648 232,2645 275,2643 319,2639 362,2637 405,2635 448,2632 492,2630 535,2626 578,2624 621,2619 665,2615 708,2610 751,2605 794,2598 838,2591 881,2583 924,2573 967,2562 1011,2550"/>
                <TextEquiv>
                    <Unicode>Beladiget, das silbergschwe so den h</Unicode>
                </TextEquiv>
            </TextLine>
            <TextLine id="r1l42" custom="readingOrder {index:41;} person {offset:8; length:12;} person {offset:32; length:6; continued:true;}">
                <Coords points="226,2713 620,2716 656,2680 830,2680 1008,2619 1000,2570 913,2621 825,2592 772,2606 717,2656 611,2635 509,2674 459,2646 421,2680 351,2652 223,2679"/>
                <Baseline points="231,2703 269,2703 308,2701 346,2700 385,2697 423,2695 462,2693 500,2691 539,2688 577,2684 616,2680 654,2676 693,2672 731,2667 770,2662 808,2655 847,2648 885,2642 924,2633 962,2624 1001,2615"/>
                <TextEquiv>
                    <Unicode>meister dochselhofer, durch den berich</Unicode>
                </TextEquiv>
            </TextLine>
            <TextLine id="r1l43" custom="readingOrder {index:42;} person {offset:0; length:7; continued:true;}">
                <Coords points="179,2813 401,2777 441,2805 487,2771 788,2733 824,2754 995,2680 989,2638 934,2663 889,2643 832,2687 795,2668 740,2710 611,2711 583,2738 383,2704 328,2738 273,2705 172,2758"/>
                <Baseline points="183,2790 223,2787 263,2782 303,2780 344,2776 384,2772 424,2769 465,2765 505,2761 545,2757 586,2753 626,2748 666,2744 706,2738 747,2732 787,2725 827,2718 868,2710 908,2702 948,2692 989,2682"/>
                <TextEquiv>
                    <Unicode>Barnall, hiemor Jaren ist zu der Wad</Unicode>
                </TextEquiv>
            </TextLine>
            <TextLine id="r1l44" custom="readingOrder {index:43;}">
                <Coords points="223,2866 482,2833 543,2870 670,2803 740,2816 981,2769 989,2702 922,2746 871,2714 825,2765 772,2741 664,2790 614,2759 572,2789 473,2776 426,2818 353,2824 296,2795 218,2830"/>
                <Baseline points="227,2852 265,2849 303,2845 341,2842 379,2838 417,2835 455,2832 493,2828 531,2825 569,2820 608,2816 646,2812 684,2807 722,2802 760,2795 798,2790 836,2783 874,2776 912,2769 950,2759 989,2750"/>
                <TextEquiv>
                    <Unicode>entwendt worden ye nit wenig</Unicode>
                </TextEquiv>
            </TextLine>
            <TextLine id="r1l45" custom="readingOrder {index:44;} person {offset:25; length:8;}">
                <Coords points="201,2946 498,2902 547,2932 631,2929 809,2855 994,2860 991,2764 855,2821 805,2790 754,2804 709,2852 628,2838 540,2870 494,2843 424,2886 194,2900"/>
                <Baseline points="204,2928 243,2925 282,2921 322,2917 361,2913 401,2909 440,2904 479,2900 519,2896 558,2892 598,2887 637,2881 676,2877 716,2871 755,2865 795,2858 834,2849 873,2841 913,2832 952,2823 992,2811"/>
                <TextEquiv>
                    <Unicode>den das er mit gedachtem Barralls</Unicode>
                </TextEquiv>
            </TextLine>
            <TextEquiv>
                <Unicode>derselbig nun den mantell dm h
Bredicanten widerumb zugestelt ds
mhe er nit wüßen.
das aber domales der predienet mit
Inem Roß vf der traß gefallen
ursach, das sy dey mit iren roß zu
seg
faren postiert, Es sye aber syn
Roß zue Lauffen gschwindergsen, de
anderen also das er Inen furkan
als sy nun zn einer gaßen stätz
postitert, sye der h Bredirant mit
Roß zn derselben gfallen, erkönne abe
demselben gar nüt thun, dan er sy
stätz vor den andern fört pistierten
habe sy also dahinden glaßen.
ber nit
gredt habe.
emnach ist er auch befragt,(wan erglich¬
wol mit einem einen unrechten wöllhandt
welle er doch denselben zm Rechtigen be¬
haupten und grumnen, will dßer
bekantlich syn
Item ob nit er oder uß synem benelch
diener einen Vuitiome Nonner genamp
an einem gwußen stuck Argerichvon
zunet und die rechte march verrenderet
habent. zeigt an er möge darumbin
wüßen, ob es syne diener gethan oder mn
er habe aber zuen deßhalb gar mit beshe¬
enne ist er auch befragt worden als
gmeindt zu Mitardt ime 140 fl s
worden und sy sich darumb gegen
verschryben müeßen, ob er nit hernach
ein postulen hrr fl zuhin gsetze.
s
er auch darumb sye zalt wordn
1
imme dieselben nit schuldig gsin
deßen auch nit gestendig.
Beladiget, das silbergschwe so den h
meister dochselhofer, durch den berich
Barnall, hiemor Jaren ist zu der Wad
entwendt worden ye nit wenig
den das er mit gedachtem Barralls</Unicode>
            </TextEquiv>
        </TextRegion>
        <TextRegion orientation="0.0" id="r2" custom="readingOrder {index:1;}">
            <Coords points="1014,373 1014,523 1029,523 1029,373"/>
            <TextLine id="r2l1" custom="readingOrder {index:0;}">
                <Coords points="1009,502 1017,502 1025,510 1034,511 1034,435 1029,435 1015,448 1009,448"/>
                <Baseline points="1014,473 1029,473"/>
                <TextEquiv>
                    <Unicode>di</Unicode>
                </TextEquiv>
            </TextLine>
            <TextEquiv>
                <Unicode>di</Unicode>
            </TextEquiv>
        </TextRegion>
        <TextRegion orientation="0.0" id="r3" custom="readingOrder {index:2;}">
            <Coords points="1092,39 1092,2981 2039,2981 2039,39"/>
            <TextLine id="r3l1" custom="readingOrder {index:0;}">
                <Coords points="1920,79 1927,78 1933,72 1939,75 1946,70 1956,72 1965,60 1972,56 1988,66 1994,66 1990,22 1983,22 1974,29 1961,28 1954,24 1944,32 1935,27 1915,25"/>
                <Baseline points="1925,65 1956,63 1988,59"/>
                <TextEquiv>
                    <Unicode>143</Unicode>
                </TextEquiv>
            </TextLine>
            <TextLine id="r3l2" custom="readingOrder {index:1;}">
                <Coords points="1128,262 1310,190 1554,190 1620,141 1667,166 1745,128 1996,118 2008,68 1918,89 1812,64 1703,109 1617,66 1504,132 1435,111 1364,150 1271,132 1118,203"/>
                <Baseline points="1130,242 1173,229 1217,215 1261,203 1305,192 1349,181 1392,173 1436,165 1480,156 1524,148 1568,142 1611,135 1655,131 1699,125 1743,120 1787,115 1830,110 1874,106 1918,102 1962,98 2006,93"/>
                <TextEquiv>
                    <Unicode>biß in die Wadt gereißet, vnd das damalen</Unicode>
                </TextEquiv>
            </TextLine>
            <TextLine id="r3l3" custom="readingOrder {index:2;} person {offset:4; length:7;} place {offset:16; length:12;}">
                <Coords points="1127,308 1240,307 1289,272 1322,294 1353,253 1413,258 1447,225 1598,244 1669,199 2026,177 2016,103 1987,132 1872,114 1733,172 1499,174 1313,228 1244,207 1121,268"/>
                <Baseline points="1131,296 1175,283 1219,272 1264,261 1308,252 1352,242 1397,233 1441,225 1485,218 1530,211 1574,205 1618,199 1663,193 1707,188 1751,184 1796,180 1840,174 1884,171 1929,166 1973,162 2018,158"/>
                <TextEquiv>
                    <Unicode>der Barrall das Silbergschwe entframbrt</Unicode>
                </TextEquiv>
            </TextLine>
            <TextLine id="r3l4" custom="readingOrder {index:3;}">
                <Coords points="1133,362 1386,288 1794,241 1838,262 1929,233 1994,268 2018,248 2008,174 1942,212 1733,196 1596,245 1452,226 1323,288 1290,272 1129,328"/>
                <Baseline points="1137,348 1180,335 1224,324 1267,313 1311,304 1355,295 1398,285 1442,278 1485,270 1529,264 1573,259 1616,254 1660,249 1703,245 1747,241 1791,237 1834,234 1878,231 1921,228 1965,226 2009,224"/>
                <TextEquiv>
                    <Unicode>er habe ab hein Woren darumb gwußt,</Unicode>
                </TextEquiv>
            </TextLine>
            <TextLine id="r3l5" custom="readingOrder {index:4;}">
                <Coords points="1136,422 1540,337 1699,341 1798,312 1847,334 1962,287 1996,305 1990,261 1939,239 1833,277 1778,244 1756,269 1574,270 1480,322 1240,344 1132,388"/>
                <Baseline points="1140,408 1182,397 1224,386 1267,375 1309,367 1352,357 1394,351 1436,344 1479,336 1521,331 1564,325 1606,321 1648,317 1691,311 1733,308 1776,305 1818,301 1860,298 1903,294 1945,292 1988,288"/>
                <TextEquiv>
                    <Unicode>noch vil weniger darzu verholffen, Er</Unicode>
                </TextEquiv>
            </TextLine>
            <TextLine id="r3l6" custom="readingOrder {index:5;}">
                <Coords points="1127,484 1294,433 1520,429 1578,391 1995,388 1985,306 1932,342 1835,328 1641,366 1519,347 1393,395 1323,375 1120,436"/>
                <Baseline points="1131,468 1173,458 1216,447 1259,439 1301,430 1344,422 1387,415 1429,408 1472,401 1515,396 1558,390 1600,385 1643,380 1686,376 1728,371 1771,368 1814,364 1856,360 1899,358 1942,356 1985,353"/>
                <TextEquiv>
                    <Unicode>lagbordt sye auch zwar darnach mit</Unicode>
                </TextEquiv>
            </TextLine>
            <TextLine id="r3l7" custom="readingOrder {index:6;} person {offset:9; length:7;}">
                <Coords points="1123,558 1234,514 1597,458 1723,467 1863,436 1958,454 1954,392 1849,418 1716,382 1659,425 1577,391 1513,442 1410,461 1351,429 1260,483 1162,474 1117,512"/>
                <Baseline points="1127,536 1168,525 1209,516 1250,507 1292,498 1333,490 1374,483 1415,476 1457,470 1498,465 1539,459 1580,454 1622,450 1663,446 1704,441 1745,438 1787,435 1828,432 1869,429 1910,426 1952,423"/>
                <TextEquiv>
                    <Unicode>gesagtem Barrall, widerumb nach</Unicode>
                </TextEquiv>
            </TextLine>
            <TextLine id="r3l8" custom="readingOrder {index:7;}">
                <Coords points="1109,628 1370,553 1984,521 2026,496 2017,420 1832,486 1699,469 1594,503 1519,469 1182,568 1101,560"/>
                <Baseline points="1112,603 1157,590 1202,578 1248,569 1293,559 1338,553 1384,545 1429,539 1474,535 1520,530 1565,526 1610,522 1656,519 1701,516 1746,513 1792,509 1837,507 1882,503 1928,498 1973,494 2019,489"/>
                <TextEquiv>
                    <Unicode>hennat gereißet, und als sy in sin huß</Unicode>
                </TextEquiv>
            </TextLine>
            <TextLine id="r3l9" custom="readingOrder {index:8;}">
                <Coords points="1124,682 1458,611 1943,594 2019,575 2015,537 1891,513 1826,562 1684,533 1652,571 1472,584 1369,553 1331,596 1117,619"/>
                <Baseline points="1127,659 1171,651 1215,643 1259,635 1304,628 1348,622 1392,616 1436,610 1481,605 1525,600 1569,596 1613,591 1658,587 1702,583 1746,580 1790,577 1835,574 1879,570 1923,568 1967,566 2012,563"/>
                <TextEquiv>
                    <Unicode>kommen habe Barvoll inne angsprochen</Unicode>
                </TextEquiv>
            </TextLine>
            <TextLine id="r3l10" custom="readingOrder {index:9;}">
                <Coords points="1116,734 1424,681 1488,716 1569,661 1622,682 2040,646 2036,610 1916,586 1758,629 1623,600 1564,647 1438,629 1402,660 1111,683"/>
                <Baseline points="1121,722 1166,714 1212,706 1257,699 1303,692 1349,686 1394,679 1440,674 1485,668 1531,663 1577,660 1622,655 1668,653 1713,648 1759,645 1805,643 1850,640 1896,637 1941,636 1987,633 2033,632"/>
                <TextEquiv>
                    <Unicode>er wolle imme, das by sich habende silber</Unicode>
                </TextEquiv>
            </TextLine>
            <TextLine id="r3l11" custom="readingOrder {index:10;}">
                <Coords points="1121,822 1219,772 1258,799 1508,737 1751,749 1870,717 1905,743 2029,712 1999,651 1930,687 1801,661 1740,697 1557,686 1114,753"/>
                <Baseline points="1124,792 1168,784 1213,774 1258,767 1303,759 1348,753 1393,747 1437,740 1482,735 1527,731 1572,727 1617,723 1662,720 1707,716 1751,713 1796,710 1841,707 1886,705 1931,704 1976,701 2021,698"/>
                <TextEquiv>
                    <Unicode>gschwe behalten, welliches er gethan, wyl</Unicode>
                </TextEquiv>
            </TextLine>
            <TextLine id="r3l12" custom="readingOrder {index:11;}">
                <Coords points="1111,871 1454,807 1896,782 1935,802 2010,777 2005,732 1908,752 1827,725 1782,764 1706,733 1656,767 1356,770 1255,805 1189,787 1107,832"/>
                <Baseline points="1115,855 1159,847 1203,840 1248,832 1292,826 1337,820 1381,815 1425,810 1470,804 1514,800 1559,795 1603,793 1647,789 1692,785 1736,783 1781,780 1825,777 1869,775 1914,773 1958,771 2003,770"/>
                <TextEquiv>
                    <Unicode>ervermeint, das es yn sye und nit das er</Unicode>
                </TextEquiv>
            </TextLine>
            <TextLine id="r3l13" custom="readingOrder {index:12;}">
                <Coords points="1112,937 1403,884 1510,902 1632,865 2014,861 2010,808 1780,826 1697,790 1624,852 1556,807 1509,839 1459,815 1425,849 1353,829 1107,870"/>
                <Baseline points="1116,915 1160,909 1205,903 1249,899 1294,892 1338,888 1383,884 1427,880 1472,876 1516,872 1561,870 1605,866 1650,863 1694,860 1739,856 1783,854 1828,851 1872,849 1917,846 1961,844 2006,842"/>
                <TextEquiv>
                    <Unicode>es entfrömbdet habe. Glich hernoch</Unicode>
                </TextEquiv>
            </TextLine>
            <TextLine id="r3l14" custom="readingOrder {index:13;} person {offset:20; length:6;}">
                <Coords points="1104,999 1235,1008 1273,964 1371,954 1666,970 1793,932 1893,972 2023,942 2018,873 1960,849 1897,905 1616,874 1545,919 1401,884 1277,906 1235,945 1173,919 1100,943"/>
                <Baseline points="1109,981 1154,976 1199,971 1244,966 1290,961 1335,957 1380,953 1426,950 1471,945 1516,942 1562,939 1607,936 1652,933 1697,930 1743,927 1788,925 1833,922 1879,919 1924,916 1969,914 2015,909"/>
                <TextEquiv>
                    <Unicode>komme her landtvogt Allman solig</Unicode>
                </TextEquiv>
            </TextLine>
            <TextLine id="r3l15" custom="readingOrder {index:14;} person {offset:7; length:10;}">
                <Coords points="1095,1075 1229,1040 1381,1058 1441,1026 1557,1044 1664,1009 2004,998 1974,965 1400,965 1366,994 1303,960 1226,1013 1092,1022"/>
                <Baseline points="1100,1053 1144,1048 1189,1043 1234,1038 1279,1033 1324,1029 1369,1025 1413,1022 1458,1020 1503,1016 1548,1013 1593,1011 1638,1008 1683,1007 1727,1004 1772,1001 1817,999 1862,995 1907,993 1952,990 1997,986"/>
                <TextEquiv>
                    <Unicode>zu syn Elsybordts huß vnd begere an</Unicode>
                </TextEquiv>
            </TextLine>
            <TextLine id="r3l16" custom="readingOrder {index:15;}">
                <Coords points="1105,1146 1231,1107 1269,1127 1794,1108 1947,1082 1954,1049 1862,1062 1688,1019 1541,1079 1515,1058 1476,1082 1288,1058 1221,1092 1162,1063 1102,1078"/>
                <Baseline points="1109,1115 1151,1111 1193,1108 1235,1105 1277,1103 1319,1101 1361,1098 1403,1097 1445,1095 1487,1094 1529,1092 1571,1091 1613,1089 1655,1088 1697,1086 1739,1084 1781,1082 1823,1079 1865,1076 1907,1073 1949,1070"/>
                <TextEquiv>
                    <Unicode>Iue, das er Ime das Buffet, darin</Unicode>
                </TextEquiv>
            </TextLine>
            <TextLine id="r3l17" custom="readingOrder {index:16;}">
                <Coords points="1101,1199 1256,1173 1317,1202 1411,1166 1451,1195 1514,1160 1813,1169 1903,1135 2036,1150 2043,1093 1764,1137 1487,1103 1310,1149 1250,1120 1099,1153"/>
                <Baseline points="1106,1181 1152,1177 1199,1173 1245,1170 1292,1168 1339,1165 1385,1163 1432,1161 1479,1158 1525,1157 1572,1155 1619,1154 1665,1152 1712,1150 1759,1148 1805,1146 1852,1145 1899,1143 1945,1140 1992,1138 2039,1136"/>
                <TextEquiv>
                    <Unicode>das Silbergschir gsin, offnen wolle wol¬</Unicode>
                </TextEquiv>
            </TextLine>
            <TextLine id="r3l18" custom="readingOrder {index:17;}">
                <Coords points="1104,1266 1368,1234 1534,1261 1737,1223 1998,1244 2030,1223 2028,1153 1968,1197 1920,1155 1871,1187 1630,1156 1549,1186 1514,1160 1470,1203 1401,1185 1249,1217 1161,1188 1102,1215"/>
                <Baseline points="1109,1242 1154,1239 1200,1237 1246,1235 1292,1233 1337,1232 1383,1230 1429,1229 1475,1227 1520,1226 1566,1224 1612,1223 1658,1223 1703,1221 1749,1220 1795,1220 1841,1218 1886,1217 1932,1215 1978,1214 2024,1212"/>
                <TextEquiv>
                    <Unicode>ehes er gethan, do d habe der heren landtvogt</Unicode>
                </TextEquiv>
            </TextLine>
            <TextLine id="r3l19" custom="readingOrder {index:18;}">
                <Coords points="1098,1322 1275,1307 1336,1339 1377,1306 1454,1323 1642,1295 1673,1322 1950,1291 1949,1259 1837,1246 1531,1276 1219,1255 1097,1286"/>
                <Baseline points="1104,1311 1146,1308 1188,1307 1230,1305 1272,1302 1314,1301 1356,1299 1398,1297 1440,1296 1482,1294 1524,1293 1566,1292 1608,1290 1650,1290 1692,1289 1734,1287 1776,1287 1818,1286 1860,1285 1902,1284 1944,1284"/>
                <TextEquiv>
                    <Unicode>das Silbergschier genomen, dem er den</Unicode>
                </TextEquiv>
            </TextLine>
            <TextLine id="r3l20" custom="readingOrder {index:19;}">
                <Coords points="1110,1385 1314,1368 1454,1412 1531,1367 1680,1390 1803,1368 1860,1399 2006,1341 1929,1317 1810,1341 1771,1305 1632,1337 1109,1321"/>
                <Baseline points="1116,1371 1160,1370 1204,1368 1248,1367 1292,1365 1337,1364 1381,1364 1425,1362 1469,1362 1513,1361 1558,1361 1602,1361 1646,1359 1690,1359 1734,1359 1779,1358 1823,1358 1867,1357 1911,1356 1955,1355 2000,1355"/>
                <TextEquiv>
                    <Unicode>anzeigt, wer es Ime Zubehalten geben</Unicode>
                </TextEquiv>
            </TextLine>
            <TextLine id="r3l21" custom="readingOrder {index:20;} person {offset:17; length:8;}">
                <Coords points="1097,1458 1256,1433 1305,1476 1447,1425 1567,1468 1651,1437 1811,1460 2033,1439 2033,1401 1933,1382 1813,1412 1700,1409 1660,1373 1559,1413 1496,1389 1371,1410 1254,1372 1195,1413 1097,1401"/>
                <Baseline points="1103,1430 1149,1429 1195,1428 1241,1427 1287,1427 1334,1427 1380,1427 1426,1427 1472,1427 1518,1428 1565,1428 1611,1430 1657,1430 1703,1430 1749,1431 1796,1430 1842,1430 1888,1429 1934,1428 1980,1425 2027,1424"/>
                <TextEquiv>
                    <Unicode>habe. Es sye abr derarral schon hin</Unicode>
                </TextEquiv>
            </TextLine>
            <TextLine id="r3l22" custom="readingOrder {index:21;}">
                <Coords points="1102,1520 1994,1527 1995,1461 1866,1484 1781,1446 1528,1476 1387,1433 1298,1473 1240,1435 1185,1476 1103,1477"/>
                <Baseline points="1109,1497 1153,1496 1197,1494 1241,1494 1285,1493 1329,1493 1373,1493 1417,1493 1461,1493 1505,1494 1549,1494 1593,1494 1637,1496 1681,1497 1725,1499 1769,1500 1813,1500 1857,1502 1901,1504 1945,1505 1989,1506"/>
                <TextEquiv>
                    <Unicode>weg gsin, also das er nit ergriffen werden</Unicode>
                </TextEquiv>
            </TextLine>
            <TextLine id="r3l23" custom="readingOrder {index:22;}">
                <Coords points="1122,1580 1139,1583 1147,1576 1169,1579 1182,1565 1191,1569 1201,1563 1223,1566 1222,1535 1183,1531 1178,1536 1170,1534 1161,1540 1144,1542 1138,1536 1121,1534"/>
                <Baseline points="1127,1556 1157,1557 1187,1556 1217,1553"/>
                <TextEquiv>
                    <Unicode>gen</Unicode>
                </TextEquiv>
            </TextLine>
            <TextLine id="r3l24" custom="readingOrder {index:23;}">
                <Coords points="1106,1654 1345,1638 1387,1663 1520,1629 1654,1682 1711,1640 2031,1654 2032,1566 1813,1610 1728,1581 1672,1615 1555,1610 1446,1557 1339,1612 1278,1582 1194,1613 1107,1590"/>
                <Baseline points="1112,1629 1157,1631 1203,1632 1248,1634 1294,1634 1340,1634 1385,1634 1431,1634 1477,1634 1522,1634 1568,1634 1614,1634 1659,1634 1705,1634 1751,1634 1796,1634 1842,1634 1888,1635 1933,1636 1979,1638 2025,1640"/>
                <TextEquiv>
                    <Unicode>Item ist er befragt worden, als der herren landt-</Unicode>
                </TextEquiv>
            </TextLine>
            <TextLine id="r3l25" custom="readingOrder {index:24;}">
                <Coords points="1100,1687 1341,1717 1394,1692 1631,1724 1663,1697 1985,1721 1986,1678 1822,1647 1766,1681 1101,1649"/>
                <Baseline points="1106,1677 1149,1680 1193,1682 1236,1683 1280,1685 1324,1686 1367,1688 1411,1688 1455,1689 1498,1690 1542,1691 1586,1692 1629,1692 1673,1694 1717,1694 1760,1695 1804,1697 1848,1698 1891,1700 1935,1702 1979,1704"/>
                <TextEquiv>
                    <Unicode>vogt von synen berangnen fäleren</Unicode>
                </TextEquiv>
            </TextLine>
            <TextLine id="r3l26" custom="readingOrder {index:25;}">
                <Coords points="1103,1736 1160,1762 1618,1750 1782,1786 2009,1772 2010,1731 1839,1743 1779,1702 1621,1735 1482,1698 1439,1726 1103,1708"/>
                <Baseline points="1109,1734 1153,1734 1198,1736 1243,1736 1288,1737 1332,1738 1377,1739 1422,1740 1467,1742 1511,1743 1556,1745 1601,1748 1646,1749 1690,1750 1735,1752 1780,1754 1825,1755 1869,1756 1914,1758 1959,1760 2004,1760"/>
                <TextEquiv>
                    <Unicode>wegen vff zume stellen laßen, er hin</Unicode>
                </TextEquiv>
            </TextLine>
            <TextLine id="r3l27" custom="readingOrder {index:26;}">
                <Coords points="1106,1797 1158,1834 1256,1807 1399,1848 1496,1817 1729,1849 1782,1823 1828,1848 2030,1837 2017,1805 1670,1799 1621,1751 1272,1786 1106,1771"/>
                <Baseline points="1112,1796 1157,1798 1203,1800 1248,1802 1294,1804 1340,1805 1385,1807 1431,1808 1476,1810 1522,1811 1568,1812 1613,1814 1659,1815 1704,1816 1750,1817 1796,1818 1841,1820 1887,1821 1932,1823 1978,1823 2024,1824"/>
                <TextEquiv>
                    <Unicode>weg gewichen, vnd vndwegen In einem</Unicode>
                </TextEquiv>
            </TextLine>
            <TextLine id="r3l28" custom="readingOrder {index:27;} place {offset:6; length:15;}">
                <Coords points="1091,1870 1294,1912 1362,1883 1502,1909 1553,1885 1779,1918 1982,1897 1984,1854 1890,1873 1854,1838 1672,1855 1619,1825 1588,1852 1410,1860 1376,1825 1324,1846 1273,1811 1143,1837 1093,1818"/>
                <Baseline points="1097,1856 1143,1860 1189,1864 1235,1868 1282,1871 1328,1874 1374,1875 1420,1878 1467,1880 1513,1881 1559,1881 1605,1883 1652,1884 1698,1886 1744,1886 1790,1887 1837,1889 1883,1890 1929,1892 1976,1895"/>
                <TextEquiv>
                    <Unicode>dorff Feyburger piets befragt worden</Unicode>
                </TextEquiv>
            </TextLine>
            <TextLine id="r3l29" custom="readingOrder {index:28;}">
                <Coords points="1106,1929 1296,1962 1734,1959 1775,1998 1817,1967 1844,1992 1999,1966 2044,1987 2048,1904 1989,1877 1843,1941 1107,1898"/>
                <Baseline points="1112,1919 1158,1924 1204,1928 1251,1932 1297,1935 1343,1938 1390,1940 1436,1943 1482,1944 1529,1946 1575,1947 1621,1949 1668,1950 1714,1952 1760,1953 1807,1953 1853,1956 1899,1958 1946,1961 1992,1963 2039,1967"/>
                <TextEquiv>
                    <Unicode>wo hin er wolle er denselben geantwortet</Unicode>
                </TextEquiv>
            </TextLine>
            <TextLine id="r3l30" custom="readingOrder {index:29;}">
                <Coords points="1097,2010 1353,2036 1423,2003 1640,2051 1710,2025 1970,2037 1989,2001 1742,2001 1606,1969 1555,1998 1394,1958 1343,1989 1218,1934 1099,1956"/>
                <Baseline points="1103,1989 1149,1992 1195,1995 1241,1998 1288,2002 1334,2004 1380,2006 1426,2008 1473,2010 1519,2012 1565,2015 1611,2016 1658,2017 1704,2018 1750,2021 1796,2021 1843,2022 1889,2024 1935,2024 1982,2025"/>
                <TextEquiv>
                    <Unicode>der Landtvogt stelle nach Im er wolle</Unicode>
                </TextEquiv>
            </TextLine>
            <TextLine id="r3l31" custom="readingOrder {index:30;} person {offset:17; length:9;}">
                <Coords points="1108,2085 1278,2081 1459,2134 1532,2097 1700,2131 1781,2095 2027,2111 2029,2058 1965,2082 1690,2070 1413,2008 1323,2059 1258,2014 1111,2018"/>
                <Baseline points="1116,2057 1161,2062 1206,2067 1251,2070 1297,2074 1342,2077 1387,2079 1433,2083 1478,2085 1523,2087 1569,2089 1614,2091 1659,2092 1704,2093 1750,2094 1795,2095 1840,2096 1886,2097 1931,2097 1976,2097 2022,2099"/>
                <TextEquiv>
                    <Unicode>sich vßeren, die Feyburger widerumb</Unicode>
                </TextEquiv>
            </TextLine>
            <TextLine id="r3l32" custom="readingOrder {index:31;}">
                <Coords points="1090,2137 1404,2181 1581,2150 1626,2176 1834,2175 1894,2217 1987,2205 1990,2159 1932,2131 1839,2149 1782,2111 1703,2148 1623,2096 1498,2139 1370,2131 1329,2095 1218,2119 1095,2063"/>
                <Baseline points="1097,2115 1141,2122 1185,2129 1229,2135 1274,2139 1318,2144 1362,2147 1406,2150 1451,2153 1495,2154 1539,2156 1583,2157 1628,2160 1672,2161 1716,2163 1760,2165 1805,2166 1849,2169 1893,2172 1937,2175 1982,2180"/>
                <TextEquiv>
                    <Unicode>zu ime gsprochen, er solle nit wychen</Unicode>
                </TextEquiv>
            </TextLine>
            <TextLine id="r3l33" custom="readingOrder {index:32;}">
                <Coords points="1088,2199 1232,2239 1390,2220 1453,2257 1494,2228 1634,2227 1808,2284 1972,2264 1976,2208 1834,2229 1692,2177 1638,2202 1506,2164 1429,2201 1252,2164 1160,2180 1092,2147"/>
                <Baseline points="1095,2186 1138,2191 1182,2197 1225,2202 1269,2205 1313,2209 1356,2213 1400,2216 1443,2219 1487,2222 1531,2224 1574,2226 1618,2229 1661,2231 1705,2233 1749,2237 1792,2239 1836,2243 1879,2247 1923,2251 1967,2256"/>
                <TextEquiv>
                    <Unicode>den er habe gute h. vnd Oberen, habe</Unicode>
                </TextEquiv>
            </TextLine>
            <TextLine id="r3l34" custom="readingOrder {index:33;} person {offset:3; length:9;}">
                <Coords points="1097,2257 1221,2322 1324,2288 1402,2321 1492,2298 1758,2314 1811,2355 1900,2326 2001,2341 2006,2282 1955,2264 1887,2304 1777,2274 1689,2291 1624,2258 1443,2276 1304,2215 1238,2245 1101,2198"/>
                <Baseline points="1103,2255 1147,2261 1192,2267 1237,2273 1281,2278 1326,2282 1371,2286 1415,2289 1460,2292 1505,2295 1550,2297 1594,2299 1639,2301 1684,2303 1728,2307 1773,2309 1818,2313 1862,2316 1907,2319 1952,2323 1997,2330"/>
                <TextEquiv>
                    <Unicode>er Behgbordt zuen widrumb geant¬</Unicode>
                </TextEquiv>
            </TextLine>
            <TextLine id="r3l35" custom="readingOrder {index:34;} place {offset:18; length:9;}">
                <Coords points="1094,2329 1312,2392 1352,2363 1622,2417 1682,2386 1761,2416 2008,2409 2012,2337 1783,2366 1718,2315 1680,2343 1578,2316 1502,2344 1097,2289"/>
                <Baseline points="1100,2319 1145,2327 1190,2334 1235,2340 1280,2347 1325,2352 1370,2356 1416,2360 1461,2364 1506,2367 1551,2369 1596,2372 1641,2374 1686,2377 1732,2379 1777,2381 1822,2384 1867,2388 1912,2390 1957,2394 2003,2397"/>
                <TextEquiv>
                    <Unicode>wortet, ja sy die Fryburger habent</Unicode>
                </TextEquiv>
            </TextLine>
            <TextLine id="r3l36" custom="readingOrder {index:35;}">
                <Coords points="1112,2402 1198,2432 1269,2420 1313,2453 1578,2449 1646,2485 1821,2466 1958,2506 1968,2436 1929,2411 1881,2447 1776,2433 1726,2397 1636,2433 1512,2387 1479,2414 1426,2388 1377,2413 1344,2374 1229,2390 1116,2358"/>
                <Baseline points="1119,2384 1161,2393 1203,2400 1245,2408 1287,2414 1329,2420 1371,2425 1413,2429 1455,2433 1497,2437 1539,2440 1581,2444 1623,2446 1665,2448 1707,2451 1749,2454 1791,2457 1833,2460 1875,2463 1917,2467 1959,2472"/>
                <TextEquiv>
                    <Unicode>vol guesh vnd Obern, ob er nit</Unicode>
                </TextEquiv>
            </TextLine>
            <TextLine id="r3l37" custom="readingOrder {index:36;}">
                <Coords points="1096,2463 1301,2517 1348,2495 1939,2563 2014,2562 2021,2493 1596,2498 1497,2452 1453,2477 1292,2457 1230,2414 1178,2446 1102,2403"/>
                <Baseline points="1104,2447 1149,2458 1194,2467 1239,2475 1285,2482 1330,2489 1375,2494 1421,2499 1466,2504 1511,2508 1557,2512 1602,2514 1647,2518 1692,2522 1738,2525 1783,2528 1828,2531 1874,2535 1919,2541 1964,2546 2010,2550"/>
                <TextEquiv>
                    <Unicode>dan syne h und Oberen sent nit wärt</Unicode>
                </TextEquiv>
            </TextLine>
            <TextLine id="r3l38" custom="readingOrder {index:37;}">
                <Coords points="1083,2535 1136,2522 1487,2607 1693,2599 1821,2642 1951,2625 1955,2588 1789,2552 1617,2524 1486,2558 1377,2544 1337,2502 1309,2523 1251,2486 1090,2478"/>
                <Baseline points="1092,2507 1134,2518 1177,2528 1220,2537 1262,2546 1305,2553 1348,2560 1390,2567 1433,2573 1476,2578 1519,2583 1561,2586 1604,2591 1647,2594 1689,2597 1732,2600 1775,2603 1817,2606 1860,2609 1903,2612 1946,2615"/>
                <TextEquiv>
                    <Unicode>d sy Vnderthanen habent, Vnd sy die</Unicode>
                </TextEquiv>
            </TextLine>
            <TextLine id="r3l39" custom="readingOrder {index:38;} person {offset:0; length:12;}">
                <Coords points="1096,2589 1232,2638 1381,2638 1408,2667 1612,2666 1666,2721 1742,2731 1849,2693 1886,2721 1993,2705 2002,2637 1830,2659 1759,2610 1638,2631 1583,2590 1488,2621 1436,2591 1391,2620 1283,2562 1189,2571 1142,2524 1103,2535"/>
                <Baseline points="1103,2576 1147,2587 1191,2597 1235,2606 1280,2614 1324,2623 1368,2630 1412,2637 1457,2643 1501,2649 1545,2654 1589,2660 1634,2664 1678,2669 1722,2673 1766,2678 1811,2682 1855,2686 1899,2691 1943,2695 1988,2700"/>
                <TextEquiv>
                    <Unicode>Viblispurger habint einen Gott behüet</Unicode>
                </TextEquiv>
            </TextLine>
            <TextLine id="r3l40" custom="readingOrder {index:39;}">
                <Coords points="1108,2654 1533,2748 1598,2732 1915,2792 1995,2789 2004,2730 1967,2706 1893,2740 1848,2697 1781,2734 1674,2725 1546,2676 1473,2690 1434,2660 1268,2628 1225,2657 1170,2612 1113,2620"/>
                <Baseline points="1115,2643 1158,2654 1202,2665 1246,2674 1290,2683 1334,2692 1377,2699 1421,2705 1465,2712 1509,2717 1553,2724 1596,2729 1640,2734 1684,2740 1728,2745 1772,2750 1815,2756 1859,2760 1903,2765 1947,2771 1991,2777"/>
                <TextEquiv>
                    <Unicode>ens seinen tieffell zum landtvogt.</Unicode>
                </TextEquiv>
            </TextLine>
            <TextLine id="r3l41" custom="readingOrder {index:40;}">
                <Coords points="1102,2720 1195,2772 1280,2755 1543,2813 1802,2829 1929,2885 2014,2854 2020,2814 1932,2794 1886,2819 1775,2757 1661,2788 1564,2776 1520,2736 1362,2746 1266,2691 1177,2702 1112,2654"/>
                <Baseline points="1110,2708 1157,2720 1204,2733 1251,2743 1299,2754 1346,2762 1393,2771 1441,2778 1488,2786 1535,2793 1583,2799 1630,2805 1677,2810 1725,2817 1772,2822 1819,2827 1867,2832 1914,2838 1961,2844 2009,2850"/>
                <TextEquiv>
                    <Unicode>Welcheßer er aber nit woll bekentlich syn</Unicode>
                </TextEquiv>
            </TextLine>
            <TextLine id="r3l42" custom="readingOrder {index:41;}">
                <Coords points="1103,2788 1210,2807 1246,2843 1337,2827 1566,2887 1621,2873 1758,2939 1832,2920 1897,2971 1967,2957 1976,2903 1860,2845 1619,2855 1110,2748"/>
                <Baseline points="1112,2775 1154,2786 1197,2796 1240,2806 1283,2815 1325,2822 1368,2831 1411,2840 1454,2847 1496,2854 1539,2861 1582,2868 1625,2875 1667,2881 1710,2887 1753,2893 1796,2899 1838,2905 1881,2909 1924,2915 1967,2921"/>
                <TextEquiv>
                    <Unicode>allei habe er domolen wol gredt, sy</Unicode>
                </TextEquiv>
            </TextLine>
            <TextLine id="r3l43" custom="readingOrder {index:42;}">
                <Coords points="1103,2844 1245,2916 1296,2894 1364,2934 1408,2918 1463,2954 1552,2946 1612,2992 1737,2980 1742,2952 1694,2907 1626,2916 1588,2881 1450,2900 1114,2794"/>
                <Baseline points="1112,2832 1143,2841 1174,2851 1205,2860 1236,2869 1267,2877 1298,2885 1329,2892 1360,2900 1391,2906 1422,2913 1453,2919 1484,2925 1515,2931 1546,2936 1577,2941 1608,2946 1639,2952 1670,2957 1701,2963 1733,2967"/>
                <TextEquiv>
                    <Unicode>Sangen haugit</Unicode>
                </TextEquiv>
            </TextLine>
            <TextEquiv>
                <Unicode>143
biß in die Wadt gereißet, vnd das damalen
der Barrall das Silbergschwe entframbrt
er habe ab hein Woren darumb gwußt,
noch vil weniger darzu verholffen, Er
lagbordt sye auch zwar darnach mit
gesagtem Barrall, widerumb nach
hennat gereißet, und als sy in sin huß
kommen habe Barvoll inne angsprochen
er wolle imme, das by sich habende silber
gschwe behalten, welliches er gethan, wyl
ervermeint, das es yn sye und nit das er
es entfrömbdet habe. Glich hernoch
komme her landtvogt Allman solig
zu syn Elsybordts huß vnd begere an
Iue, das er Ime das Buffet, darin
das Silbergschir gsin, offnen wolle wol¬
ehes er gethan, do d habe der heren landtvogt
das Silbergschier genomen, dem er den
anzeigt, wer es Ime Zubehalten geben
habe. Es sye abr derarral schon hin
weg gsin, also das er nit ergriffen werden
gen
Item ist er befragt worden, als der herren landt-
vogt von synen berangnen fäleren
wegen vff zume stellen laßen, er hin
weg gewichen, vnd vndwegen In einem
dorff Feyburger piets befragt worden
wo hin er wolle er denselben geantwortet
der Landtvogt stelle nach Im er wolle
sich vßeren, die Feyburger widerumb
zu ime gsprochen, er solle nit wychen
den er habe gute h. vnd Oberen, habe
er Behgbordt zuen widrumb geant¬
wortet, ja sy die Fryburger habent
vol guesh vnd Obern, ob er nit
dan syne h und Oberen sent nit wärt
d sy Vnderthanen habent, Vnd sy die
Viblispurger habint einen Gott behüet
ens seinen tieffell zum landtvogt.
Welcheßer er aber nit woll bekentlich syn
allei habe er domolen wol gredt, sy
Sangen haugit</Unicode>
            </TextEquiv>
        </TextRegion>
    </Page>
</PcGts>
