4000 3000
420 122 868 219 sanb Dene
325 182 996 294 Wysenslein wonhafft
122 316 1030 465 Nlodenn uff Montag den 2. juni 162
173 370 975 469 u anseigen und beuelch meiner g
96 406 992 517 Und Eberen durch s Burebgardt
171 437 1008 548 Fischern Großweybel Hans Heng
177 475 1012 588 ih Wyslenstehin wonhafft über zug
182 513 1012 625 göltzeren brangene fräffel und
181 551 1009 668 dehwegen denselben zugefugten
220 586 970 696 gaantun ßer mannenkes
971 607 1040 674 al
220 625 993 722 it worten erforschet worden
206 662 1008 774 hatt sich derselbig shnn form, s
217 699 1009 805 gestalt wie vfolget verantworten
171 748 711 851 unnd versprsehenn
767 747 804 817 1
177 821 1014 975 Dash dem er sinejunge tag und i
214 902 1015 983 mit großser schwärer handtarbei
181 930 1011 1023 es sye in erg als auch anderenn
234 970 1026 1062 vercken, sowylh angewendt und
149 1006 1015 1112 zubracht das er nisner Ins
191 1043 1029 1135 hoches alter kommen und deswegsen
189 1080 1031 1181 Ime sölliches feerners zeuerdein
203 1117 1024 1215 vemeiglich, habe er mit desto weid
208 1157 1030 1250 damit er nit dem allmusen nach
173 1193 1019 1302 süchen oder ander Rütremn sunsten
178 1242 1027 1360 pffallen müße, sich beisgero, so was
206 1288 1035 1380 Inne müglich gsin, mit leitagenn
160 1324 1035 1423 und schrägenn macgen alsofuror
196 1361 1023 1469 das er siider nahringhalben nie¬
214 1392 1013 1484 mandt beschwärlich gsin, tedor
203 1445 1032 1544 zwar dessgoltzes, so er also eebrin
212 1478 1039 1567 byyngefarlichen wf oder 15 stocken
191 1530 1041 1623 Junger durer dannlenen. unde
213 1569 1033 1648 meerd im wyssenstein unerlom
217 1604 1026 1695 wider gehauwen vnd gefelt vnd ab
222 1648 1034 1727 Inne einesmals jost der Breigar
216 1687 1027 1782 Im bewalten wyßen stein er zalte
220 1730 1036 1818 maßen fräflende funden und deß
236 1782 1010 1862 sich zewüissig eriandt, habe er
245 1811 1026 1906 söllichem gefolget und alto daselb
235 1849 1033 1944 yters nit geträflet, sinsten
223 1903 1035 1985 Im überien haber an anderen
221 1931 1035 2012 lnden unid horten auch geholtze
214 1984 1028 2060 als im wäberen und Bumplitz
212 2020 1027 2097 Holtz, jedoch meeren tweills in dem
214 2056 1042 2146 Holtz, so der gemeint waberen gehe
195 2093 1037 2196 Welletes aber alle syts mit bewi
187 2141 1030 2238 ung yugangen und besegach sye
955 2237 1000 2288 a
152 2247 1039 2369 Ist uff zintag den 5. juni 1617
291 2315 1044 2406 ensur und abtrageostens, wo er
142 2359 1037 2455 zuerleggen ledig und ussgelaßen
194 2384 1041 2487 worden, mit dem geding das uf in
193 2437 1041 2543 Holtzeren und walßen wybers ze
212 2468 1054 2575 sich benermydenig geernerer
200 2513 1034 2627 gentzlichen entziihen und müß.
168 2587 608 2673 wölle unnd sölle,
2047 86 2095 152 19
1414 155 1943 237 ielans Ganter.
1302 199 1910 293 ff der Wolffstäge
1161 294 1905 387 Si rytera den tichsten tun¬
1933 315 2071 372 1612.
1312 354 1907 410 uß benelch niner ge
1915 360 2038 409 ennd
1136 365 1899 454 Baren durch s Burckhardt z
1923 397 2040 449 ihern
1183 419 2051 480 Brossweybel ward wielaus Gauler
1168 443 2082 533 uf der wolfstäge der ampeyung brachsel
1159 483 2108 572 waldt über zume gezigte h Peterman
1174 523 2064 611 walden als sinem herren bewisnern.
1165 548 2021 646 trüw und warumb er sich des hntzen
1176 592 2045 688 beützeret, in der wamzenkefe alhie
1163 628 2005 706 meit ernstgafften worten befrstgt
1141 657 2049 748 worden, hatt er sich über daßelbig vol
1162 701 2067 785 gender maßen vvsprochen und haruf
1142 735 2053 823 wahr syn bekend, wie das er sich umb
1199 780 2007 851 vmb missgemit, das er gedachten
1202 810 2076 880 mein herren über ein schafftli brochen
1163 847 2076 927 jarns ein dirken fürhin zogen und u
1175 883 2046 964 derselbigen by den sachtbatz, darunder
1180 924 2078 1006 eige zuger dieken, das überig Inmuntz
1150 957 2099 1042 und nit meer gsin genommen, obwellichen
1158 1000 2031 1086 inne dann die jungkfrauw angene¬
1167 1043 2084 1118 bezogen, darumb dann dasselbig allen
1162 1080 1995 1153 unnd sinst kein andere ursach sye
1151 1110 1987 1200 das er sich deg guzes geüteret habe,
1225 1176 2092 1266 wrrg befragt, ob er nit uf ein zytl ei
1235 1232 2017 1299 gutten theill gelts bysamen zun
1235 1264 1979 1332 heinem srebel gehabt und einer
1186 1300 2025 1371 grihten person dey Zuger dickem
1187 1344 2037 1399 afgewachssleg, wo er dasselbig genommen
1183 1368 2043 1441 oder war es imne gegeben gabe, ist synn
1159 1407 2013 1483 bescheidt, das als der Hans pleins unß der
1216 1442 2031 1504 Lanttschryber von Lentzburg vor
1161 1469 1213 1522 g
1166 1479 2091 1545 etwas sybs alhie gsin syëndt, sy imme domah
1154 1519 2097 1588 len dasselbige zu trinckgelt geben gabind
1128 1562 2020 1673 Detstlich befragt, ob er gedachtem sinem
1185 1622 2081 1696 herren in den zweyen Jaran, wyl er e
1165 1681 2058 1733 pat gedienet, nie teinliche oder andere
1149 1706 2077 1775 untruw erzeigt, ist syn antwort nei
1184 1738 2051 1800 under er sich rgert dißem weder gegen
1166 1790 2012 1840 im noch anderen inemalen söllcher
1165 1819 2073 1884 sonders jeder syth unklagbarer mahen
1184 1856 2069 1921 gehalten und tragen habe, wo er aber in
1165 1900 2093 1945 Sitzerei möchte verfält han, wie er sich
1156 1922 2053 2002 dann deßen bekendt, so sye es imme von
1168 1983 2070 2034 gartzen Leidt vnd betee deßwegen Gott
1152 2010 2088 2078 wie ouch ein hoche Oberkeit, vnd sien
1104 2031 1132 2078 C
1169 2062 2124 2109 Herren vmb gnedige Verzychung neben
1169 2095 2067 2148 anerbietung sich in daskünfftig der
1141 2117 2069 2188 möshen zeuerhalten, das man der¬
1150 2155 2058 2239 geygen, noch mit vngeburliches von
1137 2188 2135 2277 Im nit hören noch vernemmen werde,
1190 2267 2097 2354 It zwarpf sambstag den 14 junii in
1107 2322 2094 2386 bywes opstadt und s sogarßbenvon
1164 2361 2027 2422 stüren des rahtswyters examiniert
1078 2397 2115 2454 worden, hatt aber feerners nit bekannen
1135 2432 2061 2481 wöllen, deroweg er uff montag den 26.
1130 2472 2064 2526 vmelts monats vf ein Scharpfe Censur
1309 2495 1808 2577 ggelaßen worden.
1139 2508 1271 2567 ledi
