4000 3000
205 34 1009 184 Demnach hat er Schmid auch beken
153 104 983 235 Wie das er mit fünff oder sächt
179 154 989 282 meinen tirnen, sich inn wärcken
199 212 989 311 hurey, verganngen, Dauon er
172 249 1058 409 gemelden, die Plater Kranckherÿf
203 301 633 392 überkommen,
643 306 962 405 Valcheren der
985 376 1032 433 1
174 360 1035 501 richter zu bryburg Inne Curiers
194 418 1036 538 unnd diewyler nit wenig schmeit
211 468 1038 588 deßhalb eydenn müßen. hab er byse
208 521 1020 640 solb geschworenn, vnnd glops sich zu
199 568 1041 715 derglychen Sunden, nit mer, Zeuerge
208 624 1040 745 vnnd so er solches thun, vnnd das soe
198 680 1013 783 gschwören übersuchen werde, sölle
202 730 1044 856 leydige Eüffel, vor dem vns Gott
156 784 1028 894 war, gwaldt zu Imme haben, vnnd
211 839 648 921 Inn Zerzeeren,
662 842 1025 953 Volchen Schwar
199 891 1027 1002 vnnd daruf beschechne glug Aber, e
187 955 1032 1059 hernach nit gehaldtenn, sonndern Im
197 1005 1010 1120 hury sich wyter vergangen, Allso
205 1063 1013 1149 das er deßhalb ouch nit wenig an
171 1115 1037 1215 tächtungen gehept, sie Im Aber Alle
209 1172 1003 1265 vonn grund sines härtzens wyd
193 1322 1054 1404 Vff sölliche des gedachten Pater Schnid
200 1381 1048 1477 bekanndte hoche schware, vnnd Abschich¬
194 1436 1036 1529 liche mißhandfungen, habent hochge¬
183 1487 1048 1583 namit nun Gnedig Herren vnd Wete¬
204 1542 1042 1639 Schultheis räth unnd Burger diser
203 1605 1030 1681 Coplichenn stagt Bern, vff Iren
194 1644 994 1748 zu rechterkenndt vnnd gesprochen,
200 1716 1036 1838 as man inn dem Nachrichter beuelh
199 1805 977 1902 der Inne Obenns vff gwonnlich
194 1859 1023 1938 Richtstatt furenn, Ianna Allda Wy
194 1906 1026 1991 er uß grosem rüwen sine begangne
196 1960 990 2057 fäler, freywillig bekhenndt vß
203 2010 1030 2103 sonnderer gnad unnd Barmhertzigkey
199 2071 1021 2162 yn haupt Abschlachen, Demnach der
186 2114 1027 2225 Cörpel ium ein brönnent für werse
194 2181 1018 2276 zu Pulfer vnnd Aschen, verbrönnet
173 2234 1014 2314 unnd allsovom laben zum thodt na
184 2288 1002 2389 keyserlichem rechten, richten solle
107 2418 1026 2539 bgeschribne Urteyl ist uff zinstag de
158 2483 1021 2585 6. jannarii an imme schmid vollzoget
125 2534 720 2643 unnd erstattet wordenn
2032 26 2102 104 43
1126 58 2064 278 Leonuid cildiee zu
1323 168 1940 302 blgon zun annemnen
1558 232 1750 314 Puntig
1127 263 2088 453 Dennach Leonare Moree zu Ryen zun
1134 325 2082 491 annerien fürtig jungstuerschines zinstagt
1133 375 2092 534 wyl er einem so sich matys Cristen namhet.
1158 442 2053 590 sinen seckel uß dem hohensack vernn.
1148 473 2133 624 beüwet, gsenngklich ynzogen wordenn, haben
1153 529 2127 659 Vß beuelchmmer Gnedigen herren vnd Ober¬
1150 584 2133 712 die Ehrenuesten, Frommen, fursichtigen, Wy
1160 631 2138 738 sen herrenn, Johanns von Büren des kleynen
1150 700 2098 812 Raths. Hanns Frantz von Wattenwyl der
1152 746 2115 861 Burgeren, Burckhart Fischer Großweyb
1162 799 2014 902 el uff frytag den 20. februarii
1126 832 2110 966 Diß 16 13. jars inne Moree zu Marzil
1167 884 2112 997 mit marter examnniert. Der haz volgent
1159 944 2109 1042 nachuolgennde diebstäl, bekenndt vnd ver¬
1144 1033 1309 1113 sächenn
1110 1069 2100 1188 Eestlichenn denn obanzognen Inn der statt
1129 1127 2121 1239 Allhie begangnen diebstal betreffent, dasen
1141 1179 2055 1272 hat erzwar unfaungs nit kandtlich syn
1129 1223 2038 1307 wollenn, mit furgäben, er habe die Ay¬
1142 1256 2111 1367 Im gefundnen Lutzernschilling, vnnd Eydt¬
1141 1316 2070 1412 gnosiche diekenn, by Nuwenburg gegen
1144 1367 2098 1459 französischem gellt, damit er uff Basell.
1154 1420 2093 1513 zu sinem bruder, so ein schnyder sie reyset
1152 1467 2119 1539 miöge, Verwechstlet, nachwerdts Aber alle
1147 1516 2068 1609 er diß diebstals Anreed worden, hat er
1139 1569 2128 1634 anzeigt. Wie das er obberurter her¬
1141 1612 2038 1693 son, denn seckel uß sinem Hosensacks
1147 1670 2071 1746 genommen, volgendts das gällt uß dem
1127 1710 2067 1795 sselben gethan, Inn ein Lumpen bunden
1145 1767 2068 1838 vnnd den Seckel wag geworffenn. Wie
1157 1807 2047 1880 nun er nach demselben einem Furstman
1149 1848 2088 1939 ouch Inn syn hosensack griffen, habe die
1118 1899 2092 1982 Person vorgemelt solches ersächenn, Inne
1134 1951 2114 2042 volgents bim arm urwütscht, das gällt
1157 2003 2132 2097 ber Im wie obgemelt endtzuebt, wider
1143 2047 2121 2166 gnommen, und Inne Inn gfangenschaft
1133 2096 1307 2185 gfürt,
1082 2146 2131 2304 Allsnunmme herren vff solches Ime furge¬
1108 2222 2079 2332 haldtenn. Wyl er sinem fürgaben nach
1135 2282 2087 2399 vff Basel zureysenn wollen, hate er nit
1125 2333 2067 2453 gan Frybung, noch hieherreysen söllenn
1105 2372 2134 2504 muse derhalbenn volgen, das syn furgab
1120 2426 2114 2563 en nit warhafft, vnnd er sanß anderen
1142 2473 2111 2614 so verschinnen Zinstags ouch Allhie Arg¬
1130 2542 2111 2654 Wönischer wys gsechenn worden vonn dieb
1108 2567 2089 2730 stals wägenn inn diß lannd, komen syn
1118 2622 2111 2784 deßhalbenn Inne Alles ernsts sie nicst¬
1114 2685 2088 2821 schanndlungen zubekennen, ouch war unnd
1129 2731 1950 2881 wie sine gspanen sien, vermanndt
