4000 3000
1 2479 168 2576 ein zygla
277 105 424 163 damiht
222 35 943 221 und als er stüßi auch anclagt
252 144 984 313 allen solte er synen zuzug deße
242 186 991 376 auch gegen Frömbdt vnd Landtlich
253 245 914 418 bruchen und reben könne,e
245 307 894 452 stal von h mey am stali
231 389 839 526 haben der Landtluten Roß
925 423 965 473 e
837 470 970 548 darÿn
230 440 877 580 stellen und sy zebeherbrig
224 532 886 660 deswegen gemelhter E Mey auch
220 592 934 729 worden. der zuget nun, wie das
247 656 916 788 ehrliche und gwüße landtlüt
936 696 1002 765 tlich
943 765 990 814 von
215 738 863 847 Signoūne, Inne sangesprochen
889 809 989 870 das van
216 796 994 939 sy alhar zu Märit oder haunß konnen
238 879 985 993 das er sy wolle ire roß in syn stal
220 932 992 1064 Instellen laßen, welches er Inen zus
236 1014 994 1120 willig vergunstiget, vnd es habe
244 1074 987 1221 gedachter Stüßt denselbigen Ire Ros
239 1140 976 1266 mithingefurgeret, deß Inzug¬
233 1220 991 1331 halber könne er mit zugen, dan er
215 1276 835 1394 deselben feun acht habe etc.
203 1357 994 1484 Vff Wellichen zugenommen brichten
228 1448 981 1551 uß ußg benelch, sy die gefangnen,
212 1507 956 1613 uff 29. maii diß Jars, durch den
207 1571 977 1678 fro für ersamen und wyser
179 1636 989 1745 Brath Fischer, deß kleinen rhats und
207 1711 986 1804 H Großweibel Kilchberger nit er
216 1779 981 1888 hafften frortten, vnd betröuwungd
201 1848 880 1952 martter exammiert worden.
176 1863 1050 2016 Da hat nun die gemelte Nybßgershg
1009 1972 1070 2022 nden
191 1956 975 2089 Margreth Kummer genant von Hert
218 2035 985 2162 genbuchsi vermeldet und bekent, we
200 2090 981 2216 das ir man mit ums sy sach unlag
208 2158 998 2291 alhie verehrlichet vnd zu Muri kh¬
215 2220 951 2348 recht mit einanderen gethan, dise
187 2290 958 2424 ungfar vor 3 wuchen ehe er zu
185 2358 990 2487 Alpp gangen, sy dem Stüsi zalten
167 2407 975 2565 huleherbergen vmb etwas Ruckenv
192 2483 943 2620 ziger verdinget, da sy ich der
205 2541 976 2692 sidthar mit arbeiten fr ander
189 2590 973 2765 personen vff der Schautz, Item and
193 2706 927 2850 mit woschen waschen erhaltenn.
1876 59 1975 138 194
1050 80 1978 210 war könne sy nit ab syn, den das h. spatigst
1057 160 1951 266 unecht jros mithin sam abent nach dem
1094 214 1971 326 Nachtäßen wan sy heimkommen, ein stückli
1100 275 1899 372 brott gäben wie ein Almusen gäbten
1080 317 1926 447 der knecht aber habe der anderen hußf
1098 401 1914 500 bey deren un im underen Stübli wone
1098 463 1908 564 vi mehr gäben dan fra das  sy ab
1102 517 1927 627 sönne anzeigen, dzs der Knecht solches
1101 578 1927 683 syinem h. vnnd G hinderricke und
1062 646 1950 749 unwisent gethan oder nit mar sy nit
1092 702 1856 819 wäßen, deß Inzugs halber
1094 771 1955 871 könne, sy mit anzeigen, dan sy noch nit
1092 831 1949 936 lans blda gewonet, gange am mor¬
1100 893 1951 998 gen zytlich an die arbeit, komme znacht
1092 955 1889 1064 spat heim wol habe sy 3 Jungf.
1103 1019 1858 1116 mithin am sontag sehen dahin
1088 1083 1877 1190 wandtlen, die eine syn ab deß m
1088 1145 1857 1248 de andere, Synes äber Knechts
1098 1212 1909 1306 geschwyn, welche dan auch mithin mit
1098 1270 1959 1372 einanderen gesen vnd truncken sy die
1088 1326 1956 1446 gefangne habe sich Ires nüt angenommen
1088 1388 1703 1500 anders könne sy nit sagen
1076 1463 1919 1576 Als nun stüßi auch ernstlich befragt
1089 1536 1950 1629 worden der hat im wenigosten keines in
1082 1592 1938 1687 hunß nit gestendig Iu wellen, anders
1088 1650 1922 1739 den das vorgemelte 2 mögt, als yns
1082 1716 1904 1816 vnd deß Knechts gschiegen etliche mol
1076 1773 1965 1881 zu Inen alls ein frundt Zum anderen ge¬
1101 1839 1932 1933 wandtlet, hofft abr amselben nüt veren
1098 1901 1929 1997 fält zu haben, zwar sye nit ohn, den
1079 1964 1931 2080 mithin syne kundste, welche zur ire
1081 2029 1910 2127 Mupper, zu Körben wir auch brot
1093 2102 1911 2197 vnd möhl wie der bruch vom Mupp
1075 2149 1958 2278 zubringnit, das ab etwas ungepürlichs
1083 2220 1933 2354 zusynem hieß, mit bösem Inzuge, Knechten
1087 2295 1904 2433 vnd Meyten halb, vnd das Ime dieselben
1094 2369 1924 2503 etwas derglychen wie er ob anslagt
1105 2442 1996 2546 werde zubringnit werde sich meiner
1104 2502 1968 2620 mehr vff Inne erfundt, dan Ime hierin
1088 2556 1964 2688 groblich unrecht bescheiche, So vil ab
1098 2618 1981 2781 belanget, das syne hußlüth h spätigs
1091 2686 1927 2821 neuer brott abgenomen vermöge er
1083 2757 1958 2900 selben nüt dan er gantz mit dar
1115 2834 1428 2940 dn gewücht
