4000 3000
185 93 1079 291 Das mann imne dem nachnichter beueh
222 162 1048 317 der znne obenus uff gwonnliche richts
220 207 1030 349 fuhrenn, Bubenndig zur ein brönnen
184 249 1045 397 Verfann zu bulfer vnnd dischen Perbein
1022 282 1082 368 2
232 301 1048 450 snnd allso vom läben zum tadt nach b
200 352 846 463 lichem rechtenn richten sölle
880 408 932 500 .
395 461 1074 649 uff sambstag dene 23, jan
414 564 1039 675 aoru. 1619 Jaro Ist dese b
441 605 1002 723 theÿl. ann Ime erstattet
847 699 1011 765 worden
687 691 777 785 65
1025 750 1053 829 1
299 882 1045 1032 eo Rudien
610 985 857 1079 Schreyer
179 1026 1046 1175 UfDonnstag denn 21 januari
213 1128 1074 1237 diß 6 19 Jars, Ward durch die Ehrenuesten
209 1181 1059 1283 frommen furnemmen, fursichtigen, wysen
197 1227 1037 1320 Herrenn, Casparn vonn Graffenried
212 1272 1033 1379 des kleymenn Raths Ratschryber zu
169 1327 1066 1439 Kmnden, Abraham Bruner, vnnd Groß
185 1399 1062 1474 Weybel Brocher Geörg Riedt by sör
176 1437 1048 1524 linngen fürtig, ein Schreyer, vber nach¬
194 1489 1059 1588 uolgeunde gnneten examinertz, vnnd
209 1544 1056 1631 haben ermellte mine Herren Ima erst¬
186 1595 1035 1677 lich furgehaldtenn. O befinne sen
217 1653 1033 1739 bschynnbargung, nit zunn us einem
207 1698 1041 1785 trucktenn zedel so zunhaldte, mit w
195 1749 1056 1845 Wunderbaren gottslesterlichen worten
227 1811 1059 1906 man ein brönnent für löschen und stil
179 1864 1054 1952 stehennd machen könn, sonndern ouch es
222 1910 1012 2013 annderen hinder Imme gefundnen
203 1967 475 2039 schriftenn
772 1975 1032 2065 eßglychen.
186 2021 1026 2117 Wortenn soer zu Münsingen gredt, er
178 2067 1064 2165 Knnte Namblich machen, das die sapen
188 2130 1034 2232 unnd unholden so daselbst syn möchten.
197 2189 1048 2280 einannderen nach, vß der Kilchenofenz¬
185 2239 997 2334 lich gan musten, as er ein
191 2293 1042 2397 Schwartzkünstlen unnd zouberer sie
197 2348 1038 2460 unnd derhalben mit fulen sachen umb
123 2389 1045 2489 gaunge, Welches nit nun obbemelte
173 2464 1030 2563 schriftenn unnd worth, sonndern auch
127 2509 1072 2639 Das er sich für ein scharpfrichter gsglten
160 2585 1053 2695 und vonn beganngner mishandlungen
2043 6 2098 58 66
1220 36 2130 252 ei zu Einsidlen ein abslaßbrieff über
1155 116 2125 279 wig nen bezügennd vnnd bestättigennd tue¬
1145 168 2056 340 imlich Aber. Das er zum Falcken
1122 212 2066 414 Allhie dise worth ußgoßenn, förchte me
1175 272 2037 449 mannt, unnd wann er glych mit dryen
1127 334 2029 523 pffeinmal sollte fechten. dann er
1179 386 2043 550 manhenn Im Krieg vber dzs Roß. Aeb¬
1142 488 1452 625 gsesten habe
1115 550 2085 710 Girt hierüber zubscheyd. denn truckten
1193 640 2060 777 Vurzedel hab Imne ein Schreyer angfärder
1180 690 2095 823 wys zugstellt, welchenn er zun syn ortznes
1187 743 2055 882 uch gelegt, nit dermeynung, das er etwas
1182 798 2067 929 daruf gehaldtenn, noch das er solchen wellte
1190 844 2136 971 nachtruckenn laßen, einfalte lüth ze betriegen
1185 909 2136 1027 bezüge er im gott, iunsonnderheydt, aber das
1191 960 2108 1074 er kein schwartzkünstler nach zeuberer sie
1192 1028 2098 1139 er sie zwar bekanndtlich, das er die obbe¬
1195 1067 2142 1179 melten imme fürgehaltnen wirth ußgoßen
1195 1119 2069 1227 vnnd gredt. Das sie Aber vff kein bös
1198 1185 2081 1279 ennd, sonndern mir schimpflicher wys. Wyl
1195 1233 2067 1333 die Lanndtluth Inne Anfengklich fur ein
1198 1299 2163 1402 scharpfrichter gehalttenn, Damit er syn war
1199 1343 2166 1437 desto beßer verkouffenn unnd gält losen kann
1193 1409 2082 1504 beschechenn, betreffennt die zum halzken
1178 1457 2088 1564 Allhie vßgeschlagnenn Worth habe er vß
1192 1505 2109 1612 stungedehlt, wyl sinen gspanen stäg unnd
1185 1562 2139 1669 Wägmer dann Ime bekanndt, vnnd das sy
1191 1615 2126 1713 Imme kein wagwysung zuuerkauff sier
1153 1682 2118 1766 Waren gäben gredt. Doch ouch vff kein bus
1415 1734 2124 1828 aseanner von sonnderbarer
1204 1741 1384 1804 ennd
1193 1788 2137 1873 böser mißhandlungen wagen zu Einsidlen
1181 1840 2136 1941 Absolution erlanget habenn solle, sie nit
1195 1903 2137 1970 er wuße vonn keiner Annderen Peligion
1179 1962 2152 2041 Alls der Bappistischen. Inn welcheren erer
1200 2016 2166 2097 zogen unnderboren. Vnnd wyl er brichtet
1209 2073 2113 2159 das das h. Saccramenz zu Einsicken, vil
1184 2130 2182 2212 wurcklicher zue Säligkeyt dann an anderen
1183 2176 2183 2276 Ortenn, sie er dahin greyset, habe das ein-
1162 2227 2176 2325 pfanngen, bychtet, vnnd darumb einen brieff
1206 2289 2166 2383 erlaunget. Hat hiemit keiner untaten
1220 2340 2152 2459 steundig noch kanndtlich syn wollen, sonder
1204 2401 2113 2496 fürgäbenn, er habe unnderschidliche mal
1214 2439 2156 2565 dem Spamer gedient, vnnd nach geheptem
1209 2507 2120 2630 Vrloub sich der Arthney, so er von einem
1211 2568 2107 2681 artzet, Christoff vonn Spyr genannt,
