4000 3000
155 79 1039 293 Denne in einem dörffe sore nit namser b
224 191 1011 357 ein par ahot Steffel, Darißer zachen leen
210 238 762 353 gelößt, endtfrouodett,
200 348 1032 522 Berners Bendicht Schlegel dem Bulffermachen
212 435 969 542 zu Ehun, als er mit imme gans Chen
175 481 1016 611 gangen vnnd sy zu Kißen einmas ge¬
212 534 992 654 truncken habsee Im In Eurernerschillen
210 595 729 691 Zachen batzen genomen
221 697 1029 838 Item aller uff synem schnyder handwerk
218 769 1018 884 zu Sigrißwyl gewanhet, vnnd widrumb
199 838 997 953 vennzuchen wollen, habe er vnderwegen
200 898 1018 993 Funffmaß korn gefunden, die er, vngean¬
215 955 1018 1061 er woll veenomen sy einem Müller so vor
223 1011 998 1113 Im hinweg gfaren, abgfallen einen
212 1067 1012 1172 deßen namen Ime vnbewicht verkoufft
216 1121 1011 1226 vnnd aber mir ein Krutzdicken darufhin
173 1179 462 1277 empfangen,
172 1249 1026 1384 De Murj einem Landtman einehrmen hafen
204 1334 1020 1438 vnnd dei mäß gersten endtragen, demn
224 1403 1025 1491 hafen, dem Rhotgieher am Stalden vmb ein
225 1456 1028 1542 kronen, die gärsten aber einem Lauwer
222 1523 989 1613 das maß vmb vier batzen verkanfft,
216 1624 1007 1722 Dannethin zu Wangen einem frömbden
233 1679 852 1789 zwen zugeedickt f. endtzuckt,
218 1742 1002 1871 Item alls er syner basen Ulli Buchers salige
219 1842 999 1935 Witttwen. gearheitett vnnd sy Im ein
203 1895 1002 1996 wollen tich fürgelegt, haben irn sechs
206 1951 756 2045 Ellen daron verzwartt
172 2030 1037 2166 Zum Kouffluthen alhie einem Jhungen gsellen
200 2106 967 2208 by dem er glegen, ein Zuger diebpf
199 2189 1004 2316 Item zum Mören, einem altten mann
211 2257 1020 2379 wölcher syn geltt, als er von andren nicht
211 2326 1013 2440 gschlagen worden verzütteret, auch einem
202 2390 769 2513 zuger dickpf. hindergaltten
192 2457 1026 2585 Letstlichen zum Schützen alhie ab der tahe
216 2519 1030 2650 ein zimlichen alten mantel, den er einem
157 2576 1021 2708 von worb, deßen nammen im unbewüsßt
211 2616 1052 2775 vmb anderthalbe kronen verkoufft geftoaen
1134 89 2014 306 Bnndimeel myr gnädig wderer wund
1185 156 2001 355 snn ihmme bucher uff verhoffte beßerung
1165 219 1989 410 vngemeltte syne hochbegangee falte vnnd
1168 258 2008 455 ißhandlichiger geschrirbt, mit gnädigen
1164 304 2019 493 vermahnen, sich fusthin mit synerhandarbeit
1169 351 2037 550 znsinderheit dem schnyders handtwerckh ze
1161 410 1999 609 Jesihren hatt doch er dem nit gehorsamen
1168 484 2018 638 doch gevolget, sonderen das gegentheil gethan
1156 531 2057 685 gewaßener zu thun auch gfengklich gezogen
1134 580 2036 753 Datennach pßgestandere Murter vber dasso
1159 637 2079 783 ge fruor felhendt den 22. Aprilis Anno.
1164 731 1563 844 ecbbs verzeegen.
1898 745 1948 814 2
1108 833 2043 973 daß vendrigen Wuttters, er eines Sambstags
1158 905 2079 1031 geß thun gereißet, habe er Hartman Krepß¬
1142 957 2075 1084 einem Furman vorein Ochsen, ein Stock Ancken
1151 1033 2064 1143 abdem wagen genomen, denselben In ein Stal
1148 1102 2084 1219 getragen unnd alls der fhurman hinweg gangen
1157 1171 2036 1263 ersolchen ancken sorngfarlich funffzächen
1142 1232 1984 1324 pfundgewägen, der wirtin bracht unnd
1133 1296 2036 1396 verkouffen wöllen, es sie aber gedachts Fur¬
1134 1362 2004 1453 mans frouw darzu komen, deren er disen
1140 1426 1879 1534 ancken, augentz widrumb zugestelt
1129 1529 1953 1653 Dene einem Landtman von Jegistorff
1135 1611 1928 1701 funffthalbe kronen endtzucht, vnnd
1127 1657 1396 1732 vendtfrömbdet
1141 1765 2022 1896 Berne habe er einem landtman von Ashi alhe
1140 1832 1984 1948 zu bern ein Suma geltts, vngenarlich by
1141 1900 2034 2013 den viee kionen endtfroubdet, hinder ein Beth
1135 1934 1998 2055 gesteckt, es habe aber inne diser Landtman
1134 1995 2003 2127 dergstaltt zuhanden gnomen, das er zunn
1142 2059 2045 2196 dasselbig zeigen, vnnd widrumb geben mußen
1117 2121 2024 2321 Blychergstaltt daselbst zum Bären einem
1131 2229 1999 2378 von heuttingen, nechfnerschinen wintters
1141 2277 2029 2471 uinwehr genommen. Ime haber wider worden.
1105 2348 2036 2585 Dannethin habe er Hanns Cone dem wag¬
1122 2455 2035 2629 meister seliger ein ancken Ballen, so by vier
1122 2506 2009 2685 pfunden gewegt, endtragen, Alls aber der
1120 2559 1977 2744 Wagmeister guenach zu Vttingen zue Ime
1117 2609 2003 2824 komen er imme sechsbuten darfür gebenn
2031 27 2109 103 114
