4000 3000
212 105 957 283 Gorolhen Hermeygeri
339 208 835 312 alhie zu Bein guetttig
139 360 985 515 ffdem decembris diß 1617. jnas b
167 436 987 555 die Ehrenuesten frommen fürsichtigen wyßen
166 489 982 610 Dand Kisan dß keinen eshats Niche d
176 543 997 668 der Bungeren unnd Burckirt hischer Grg
184 604 1000 730 Inen ufgelegtem beuelch nach. Dorothrash
179 653 990 770 meggte Pelger Zubers des endtluffnen In
169 718 1019 846 Ehewys inn de mannenkeffi mit ernsthafftn
176 784 643 862 wortter. examiniert
763 789 1024 898 Vnndwyld
185 812 1015 965 den gandelslutgen endtfrumbte wahren
191 898 1015 1019 hrem zinßflß funden worden, sy alles ernsten
173 950 1015 1079 vermandt anzuzeigen, zu wolicher sy  de
179 1016 1011 1120 ußwas ursach anlaß und bewegung diser
179 1073 1009 1184 diebstal beschachen. Ob sy nit auch in laden
198 1130 1023 1249 gangen unnd wer wylders irem man gselen
189 1212 347 1285 habe etc.
110 1306 1021 1410 Darüber hatt sy vermeldet, sy wüsse nit was mah
74 1354 1023 1485 noch durch wein diser diebstal syt verrichtet woen.
95 1422 147 1490 s
152 1435 1011 1510 vnnd hieruf zu Irer endtschhuldigung, furzogen
173 1475 1019 1575 vnnd vermeldet, Inn der Nacht, alls diser diebstal
181 1537 1021 1637 solle beschächen syn, habe ir man und sy mitirte
191 1599 1020 1692 mutter zu nacht geßen syendt kngfar umb
189 1650 1021 1738 die Nundtestund heimgangen, vnd domalen
174 1709 1015 1805 Irer hußthur zwen ungwont auchstaben oder
179 1753 1006 1843 Zehenfunden, vnd habe Ir Man nachdem er
185 1803 1008 1898 die besichtiget, gesprochen Habis, was er damit
187 1876 982 1972 gnetet, mög sy nit wüssen, daruff sy si
184 1925 1018 2025 mit einandren an ir reüwbeth begabten unnd
172 1988 1015 2084 sye ires wüssens der man nit untzit am mag
152 2054 1017 2157 alls er inn die schul wellen von ir ufgestanden
163 2101 996 2210 nachwerts, alls sy irer mutter zwey Schwyel
172 2161 1015 2274 metzgen helffen, habe der Man nach den Sch
169 2211 1014 2345 zu sonderbaren trögen, darin die wahrensn
160 2289 1014 2397 worden geschickt, vnd domalen dieselben Anv
160 2345 1027 2468 abwasen, daryn than, wie sy nuß dieselben
128 2389 1012 2534 unnd ihn deßhalb, weß die syen gefragt, habe er i
143 2458 996 2579 geandtsforeget, ein kpämer hab im die vetze
141 2513 1026 2642 faßnachten zubehaltten geben, mit der orgenst
149 2566 1015 2709 daser von denselben nemen mögen wasereh
148 2640 1005 2774 doch solches flsyßig verzeichnt und hernach bd
149 2704 999 2825 velsches sy gns gloubt, vnnd habe mit allein
140 2756 1004 2896 sonderen auchsy kleyder davon machen lass
1108 59 2032 258 Möge also nit wüssen, mit wesmieglen
1125 128 1993 307 diser pebstal noch wer ihrem man darzu
1133 175 2031 349 gtholffenn beschachen ye, Ey achte aber ir man
1116 210 2064 397 habt diewachten anfengklich vnder ettlich honn
1121 278 2023 443 sff der oune in Kellertigg verborgen
1117 314 1995 476 vonbedencken, das er sy alls sy von disem
1108 380 1997 558 gouw einem in hrem Staltstehen den Ros
1113 439 2040 594 einwenig zu äßen bracht ufel gschlagen, shabe
1100 527 2037 706 Vffsoliches vorgemelte Herren, Iren wytter fur
1125 614 2001 747 gehaltten, kein froubder gebe derglgegen
1108 650 2059 797 wahren zubehaltten, vil weniger erlotptenn
1122 723 1998 850 ettwas dauon zenemen, noch Zeuer buchen
1119 770 2051 926 so habe sy gfangee den tad und die würdig
1110 838 2053 970 jung smnt dem zeichen eines Bärens versiglen
1123 890 2055 1019 an den Listren gsachen, vnnd derhalben woll
1123 960 2040 1104 gwußt, wohar die komen. Solle derhalben wz
1121 1025 2057 1144 maßen vnd durchwessen hilff, die endtfrömbd¬
1120 1092 2016 1214 ung diser wahren beschachen, bekennen mit
1122 1144 2034 1251 erznerung, wan sy das nit thun, ward sy sich
1120 1216 2025 1333 selbigenschmeetzen und gfarbringen, uff diß
1121 1293 2025 1387 vermachen ist sy abermalen by vorgenden
1103 1349 2025 1426 wortten verfliben, vnnd sich nochmalen, der
1094 1403 1704 1511 vonwessenheit endtscheldiget,
1133 1502 1986 1633 Vnnd alls Iren furghaltten worden Ie man
1127 1597 1988 1688 habe von synem gehexten dienst järlich nit
1122 1656 1947 1729 mehr nehen dem Mußhaffen alls 16 l
1107 1700 2070 1810 Sosendt weder er noch sy keines vermögens habens
1121 1769 2008 1864 grkostlich yngemetget, vnd neben dem sich
1114 1826 2010 1919 Im Spyß vnd tranck so verhaltten, das sich
1100 1889 2031 1991 darob zuuerwunderen, Muße derhalben volgen
1112 1951 2057 2072 das ir man andere diebstäl, darumb sy weß
1102 2013 2058 2139 werde begangen haben. Solle derhalber solches
1120 2073 2073 2183 anzeigen, gibt hierüber zu bscheidn einsonder
1115 2153 2022 2272 dar person uß Wallis deßen sohn by irem
1089 2219 2029 2324 Man zustisch gangen, habe vnlangest Inen
1118 2261 2027 2408 G. 4. geschickt, daruß sy die erkoufften
1113 2331 2011 2451 schwyn bezallt, so gbendt sy auch andere
1101 2397 2087 2537 dischganger, mit welichen sy sich. irst müglich
1097 2453 2039 2596 durchbracht, vnd erhaltten, So habe Ihr
1088 2508 2071 2666 Schwigtr Iren dey Schönstein In guldin Reng
1100 2589 2060 2722 Insetzen gschikt der ein hhabe sich zohen vf thote
1107 2648 2054 2794 die ander vff gale vnd sye der dritt blauw
1117 2722 2016 2864 sse, welche ihr man verkoufft, wie thur
1124 2774 1908 2920 mög sy nit wüssen. Item ouch ungfar
2017 6 2101 77 37
