4000 3000
288 30 853 212 Anna Bemer.
223 147 958 366 Id desten an 1 b s
221 253 910 401 Jars ist Anna Steiner Josph
217 307 962 472 deß zu Borger zu Wichtbeffhuß
240 374 954 526 froüw, durch den ehrenneten fr
219 436 957 595 fürsichtig ersamen und wysen s
215 507 975 650 dauidt Amans deß keinen Rhate
221 577 965 712 vnd h. Großweibell Kilchbergers
208 643 966 772 zu Margili uß V g benelch mit
221 706 975 831 ernsthafften wortten, vnd betröüren
225 787 973 906 der Martzer vmb die verdechtige
234 839 949 960 mit Peter Ellenbegg begangne
198 908 973 1023 Blutschandt vnd andere nishand¬
215 992 928 1090 lungen examiiert vnd befragt
228 1043 357 1120 worden.
207 1103 945 1200 die hat sunn mit wemend auhez
220 1173 982 1263 und riwenden hertzen bekent und vo
219 1227 978 1333 hochen, wie das synich Jad gedachter
240 1296 964 1397 Peter Ellenborg Fra mit vorwüßen
234 1356 957 1457 res Nachers, die Ehe vffrecht vnnd
228 1427 962 1515 redlich versprochen, vnnd daruff uß
225 1479 977 1589 hoffnung, das er sy fürderlich Christe:
219 1560 976 1661 lichem bruch nach zkilchen fueren werd
219 1622 992 1731 beschloffen, also das sy von Ime eines fint
221 1684 972 1791 schwanger worden.Nach dem aberma
219 1765 996 1868 hre schwester Margweth  die Junge
226 1832 991 1925 solliches vermornen, welche nit bim Vatt
227 1883 1003 1979 sonder an einem anderen Orth gedienet
201 1953 987 2071 deren gesagter Beter Ellenberg, jedoch
206 2019 990 2136 Ira der Anna unwusent, zuuor de t
209 2080 971 2216 auch versprochen, sy auch geschwengeret,
217 2163 984 2272 soil iches vernomen, habe sy die Mar
197 2227 981 2350 greth den Peter syner ors gethanen
210 2265 996 2451 Versprechung vnd gethanen beschlassen
203 2376 980 2491 ersineret und inne ira daselbge
187 2414 997 2564 zuhalten vermant unnd erst daei
325 2507 657 2586 die Ehenersprechen
197 2474 978 2633 nach dem dehaler unnd byschlassn
206 2549 967 2689 mit ira der Aeia durch zumr B
186 2617 984 2777 Ellenberg verbracht worden sya ihr
192 2676 981 2839 verwarnet, vnnd Fra der Ann
1831 24 1923 78 190
1065 40 1899 185 wie auch Item Vatter was gedachter
1066 109 1897 251 Hleubers, ira schon zuuor verheißenn
1060 174 1952 315 und mit fra der Margreth als der zün
1068 222 1855 387 geren schwester verbracht vermedet
1057 301 1941 435 unnd anzeigt, darab sy den zu alles
1066 359 1914 510 shllen mechtig erschrocken. Habe also
1066 425 1910 573 so die gefangne Anna Steiner von
1276 492 1431 555 Margret
1052 492 1941 645 ime schwester unnd das gesagter Ellenberg
1060 571 1919 692 ho zuuor die ehe versprochen und ge
1065 639 1921 781 schwengenet, im münsten nüt gewüßt
1073 705 1952 825 er Ellenberg auch, als er Ira der Anna
1077 774 1938 899 erst darnach die Ehe verheußen, vnnd ouch
1067 850 1892 944 daruff geschwengeret, Im wengesten
1067 905 1958 1007 deselben mit gedacht, bezuget solliche
1086 967 1895 1066 so wahr Ira Gotthelff, vnd by Irer
1059 1037 1274 1147 söligkeit
1076 1089 1909 1219 gieneben aber hat sy auch bekent, wie das
1293 1191 1326 1227 3
1081 1167 1952 1291 sy schon zuuor, by Zerommng Bee¬
1071 1236 1906 1343 mundt, als sy zu Gysenstein bende
1077 1301 1958 1399 by Jacob Bkum gedienet, ein Vuehelich
1070 1372 1416 1489 kindt erzzeiget.
1068 1439 1901 1560 Item by wisten Gungerichß Sohn
1049 1535 1924 1625 von Kisen, auch ein Kindt welcher aber
1074 1586 1919 1692 Ira Zuuor die Ehe versprochen, aber
1085 1657 1939 1758 alhie am Ehegricht widr von einonderen
1082 1727 1895 1834 gescheiden worden. Habe umb dise beide
1080 1781 1949 1907 begangnen Fhaler alhie abbeießt.
1067 1870 1956 1977 Zichet vmb dise Ire begangne Fhaler
1080 1949 1977 2054 log und vn g umb gnedige ver
1080 2004 1946 2104 hychung, vnd will hiemit zm nunstn
1083 2066 1951 2182 nit gestendig n, das sy gewußt das
1092 2136 1957 2253 der ellenberg zuor by irer schwest
1083 2204 1611 2314 gwonung gehert.
