4000 3000
27 1339 74 1413 4
34 1378 251 1481 denselben In
50 1452 242 1526 stucki zer.
65 1508 185 1572 niteh
251 19 1032 278 Vnenseren
289 126 1036 361 ethengen ensen
275 191 1039 411 Ime fetwerner gepiet, by zeigern
278 284 1028 468 tag als das volck in der Maren
262 358 1045 534 vnd gehöuwet, In deßelben haß
278 458 1046 616 einem Trog. 40. mine diken, v
281 523 1029 671 vier ziggyn entfrömbdet, wel
281 582 1040 756 gelt er hernach son ein syn erkennn
277 652 1044 819 güetli gewent habe, alls aber des
293 727 1011 878 selbigets vernomen, habe er das
288 823 1042 972 Imme widerumb ersetzen mueßen
265 877 1048 1042 daruf zuathrwrangen gfencklichen
247 964 1035 1113 zogen vnd zu wolnerdienter ste
260 1059 1037 1190 alhar in das Schallenwerck geschickt
269 1125 1032 1260 er ein zytt enthalten und hern
269 1177 849 1331 wider ledig gelaßen worden.
284 1276 1038 1417 tem so habe er vorgehnde, syne bezühti
266 1348 1043 1466 nit so vil behertziget den das er darnn
273 1417 1043 1538 mein Buren Im Amenthal, ein Ie
253 1479 1038 1608 keßi vff einer Aepp, entragen s
248 1547 1029 1670 thu Eern verfouffen
253 1640 1032 1767 wellen, seaber entegekt, vnd den
253 1712 1023 1807 Buren pnen Keßell widerumb
242 1776 1028 1881 und dasif zu Ahrwangen abernt
236 1855 1023 1961 zugezogen gefolteret und hernach
243 1929 1024 2040 abtrageostens widerumb ledig gelaß
233 2036 416 2091 wordte.
221 2109 1013 2237 Verners sye er auch wider mn g.h
221 2195 1005 2298 und oberen ußgangen mandat
215 2250 1021 2377 vnd verpott, hiesor In dem Gulchische
196 2299 1035 2466 Zug, under einem frömbden Munt
204 2391 1020 2526 verischen hauptman hinweg gezogtn
193 2467 1014 2612 und hernach als daselbige offeno
195 2525 1030 2669 zu Arwangen abermalen znges
181 2602 1010 2742 und daruf zu Wolnerdienter strah
177 2676 1017 2824 und verhoffendt beserung auch alhi
193 2755 1001 2893 das Schallenwerck erkent worden.
1930 28 2036 97 135
1122 111 2049 294 wnnd er abmalen eine zyplang znge
1122 180 2007 369 stert enthalten und hernach, nach dem
1128 233 2005 423 er bis uff schynbare beßerung, ehrloß
1113 318 2001 488 und wehrloß erkent widerumb ledig
1114 412 1970 572 waßen worde, Siderhar er aber
1115 474 1993 625 kein begnedigung wedr der ehrenn
1109 550 2008 701 noch deß Wehrso von Ihr g erlanget
1113 667 1251 778 habe e
1116 699 2051 849 ungeacht aber dßen, habe er in disem
1101 771 1995 940 sündtnerischen zuzug zu herren
1108 861 2000 987 sauptman Sturler als ein halber
1108 920 2028 1052 dierer vnd profosenweibell gedinget,
1111 1001 2042 1131 ye auch mit den Peulinen von humen
1098 1082 1989 1200 gezogen, vnd damiden zu Lentz¬
1113 1150 2022 1250 burg den ordenlichen Eidt, zu der
1098 1232 2049 1339 Kriegßordmantz und zum Fendi
1360 1287 2051 1413 Wellichen synen geschwor¬
1108 1321 1355 1425 geschworen.
1105 1377 1973 1484 nen hochen vnd thuren Erdt, er aber
1116 1445 2045 1547 nit dergstalten gehalten noch denselben
1100 1502 2013 1609 zugumet und hertzen gfüert, den das
1103 1597 1990 1690 erzu dem Treffen vor Thgran, die h.
1101 1656 2066 1773 oberst und hamptlüt, schandt und trünk
1103 1713 2070 1825 loserwyß verlaßen, sich auch in de flucht
1101 1777 2029 1892 begeben, vnd also dieselbigen, mit andern
1108 1858 2042 1991 ehrlichen Soldaten, Im stich gelaßen habe
1100 1921 2025 2063 Vnd nach den er glychwol darnach mit
1094 1989 2022 2150 den Peulmen widerumb gan Wornebß
1101 2073 1957 2203 gezogen, vnd daselbst noch vier mir
1088 2151 1995 2304 depfennig, wiechengelt empfangen,
1089 2201 2030 2362 So fff er doch daruff, mit vilen anderen
1095 2286 2060 2443 zu synes Herren Horptmans s Lucgen¬
1090 2379 2014 2521 sptgangen und an inne begert, das
1105 2439 1988 2585 irmit inen und dem Feieli in das
1094 2487 2032 2684 Engaden Ziehen wolle, furwendende,
1094 2553 2034 2742 ssy alda zu Wormbß nit promant
1092 2624 1983 2813 verkommend könnet und das sy von
1093 2690 2068 2885 selligen wegen, nit mehr zn dem landt
1105 2781 1531 2925 en und a
