4000 3000
41 1640 167 1719 kommt
205 80 860 285 tarken tumkabene p
204 191 909 358 nach der Malzyg für das Mirtzhuß
210 248 901 413 gangen alda Ige pferdt gerüst gs
199 325 899 491 der meinung, nach henmet zweiße
142 366 882 524 Da komme h. stocker von Solotur
211 460 912 615 ellicher auch ein guten trunck geseh
528 520 649 577 den
196 516 885 666 habe, Den rede er an ob der hren
209 589 862 708 müt etwan umb roß zetuschen
205 643 909 784 jedoch alles zu bester meinung,
199 721 890 834 gebe Ime der S hingegen wider
203 790 904 914 antwortt und rednet also vonse
203 855 909 969 isch handell miteinandern, vnd
212 920 918 1037 allei mit einanderen vruebtem gs
227 978 916 1091 ryffe er lommdt dem hrenach der
203 1053 898 1155 Lerge, Zuget abr darby an Gott
201 1130 916 1237 das selbiges nit boser menung beschehen
212 1190 897 1288 sy, dan er deß ortts nüt bösteg
213 1256 924 1351 Sumo gehept, noch einichen Vfugaus¬
216 1321 912 1425 fachen begiert, In dm nun dzs erzu¬
204 1389 907 1486 Jedoch guter meinung gegen der Keg
228 1443 917 1551 griffen, schlache der h. Stocker Ime
230 1512 903 1602 mit der funst an kopff, unnd
211 1567 917 1663 diewyl er gsehen, das es dem hipet
217 1632 919 1729 erhab nüt böß darmit gemeint, so
224 1693 927 1800 er sach auch gewert, so best er kennen
204 1747 924 1854 vnd mögen, könne also keiner ander
209 1823 906 1927 ursach noch urhab, disers unfugßzu
221 1901 909 2006 meßen, den dem Trunck vnd Im
203 1942 909 2070 roßtuschen, er kommet erkenne s.
208 2009 910 2122 wol, er hette den G vmb Roßtuschen
203 2074 907 2180 domalen nit anreden söllen, er hab
225 2134 915 2249 es aber nit boser meinung than, sonde
210 2189 918 2324 habe vermeinte, er der hrren sölle e sy
212 2261 919 2406 von imme versthan, als er es zue
211 2330 914 2470 geredt habe, bitget abr von Diste
206 2381 897 2538 begangnen froffenheit wegens
210 2442 909 2599 vorderst gott und vrg umb ind
192 2501 919 2682 verzychung, vnd diewyl er sehe, das de¬
191 2572 897 2740 deßen die mehrste Vrsach, wolle er s
207 2633 898 2822 desto bas, furer daruor, hüege¬
216 2700 900 2887 mit er destminder in solche ungschikligkeite
200 2848 332 2960 falle
1866 18 1977 95 197.
961 50 1914 282 War etrarfen thut, das er glych anfangn, d
1002 140 1905 335 dm h syne kerge verwißen und hieneben
988 190 1924 391 zu gue gredt haben solle, ob er ein Edel¬
1004 253 1934 439 man und ob imme ein solche keren zutraen
1004 326 1924 509 gen gepüre. zünget er by sytem kor
999 379 1900 563 a er darumb kein woren wieße, So al
996 452 1947 625 die umbstendt, sölliches von ime gehört.
999 513 1943 683 und sy sölliches von ime zügen könnent
1004 595 1911 749 müeße, er es wol gschechen laßen, hoffe
1020 661 1887 805 er werde nit anderst syn.
1004 752 1701 878 den von ires roßtusches wegen.
985 838 1895 991 Sieget also vd g gantz denetig vmb
1030 912 1904 1039 gnad vnd verzychung, wie auch vmb
1032 1006 1397 1107 entledigung etc.
993 1036 1919 1196 Ist imme andern zu einem exempel der lidt
988 1124 1864 1223 für der Burgern zi uß geben worden
994 1190 1880 1294 untzit, er begnädigung und das er sich
999 1243 1940 1344 mit hievorgemeltem h. starker vereint
1007 1300 1944 1417 habe einen schyn von Soloturs brungen
991 1392 1121 1487 wirt.
1075 1525 1896 1649 Fehan Desebord von
1113 1638 1844 1750 Vilaril der Amptgūng
1187 1718 1518 1809 Miblißpurg
1050 1789 1899 1917 uff Donstag den 24. maii diß 1621.
1031 1877 1909 1974 Jars ist zu bysyn anhören und gegen
1028 1936 1886 2065 wurtigkeit, der Frouz, fur¬
1031 1997 1837 2104 einen Fursichtigen Ersamen
1025 2052 1904 2171 und wysen herren dauedt Fellen:
1012 2114 1880 2253 berg deß kleiner Rhats, imber
1004 2162 1962 2316 ßerset der Burgiern Nclans Brohers
1001 2241 1914 2387 Großweibels sampt etlicher Weiblen
1017 2301 1810 2427 in g. h. vnd Obern dienern
994 2369 1927 2500 decan Degobord von Vrilard, dr
989 2415 1932 2580 ampthyung Wibgispurg uber die
989 2472 1939 2650 wider Inne geclagten vnd wider ein
997 2552 1963 2720 hochen oberkeit alhie ußgoßne schandt.
1013 2609 1978 2772 s ehernegige und schmechliche wort
1036 2679 1918 2840 nit betröüwung der marter und
1026 2725 1969 2936 ernsthafften Morgen zu Marzili ex
1029 2781 1338 2930 eiet woren
