4000 3000
200 47 1069 241 erbenn zufindenn syn, diser schlisen
200 113 1067 288 sie zu vonn einer magt, die naben Jeh
201 165 1010 293 zugstellt worden, unnd habe sy de
196 232 1057 372 allein vonn gwonnheyt wägen fragen
182 278 1035 435 Demnach bekennt sy sy hab onwüßen
199 348 1055 492 der frouw Gettschetm obgemelt, vil
190 411 1054 552 benn allwegenn ein maßwyn Hingei
204 445 1048 589 gäibenn, meranteyls Aber den Matzen
194 498 1046 636 ouch uff ein zyit einem studenten heit
190 568 1057 688 Hanns Seber, sie vonn Thun, Welcher i
208 603 1054 731 die Ech vheistenn, hernach Aber Wie
205 651 1029 773 er tort inn leitschlaund zogen, deren
210 704 1010 817 wider lediggsprochenn, ein glesie
226 760 615 848 laschenn gfullt,
157 827 1057 990 Nach disem hab sy sich mit einem Mister
167 927 1055 1056 in sehmnd gsellenn, so Jacob der oster gleigen
228 980 1048 1090 sie zu andin fürtig gsin erlch
204 1015 1045 1130 versprochenn, erh sy aber das kilchen
215 1078 1049 1195 recht erstattenn mögen, sie er gstorben
280 1157 994 1259 Hat sonnst annderer Untaten
307 1225 1052 1323 nit gsteündig syn wollen. Ist zwal
303 1275 970 1365 lähr unnd letstlich mit dem
296 1324 1034 1433 fleinsten stein ufzogen worden,
194 1437 1010 1643 Hanns Binter unnd
173 1616 951 1762 ucobe Galler.
167 1719 1021 1838 Dind. Wyl sy wyterer untaten dann
197 1803 1025 1897 vorgemellt nit gsteündig syn wellen.
204 1862 1035 1948 uff abtrag costenns ledig enkhendt
198 1901 1044 1977 Inn Ir heimet gwisenn, vnnd vermantz
186 1953 1017 2055 vordenn, gepurennde Kilchenrecht mit
188 2018 989 2089 einannderen ze thun, vnnd sich fürhin¬
197 2071 1030 2161 mit irer hanndtarbeydt zuernerten,
2038 14 2150 88 62
1251 75 1825 267 gen periar
1112 142 2138 375 Uff zinstag denn 8 deremb diß schiereßn
1175 231 2098 392 abgelofnenn 628 Jacb Ward durch die
1161 267 2113 444 fromnen fürsichtigen ersammen wyser h
1166 329 2112 487 samuel jenmer des kleynenn raths Jacob
1148 394 2109 534 soch der Burgerenn unnd Niclens Brocher.
1131 442 2125 599 Großweybel Freni Jeniar Abermalen zu
1149 497 2104 651 Marzili doch one manter allein mit be
1146 546 2056 695 trouwung derselben examimert, vnnd
1147 592 2104 741 alles ernsts vermaüet, uber die iren für.
1153 669 2113 787 gehalltnenn runeten die Warheyt zebe
1141 776 1372 849 Pennenn
1136 770 2065 929 Die hat volgennts bekenndt ein magt s
1180 836 2109 962 nabennt zr by der allten frauw Gottsche
1165 905 2095 1031 in seligen gedienet, vnnd hieuor mit Herren
1131 946 2088 1084 lanndtvogt Holtzer, alls er zu Bippp uß¬
1139 1005 2067 1123 dienet, Allher zun dise statt kommen heiße
1144 1056 2087 1180 Annen sie sinem anzeygen nach entweders
1161 1103 2105 1221 zu Beppioder Solotung daheimen. das
1175 1165 1984 1258 mochte Aber villicht by dem h. vnn
1140 1208 2119 1343 Sonetz. oder denn sinen, Wyl es ein Zytt
1156 1274 2103 1364 laung by Imme gedienet, villichs zuer¬
1138 1333 2085 1425 faren syn. habe ab einem großen mit isen
1159 1388 2108 1498 beschlagnenn trag, so inn der stuben ge
1123 1440 2076 1519 stannden, Inn wellichem die frouw, Ir
1180 1500 2103 1594 silbergschwr gallt unnd kleynotz von-
1157 1562 2051 1660 schloßenn ghept. dann Schlusel. Ir
1163 1622 2125 1702 gefaungnen enwußtent genommen vnnd
1166 1673 2109 1774 behaldtenn, vber ein Wyl hab sy Ir das
1174 1724 2108 1799 eundterft unnd damit von 2 aelber
1149 1779 2080 1874 so sy darub genommen, Zeigt, vnnd die
1163 1837 1662 1943 eine Iren zugstellt
1115 1895 2138 2022 Hernach wann die frouw selig Inn der Predig,
1163 1966 2036 2061 oder by Irenn frunden, vßert dem his
1151 2014 1256 2107 gsin.
1426 2026 2103 2121 velcheren sy gefanngne den
1157 2081 2109 2187 zmal abgewartet, habe diser in näbent
1162 2127 2097 2249 dieunst, vnnderschidliche mal denn trog geof¬
1162 2181 2119 2300 nez. Was sey Aber darus genommen mog
1172 2232 2107 2378 sy nit wüßtenn, es habe aber dise magtz
1159 2268 2049 2424 Irenn hernach vff einmal, zwen Krütz¬
1150 2332 1579 2462 dieosen gäben,
1065 2402 2072 2585 Item vffeianndermal hab sy zu Über¬
1146 2501 1879 2641 mal 2 rützdken überlifent.
1121 2556 2024 2744 Denne Wyter zum muntz angfar 1 s
