4000 3000
1103 232 1980 391 Dem Peten vn lyß begen Schmichloort e 6
1102 323 2008 516 Ammann Jakob v. Wattenlÿl, wegen Ziebstählen
1286 428 1428 505 N. 63.
1098 477 1983 633 Aprel. Stoffel, genant Krieger Beorg, aus dem
1226 560 1986 685 Allgän, ein Sastenmeister wegen Anferh¬
1224 637 1731 755 sungen des Salant, Ao. 72.
1222 711 1997 827 Maria geb. Sleÿer, deßen Frau, begen
1233 787 1552 892 Hurnnei Ae. 76.
1108 865 2033 995 Antom Beorg, zu Ahlehen, wird legen Settelnd
1256 961 1634 1075 fortgeliesen. 96
1100 1028 1227 1128 Ium,
1245 1048 1971 1161 Slichel, begen 3. Thebruchfehlend. 100
1098 1133 1251 1252 Andres
1259 1138 2009 1257 Lenrad aus Rleißen, ein Sechtrager
1244 1218 1950 1329 bird in seine Heinath gebiesen. 150
1101 1628 1954 1775 Baumgarter, Jakob, allhie jürtig ein Teck,
1278 1731 1750 1861 begen Kleidiebstahl. 10
1094 1802 2010 1972 Klüst Murgneth, Uli Vogels u. Juchholterberg
1260 1915 1881 2030 drau, wegen Ehebruch, p. 19.
1100 1942 2009 2129 Plaster, Muhel und Trub, wegen Betrüglichkei
1261 2059 1531 2150 ten A. 453
1103 2076 2051 2285 Daumgart, Uleich, v. Kauhdrof, wegen 3. Uefucht,
1254 2216 1519 2329 Inslerd. 49.
1102 2237 2059 2449 Beiner Hand aus dem obern Ormund und Javobn
1249 2369 1987 2520 Balleg seine Fenn wegen Hühner¬
1250 2452 1675 2572 diebstahl M. 57. 61.
1116 2477 2027 2683 Daumann Andres v. Herzogenbrchsel, wegen
1264 2603 1596 2703 Rastialitul 70.
1114 2628 2006 2844 Dalimann, Mathis, v. üntstchamer begen
1270 2744 1788 2912 vo schlagen dirlsihlen g
