4000 3000
191 56 1049 290 Dise syembf all von Fälenswegen ammän
230 151 1031 331 gsin vonnd habendt uff den diebstel zum
233 197 692 318 Sherberen geachtett,
498 317 929 464 Pittet vmbgnade
336 469 1063 682 Diser noch gar jungeknab. Ist das
404 562 1074 737 die pätelvogt mit rutzen gestichen,
409 614 1048 761 vnnd hiemit sinem Vater beul
428 658 1023 801 worden uff inne flyßigen
435 715 1066 851 dann kisther beschechen, Zeachten
355 897 1074 1059 Sanisvon
542 998 1029 1104 Nel Lanndtman zu
617 1057 806 1152 Aschi
158 1116 1033 1249 Ist wägenn er by läben siner ech
186 1198 1036 1293 frouw seligenn, sich drumal zum
206 1253 1051 1341 thruch verganngen, vnnd nach Iremtet
226 1298 1050 1397 der Letsten Cirnen, die Eeh versprochen
225 1347 1041 1442 Ey ouch wyter beschlaffenn, miner g¬
225 1391 1028 1478 G vnnd Oberen, Stetten Lannden vnd
221 1440 1034 1535 gepietan mit dem Eyd, vntzit vff gua¬
228 1484 1038 1572 verwisenn wordenn. Denn 11. mai
231 1534 686 1606 anno 1620 f
260 1820 1032 1969 Mactz Wieber.
535 1939 708 2012 vonn
76 1989 994 2105 Ob glychwol diser Greber vor vile
191 2061 1008 2159 Barenn beganngner fäleren halb.
200 2101 1023 2206 inn vorgennden Turnbücheren verzeit
190 2156 1022 2248 net von Stetten vnnd Landen miner z
196 2203 1028 2305 e unnd oberen mit dem eyd verween
205 2254 1029 2356 wordenn, hat er sich doch widerumb
205 2295 1015 2404 onerlaupt inns landglaßen, derhe
215 2334 1021 2445 man Inn nachmalen gfengklich Ins
162 2388 1025 2502 unnd mit dem eyd verwisen, mit h
169 2425 1024 2544 manen denn zuhaldten. Aann so ds
178 2479 1025 2603 beschäch, wunde er annderer gstalth
196 2521 994 2637 nach verdienen gestraft werden. t
178 2597 936 2699 Altnna Atrrilio 1620.
2007 27 2142 88 a 117
1363 69 2132 245 toffen Shuidtem
1153 153 2059 322 Schnpder vonn Wintertur
1163 308 2077 495 Vff donstag den 7. Maii 1620 Jars ward
1174 383 2049 521 ußbenelth myner gh unnd oberen über
1166 434 2065 581 ir ihr g durch die meyster schnyderhandt
1176 475 2070 629 tercks furgelegte Supfiration, durch denn
1169 525 2052 662 hreuuesten fromen furnemen Fursichtigen
1157 580 2097 716 wißen sderrn, Daniot amnan deß kleinen
1162 658 1207 690 E
1143 642 2091 779 Rhats vnnd Großweybell Brocher Christoffel
1149 712 2093 844 egart ein schnyder zu Wintzerthuepnrttig
1166 757 2092 892 eamnert. Vnnd ime erstlich furgehaltten
1168 829 2008 954 Myn gnädig Herren habendt mit sterstein
1154 881 2042 994 mißfallen verstanden, das er wider ehliche
1150 933 1986 1063 pflicht vnnd theüw syn Ehewyb verlassen
1144 1002 2064 1103 unnd nun mehr inn sechs jahr, so woll jnn
1150 1059 2070 1170 der Statt alhie, alls vff dem Land sonderbaren
1148 1118 2039 1213 pffsonen, wider handtwercks bruch vnnd
1145 1173 2060 1286 gsonheit gearbeitet, vngeacht er khei
1128 1250 2079 1345 underthan myner gh unnd überen unzanher
1135 1304 2086 1415 gsin. Vnnd diewyl er vor ettwas Jahrenn
1150 1369 2043 1463 mit handglüpt versprochen das er sich vor
1149 1424 2081 1539 den Meysteren diß synts unabläßigen Stümptl
1143 1487 2072 1597 werchs stellen, vnnd straffen lassen wolle, er aber
1136 1556 2047 1650 vsgrischen, zu vorigem wäsen, nit nun für
1141 1607 2050 1710 Ich selb furgfharen, sondern ouch andere junge
1124 1658 2018 1761 forßnen syes handtwerchs ufgewigg let
1119 1704 2038 1831 vnndmit Imme gefurt, Müßeman In den
1126 1762 2047 1895 einen vnnd anderen syn lychtnerige gspuren
1111 1813 2024 1950 derhalben wöllene smyn g. h. wüßen. Was
1126 1886 2026 1998 ursachen er syn ehewyb verlaßen, obstehnde
1133 1948 2047 2084 supt vbersächen vnnd wein er vntzanhero ge¬
1127 1992 1440 2092 bebeitet habe
1079 2110 2015 2303 Bibt hierüber zubscheyd, wie nit weniger
1106 2207 2031 2366 dan das er sich vorsngfhar Siben Jahren,
1110 2266 1995 2422 mit Anna Meyer zu Aeierich, Im Zerich
1092 2323 1986 2471 pitt murtig, trunckner wys. In einem
1103 2364 2011 2535 Wirthhuß da sy gedient, ehlicher verlopt
1111 2421 1999 2601 syhtenach zu kilchen ghüet unnd ohngfhar
1106 2474 2027 2675 by zwolff Wuchen lang zu Wenterthue heß
1108 2548 2011 2719 gehaltten vnnd daruff sy vnhit Ich ver¬
1100 2584 2026 2779 lassen, die uesach deßen aber sie, das sy synen
1104 2663 2033 2840 nit vill geachtet, Imme schlechtlich hußgehlehen,
1096 2706 2044 2917 vnndbnsten zuuor auch zimlichen Bumbens gsin,
