4000 3000
258 75 949 302 Nuthern bale
288 172 957 364 HHamman Haberers s sohn alhie
242 245 989 466 Denmnach t u gehalen vnde
265 342 932 481 dieneren Großweibel vnd G
261 417 939 548 ber, Zū bevelchen, Anthan Hab
266 485 928 621 nach dem er zuuor von u
241 529 945 709 pfangenschafft bekent worden, wegen
254 615 966 762 bewurßter hieuor vngfar zwei
256 676 948 808 als er mit vnd nebent anderen
233 749 988 895 Vhramen reißen wellen, synem be¬
225 797 974 950 Andres Haberer geweßnen vogt
242 878 984 1002 Schenckenberg vnd geweßnen Eud
241 945 989 1077 Ime hinderrugcks vndf vnwiste
238 1027 990 1145 genommen vnd mit sich gefergiget
233 1080 991 1204 gelts mit ernsthafften worden
237 1167 989 1264 exammiern, wo er mit demselben
230 1211 989 1321 komen, vnd welche Ime darzu gehoff
219 1283 986 1387 und syne gsellen gsin und wer zu
237 1340 984 1444 den anlaß darzu geben habe, Das
242 1402 978 1513 gepurend maßen, dn 20 Juni 163
230 1462 878 1577 jars gegen imme verrichtet worden.
212 1542 980 1653 der zeigtnun an, weds das noch demen
230 1619 975 1707 zwuße anzal junger bürgeren von hen
231 1680 986 1773 nach khramen reißen wellen, sye sat
233 1736 977 1827 tagen zuuor Anthölli herman zusu
216 1794 990 1888 komen, der habe inne angredt, obern
243 1855 987 1944 nit mit inen welle, habe er inegeant
234 1913 978 2001 worttet er könne nit, dan er müeße
223 1977 978 2071 synes bruders sachen, so Imme nochte
221 2032 983 2144 lnungerdienst ußsthendig, im jnhih
206 2101 972 2200 zu dem so habe er keingelt nit. Dar
203 2155 978 2269 habe herman zu imme gsprochen, ob der
205 2208 984 2325 syn bruder nit etwan alhie noch gelt
255 2314 297 2345 er
210 2280 975 2393 imme geantworget er habe nach
197 2337 977 2459 gelt hie er dörffe aber daselbig nit au
186 2381 968 2525 hHerman aber zu imme gredt, er sollees
211 2446 972 2580 nemmen, sye allein syn bruder und e
192 2492 951 2632 de syn bruder, darf wider nüt sh
195 2553 979 2686 könne es ime mitler zyg wol wüsen
204 2614 967 2785 Vff welliches er sich leid von disem
223 2667 973 2819 man so vil überreden laßen und sone
213 2713 956 2897 vergäßen,  das jenig Trogli, darider
1907 28 1971 94 15
1092 72 1908 248 Munhewylerisch Hinderlag gelägen, durch
1096 128 1946 289 m Bitzins Mäßerman den schloßer, dem er
1092 168 1982 351 doch nüt von der sach gesagt, zu syner muter
1087 230 1980 415 huß uffbrechen laßen und anfangß allein
1103 292 1980 454 6 duraten uns ein sanen so allei
1092 341 1945 509 an goldt nochmalen verhanden gsan, daruß
1106 398 1950 550 enamen suid darmit zu angeregtem
1091 429 1982 622 herman gangen, ime daßelbige gezeigt,
1080 525 1983 662 und befragt, ob er mit dem gnugsam haben
1100 585 1948 714 werde, (welcher ime geantworger nach
1086 626 1947 773 am er lang hinweg ihn und reißen
1084 691 1958 849 werde, so aber mehr verhanden, solle er uf
1092 744 1966 900 ein fur sorg mehr nemen, daruff
1029 806 1976 947 habe er sich noch umb so vil wygers vergäßen
1083 879 1952 1007 Zur hierin, als ein Junger vnbesindter
1070 958 1875 1054 Goß genolget und das ubrig gelt als
1066 1000 1940 1104 silber5 f und franckrycher den wie
1079 1055 1896 1170 aūch Rÿchstaler andg so noh krhoi
1079 1110 1963 1225 gsin, auch genomen, als er nun das golt
1080 1166 1956 1260 wie auch die Silbersbrcten Zusamen ge¬
1073 1228 1952 1338 rechnet, Eo habe es sich grad zn
1084 1291 1970 1387 de wurdigung wie sy domolen golten
1083 1358 1968 1452 angeloffen. Sye damalen imselben wogle
1082 1399 1922 1509 kein ander gelt den das, sonder allein
1070 1453 1928 1561 läre seck und dorinnen zedeli gsen.
1077 1542 1932 1612 von wellichem gelt er angentz alhie vff
1064 1600 1967 1675 de reißhin ußgeben, sich zubekleiden 2v
1059 1642 1899 1730 vmb ein Roß 455 f vmb stiffel vnd
1079 1696 1989 1783 sporen 3 l das ander habe er mit sich uff
1063 1758 1354 1831 straß gnommen.
1070 1795 1995 1906 Item so habe er vff der Reiß vnd zu Orangen
1059 1863 1911 1982 hinweg glichen vorgemeltem Anthons
1059 1912 1690 2008 Herman 11 l etlich batzen.
1052 1970 1613 2052 Zacharias Egger by 10 l
1059 2019 1358 2119 Heinrich Koler
1464 2029 1681 2112 36x
1049 2081 1521 2188 Anthoni Archer
1526 2098 1655 2184 13
1072 2148 1673 2250 Peter von Werdt3 l
1067 2220 2001 2328 Item so habe er H Rudolff Mannel da alhie
1064 2274 1963 2404 gekouffte Roß zu Morsee verkaufft, daran
1070 2342 1487 2451 er Imme noch restiere
1620 2383 1821 2442 275.
1044 2370 1957 2523 Denne so habe er vnd wegen ein ander Roß
1072 2446 1944 2570 koufft, vnd daselbige, dm h prediconten
1049 2508 1959 2651 zu Vhramer verkaufft, dr Ime auch noch by
1067 2550 1586 2669 20l daran restiere.
1040 2594 1955 2767 Alls synen zu Newis im Wirtzhuß an¬
1066 2673 1961 2843 kommen, sye dem herren landtvogt daßel
1055 2725 1949 2918 bige angentz vermeldet worden, welcher sich
