4000 3000
334 96 1038 287 Peler wendt.
552 202 1026 346 vom tottingen
153 220 1070 425 Wiewol diser gradt mit allem ernnst
223 337 1096 495 vber denn mnnen Gu herren, sinet halb zu¬
258 380 1099 537 hicktenn bricht, Alles ernsts exanmnig
188 437 1079 580 wordenn, at er doch unnders mitlih
223 479 657 557 bokennen Wellenn
901 555 1089 623 ann das¬
212 535 1095 685 am keytwäg mit hilff eines imme gli
211 581 1094 727 Bubenn, so sich schili namse ein eehrine
223 633 414 725 hafenn.
421 645 1095 777 denn er einer frouwen
199 688 1086 845 Thunli, vmb 1r. verkoūft. vnnd 11 b
205 735 844 849 daruf empfanngen gestelen
204 800 1105 976 Denne einem Müller by Schworrtzenbur
179 890 1110 1025 alls er mit immegespilt 3 h entwert
209 943 1050 1084 It und das er die anhabennden Hosen
216 1048 1090 1147 by einem Höüwhüsli uff der fleo genat
212 1091 470 1171 inen habe.
302 1226 1072 1430 Oll aingg von
311 1380 620 1468 Wer8
183 1443 1061 1572 Abuermaßenn. Wyl diser zuugg, sich
205 1536 1041 1633 glych wie die vorgeunden beyd. Zun
200 1593 1065 1687 mußigganng begaben, vnnd vngeacht
206 1648 1079 1731 er nützit gwinnen. Innuordar geshiltz
199 1701 1059 1779 Ist er ouch Alles ernsts befragt worden
205 1752 1062 1843 voer das gält zum spilen genommen
209 1804 1039 1902 Vnnd wie er sich sonnsten enhaltten.
176 1857 1078 1937 Hat Aber glych Wie Gradt, keiner
172 1920 1029 1998 Annderen vntaten, dann ds er Iln
188 1965 1037 2059 Buggisparg, ein hembd, Wyter
189 2020 891 2114 E. H. enndtfrömbdet habe.
470 2107 1050 2205 eder Ist 2. mal Lar. Auch
469 2160 1037 2250 Zūm Annderen mal mit
499 2220 1080 2320 dein kleinsten stein ufzse
433 2281 1053 2362 worden sund ward von
486 2323 1039 2439 minen G hn ackendt
484 2390 1041 2484 y vnntzit uff bschynbae.
454 2418 1095 2544 beserung Im schallenweit
453 2509 921 2603 Albeteng söllen.
2069 14 2121 64 70
1170 41 2143 271 Us zint zwar erstlich vorgemelter gingrichen
1210 118 2088 309 annd nachstuoranzogne beyd personen
1207 155 2171 350 unchristlicher tatenn. Ouch das sy imme uff der
1181 200 2139 405 Ihen allmennt, 2. Wälschmannen Murden
1205 255 2120 445 helffenn. Anclagt vnnd beschuldigt, Alle
1172 310 2182 515 aber sy imme unnder lugen gestellt worden.
1204 373 2158 551 hat er sy enndtschlagenn. Ouch wyter des
1213 423 2139 598 Mondts halb vff der Chum Aallment Anzeigt
1434 472 2083 588 Was er Abe Innhallt
1210 538 1431 641 st sie nit.
1217 523 2111 692 letster siner vergicht bekenndt, sie wahr
1216 579 2141 744 vellouchgern denn Todt darumb Eyden
1298 871 2116 1032 res mb¬
1501 995 1865 1089 mann
1223 1091 2090 1221 Uff sambstag denn 25. Februarii.
1230 1167 2106 1272 dis 1619 Jars inn bywasenn, Anhören
1866 1209 2208 1288 der Ehrennasten
1239 1228 1728 1327 unnd gegenwürtigkeyt.
1233 1267 2175 1390 frommen fürnemen, fürsichtigen ersammen.
1223 1331 2204 1431 Wysenn Herren, Franntz Guders des ellteren
1225 1379 2190 1481 des kleynenn Raths, Christoffel Hackbrats,
1234 1441 2116 1532 Innselmeisters, den Burgeren, Niclaus
1231 1494 2088 1590 Brochers, Großweybels, Ouch etlicher
1244 1549 2087 1635 Veyblenn miner Gnedigen Herren vnnd
1241 1617 1677 1693 beren dienerenn
1227 1678 2175 1778 atgegennwürtiger Anndres Buwman.
1166 1707 1225 1807 s
1197 1759 2124 1859 Zu Heerzogennbeichser der Amptyung
1257 1819 2140 1910 Vanngenn fürtig, nachuolgennde gruw¬
1230 1870 2101 1956 liche vnnd abschuchliche mißhanndlung
1238 1920 2182 2001 zu Marzili bekenndt, verzächen, vnnd mit
1246 1975 2154 2078 dermarter erhaldtenn, vnnd bestattiget
1180 2033 2158 2171 amblichenn, Wie das Jungstuerschiner
1250 2122 2128 2239 tagenn, alls er zu ostermündigen zun
1250 2186 2134 2284 einem gwüßenn hus mit siner muter.
1231 2226 2203 2347 unnd noch dreyenn unerzognen geschwüsterden
1253 2279 2150 2400 mit welchenn er nun den Jar laung. Im
1208 2321 2185 2468 hättel umbher gezogenn übernacht glägen
1246 2391 2176 2514 vnnd ainmorgenn etwas zuen gehörigen
1218 2437 2191 2576 plunders unnd zugs im stall einzig zusa
1234 2508 2168 2630 men binnden, vnnd demnach wyter zuchen
1234 2565 2248 2709 wellenn, inn so ein schanndtliche unmöntsch
1224 2607 1878 2731 lihe begird ynngenommen.
1965 2678 2215 2760 Daser
