4000 3000
251 98 1068 287 Ouch vffgethanne andtwortt, angentz wn
258 168 1060 341 schwunden, unnd obwoll er vermeindt, sy
258 217 1057 387 Mutter wurde, auch glych nacher khon sye
248 285 1077 459 doch das nit beschachen habe hieruff einßege
254 330 1053 528 kochet, die graßen. sich nun syn eine gelegen
256 392 1055 570 unnd der mutzer nit wyl uf wahe genommen
151 482 1039 708 Aermalen als sy an einem sontag znacht
248 617 1047 754 von bemelter irer basen zwüschen tag und
248 673 1003 800 nacht gan Conpingen zum glogguß kon
250 730 1039 867 habendt sy by der Linden vil jfung volff
235 790 1051 937 vß Irem dorff, dantzen funden, by welchen
243 849 1043 986 die mutter verbliben, er aber sye heimgangen
226 907 1060 1049 zunacht geäßen vnnd wußenst wölcher zyg
230 988 714 1090 die Mutter gennkhon,
179 1105 1067 1273 Wytter als er verschinen Hapsts Schwyn vyl
243 1212 1063 1323 die vß dem Achersmb glieffes, widrumb Im
231 1257 1054 1367 das grundholtz geragt, sye vorgemelter
232 1315 1051 1434 Man Ime abermalen, Inn der holengaßenn
212 1380 1060 1504 zwuthen tag vnd nacht ersehinen, Welches Inne
236 1447 1022 1546 gefragt, ober mit im welle ahange
211 1510 1047 1621 haltten er soil zu Ime dingen, daruff er
229 1571 1035 1677 imme. der Meynung es sye ein Edelman,
221 1640 1041 1734 geandtworttet, So ihmee ettwas angelegen,
236 1704 1028 1801 solle er morgens zu ime komen, deßen er sich
204 1771 1031 1872 gerüngt und jagesprochen, habe aber imme
189 1836 1026 1939 grennt, ettwas zugsanpotten, so er nit
219 1885 1023 1969 nemmen wöllen, morgens fru, alls er zur
208 1959 1029 2059 thüren uß, der arbeit nach wellen, sye er
215 2015 1053 2130 schon in voriger gstalt vorhanden gsin gm
183 2079 1023 2170 der vorigen reed unnd das er diser zytt zu
206 2158 1023 2264 Im khonsolle, ergueret, vnnd hiemit ange¬
173 2207 1032 2338 haltten ersölle zu im dingen, wolches er
192 2256 1047 2396 gethan, daruff habeer Inne werchen hußen
186 2318 1029 2438 auch synes dunckens etttliche krütz dieken
170 2391 1024 2514 vntest es tag worden, vnnd arbeiten wollen
164 2440 1047 2573 der hannd Schaltten, geben, Welches aber al
186 2512 1019 2625 er das besichtigettt, nir toub gsin sye, selben
176 2587 1020 2699 abendts nachdemer in Chues Leemans heß
151 2637 1044 2795 zunacht geäßen unnd sein wollen, sye diße
2013 37 2113 115 108.
1191 100 2013 297 Syn vermeinter Berr widrumb zu ihme
1202 170 2037 364 khm unnd gesagt, er müße mit im oder
1200 246 2051 398 dewille innschlargen, wolchem erußforcht,
1200 297 2011 447 nachgefolgett, vnnd alls sy mit einfederen
1192 366 2070 524 uff das klein biberenmoß khommen, habe er imme
1190 433 2073 577 Hamen, so Suchtenpelffer glychgsin zugesteltt
1160 516 2040 642 vnd Ime den sayen heißen, wie beschaschen,
1155 578 1930 713 volgendthouch heimzegahn vermandt,
1159 732 2023 839 Ingthar In acht tagen darnach, aber nach
1161 797 2028 895 em nachtäßen, alls er heimwellen, hab er
1187 852 2006 967 Inns Iedas archholtz gfürt unnd alls se
1158 911 2042 1024 sannder Herrenstraß ein kalb antroffen, hab
1185 973 2061 1089 er imme salben boer dem kalb an Halßstrychen
1179 1043 2052 1136 mußen, dargereicht, Ob das dauon verdorben
1166 1108 2032 1207 w�ße er nit unnd wie sy uff ein mößli gegen
1166 1167 2073 1285 Goßlwyl komen habe er in nach gesagtem
1172 1244 1501 1331 samen verlaßen
1123 1373 2027 1496 Letstverschinen Heppsts, hab er ihm abermalen
1158 1446 2020 1563 vordem huß gewarttet vnd dadannen. Im
1149 1500 2028 1609 ders Jagsh Stall gefürt, da er mit salben
1162 1567 2006 1679 soer Imme vffeinem Span dargereicht, ein
1162 1629 1961 1735 grauw boß ouch vor amn halß bestrychen
1171 1680 2047 1826 mußen, Ob das verdorben sye im eigendtlich
1158 1742 1413 1822 nit zetrußen
1115 1851 2032 2047 Ihngfarror zweyen Monaten, alls er ihme
1157 1948 2013 2106 einem Bach, so durch die gmein Mattenn
1158 2002 2039 2186 auff mit Kräpßen vertttig worden, vnd vff
1153 2062 2009 2231 das fäld Färacheren genampt, khommen. sye
1130 2112 2046 2302 Zunschen tag vnnd nacht mehrgemelter syn M.
1147 2205 2033 2380 Imt abermalen begegnet, vnnd begegt, er
1131 2248 2038 2441 ssolle erstlich Gottt synen Schopffer verlangnen
1128 2312 2025 2507 vnnd sich gentzlich gun In dem bößen geist er¬
1122 2392 2060 2595 geben, demnach dem Statthalter zu Löupingen
1147 2462 2058 2642 inem G�lti ein roß verderben auch samen in
1142 2509 1949 2696 munrff die Loupinger, sonders ouch andere
1134 2557 2037 2788 weyden ze sagen, Welches alles aber er nit
1116 2622 1968 2845 nthen wolfen, vnnd wae er anfachen Gott
