4000 3000
156 118 923 234 komme im vonn einem wyb diee
171 177 927 280 nemfen wollen unnd imme den
173 224 906 321 etwas mitlen geben, deren er
164 285 949 381 vol empfunden, wyl aber der p
155 328 922 430 bald hernach gstorben unnd die
148 378 921 500 fangne ur nit vollenden möge
165 423 920 523 er inn syn vorgemelt Armsel
109 478 914 570 wäßen, darinn er ouch noch sye
141 520 987 639 unnd habe under allei frer sills
128 570 884 670 Wys brucht kein beser mittel
145 607 930 707 Branckheydt ze weeren finde
924 653 985 720 ke
133 671 935 760 Denn dah darumb er Jetzgefe
160 716 928 816 flich ynzogen wordenn darz
179 761 921 855 einmans person vonn Hoffin
175 814 928 907 ob die noch zun läben, oder eu
175 863 912 966 er nit wüssen, inne gewise
155 912 945 1016 demer Inge alles er  Hanm
155 975 261 1018 E
166 967 985 1050 Capar, angfar fünffzachen Jar all
155 1017 970 1122 gin unnd 16y h müßlin sellig zu
153 1064 981 1170 Hoffingen zu Tisch ganngen, wie
146 1123 975 1215 dersebb syn franckheydt verstan
178 1177 997 1260 vermeldet er muße Ime an heim
154 1223 994 1315 orten lufft laßen, sölle im derhalben
187 1268 982 1355 synmund uundnahen mit einem
167 1321 954 1408 Hannd verheben, vnnd mit der
178 1377 978 1464 anderen, die gueglen vnnd denn
175 1432 957 1505 halßryben lagen. unnd sölle er
163 1487 980 1575 Denzmal syn manlich glid iunsy
194 1533 986 1630 selbs eigne hannd doch verborgner
137 1584 979 1682 Wysneien, vnnd das so lang be¬
156 1641 999 1723 wegen biß sich der sammen erzeige
93 1697 934 1781 Welches er alls balld, wann er
189 1752 988 1837 empfunden, das syn kranckheyt
163 1792 985 1892 inne augan wellen gebrucht vnd
166 1844 1002 1958 Dauongehpuet, das dieselbe gwihr
186 1914 1003 1996 sye, wann aber er inn empfindung
178 1953 1003 2049 ier kranckheit diß mitel unde
177 1995 992 2113 lagen, habe dieselb inne vorgehort
177 2057 962 2170 sey gabnerlicher wysplaget
164 2113 984 2225 Inmassen er gezwungen worden.
163 2142 1001 2272 und erschidliche personen zu erpüten
159 2197 1005 2325 das sy hhmme hitnen dieuidt, dermt
184 2272 987 2371 er ihnen auch das sy desto willigen
170 2314 967 2437 egent vereerungen inn gelten we
136 2357 922 2488 Anderen geben, das alles sye
165 2400 1001 2545 Anfangs obgemeltem 8 Muslin
175 2449 967 2589 sinem z vatterselligen denndes
172 2507 997 2651 zshruner predigrant zu Benge
165 2583 962 2695 einer erfrouwtsund anderen
157 2614 949 2748 personen zuwüsen worden.
922 2666 992 2719 di
134 2665 985 2813 Alls sy verstanden, das solches sin
145 2711 987 2858 kraackzeyt, were zwie solches
140 2756 1000 2926 verpoten sondern inne fürfarten lage
1951 16 2061 84 34
1046 81 1962 255 Nach dem nin beyden mynen herren
1093 136 1992 290 hieruff vermeldet, Diewyl der
1100 180 2049 306 mit einem erlichen gmachel fursechen,
1094 237 2001 343 hüte erbywylwerdender sch gyn
1083 284 1974 390 kragckheyt mit erlichen wercken
1096 324 1995 441 Khindern vnnd deren Abweeren
1096 337 2065 477 mögen unnd allso obgemelten mitels
1089 416 2058 521 das wurgen gewant nitzit bedorffen
1080 460 2022 585 Sitenmal e aber mit demselben
1096 512 2053 637 eergfaren unnd darzu meinent alls
1083 558 2034 689 ungeknaben, vnnd mans personen
1097 607 2073 726 bruchte denen er große vorerrungen
1097 655 2064 764 geben. Item inn asan gschäfft ein wüst
1084 712 2023 810 ungwönt gsihren gfürt, so werden
1091 759 2051 866 villicht volgen, das er andere iun
1099 808 1943 911 gottes wort höchlich verpotne
1090 851 2058 970 untaten unnd sinden werden kupt,
1102 947 1295 1026 haben,
1060 1001 1969 1112 Daruber hat dertz höchlich by dem
1006 1053 2036 1158 Namnen Gottes betüret er habe dise
1114 1111 2081 1215 sach das wuegen annderst nit dann
1102 1156 2007 1244 wie er erzalt verrichtet, unnd syn
1094 1235 2051 1299 dänlich glid, durch nemant berturen
1112 1256 2027 1343 lasten, an demselben auch keinen
1103 1307 2093 1393 anstghapt, wyl er mit diser sachschwertz
1091 1357 2040 1441 Wie die Jenigen bezugen werden
1116 1404 2040 1477 erliten, er habe Zwar sÿn Franck,
1102 1463 2052 1524 heyt Vilmalen. wegen verrichter
1108 1502 2068 1574 gehlicher wercken verhindert aber
1110 1549 2030 1627 solches nit zu allen zyten, wann er
1094 1596 2045 1686 deren empfunden thun können, vnnd
1093 1649 2001 1735 derhalben Vorgemelte Personen
1118 1697 2064 1765 brucht, das Aber solches alles mans
1112 1746 2076 1841 personen gfinsien, sye darumb beschechen
1812 1792 1843 1823 1
1076 1788 2069 1875 das er geforchtet, wann syn kranck¬
1111 1844 2056 1940 heit Vberhand nemen wurden wybs
1111 1885 2049 1991 bilder, inne nit han können, unnder
1126 1947 1998 2033 sich dennzmel, auch vbel gschenden
1109 1995 2008 2095 Inn ansechen ermechtig wütent
1096 2041 2070 2146 unnd unbsint werde, das vier oder
1121 2093 2090 2194 funffman, mit ime gnugsamzethun
1125 2135 2047 2245 habent wie solches der h Landt
1118 2192 2054 2303 vogt uff Bentzburg bezugen konen
1076 2235 2041 2348 Wyl er die kranckheyt im schloß
1096 2295 2112 2400 daßelbst, by werender gfangenschafft
1121 2350 2089 2454 ghept daron habe er aush sihen Inn
1108 2415 2114 2510 der Innsel Alhie empfunden, habe
1133 2469 2063 2560 auch sonsten niemant nützit e¬
1109 2513 2115 2610 montschlichs zugemutet, sie Im auch
1127 2567 2095 2660 nit iun sinn ghen, dann er wol,
1109 2613 2097 2700 wuß, was für ein grüwliche sun
1094 2645 2048 2755 Bodamj sye, vnnd das so er vie
1115 2698 2115 2808 Vererzelt than, Peiter Anderen
1129 2762 2000 2859 gstalt, dann zuvirtzey unn
1102 2795 2124 2913 weehrung siner kranckheyt beschehen
