4000 3000
194 17 1018 185 Hernach sie sy zu Stoffel solbgemals g
206 109 966 208 hardts bruder gar hold und in by
207 157 961 260 leyder gegen ihm endtzundt, word
200 212 981 310 maßen sy ungeacht das zr Eer
209 266 1011 368 wie obgemelt, syn willen mit ire
201 318 1011 421 verbracht, alls sy ein süpscher roch
185 365 982 460 gelegt, Inn deß Junckeren, zu de
191 415 1036 551 beyder gebruderen vatters hußug
181 476 1051 619 schloß frungen unnd z Staffel si
196 537 1038 671 analbiß gaben, das er sich zu zu
207 599 1005 703 underschikenlichen mahlen, erstlich
188 648 1033 754 daß I kenn vnnd hernach Im Stal
202 709 1021 841 fleyschlich mit ihren vergangen
214 858 1050 978 Sund alle sy hieruff befragt worden
229 931 1041 1032 die ursach diser frywilligen bekhanndt
228 994 1032 1090 sie, hat sy vermeldet, vorerzelte begen
221 1055 1051 1139 sunden, sien ihren ein gueze zyez Jahu
231 1103 1035 1207 schwerlich ob unnd angelegen gfin
218 1147 1049 1251 unnd habe derhalben, damit sy zue ruch
222 1205 1047 1295 komen möcht, dieselben, einem Herr
232 1265 1053 1364 predigrenten, alls sy alher zun statt
233 1321 1063 1426 kommen, willens uff dem leüngenlich
218 1375 1063 1481 dem allmusen nachzegen unnd sin
225 1440 1063 1542 Armen muter, vnnd einer torhaffte
224 1493 1045 1591 schwester, dauon auch etwas zu
238 1551 760 1649 zebringen, eröfnet,
197 1688 1032 1790 so hatt sy bekhenndt, wie das deß
209 1746 1048 1843 junckeren sein zu Dießbach, Gla
210 1803 1051 1905 genant sygefangne zwrungen, das
217 1861 1064 1965 Ir im imes willens gestaten müßen
213 1964 1044 2093 Item alls sy iun eines geren zust sy
210 2047 1036 2153 Brantzigkonen, so Jacob Heiße uff
213 2106 1068 2209 der güne übernacht gsin angfarrn
206 2153 1065 2265 unn wuchen sie ires dunckens einer
231 2219 1069 2327 sich willi, welcher daselbst imdien
219 2270 1063 2376 zun kommen unnd uff verzeißen
216 2313 1069 2433 einer batzens, syr willen mit gr
224 2383 548 2476 verbeacht.
152 2438 1069 2603 Deßglychen habe vor funf oder secht
191 2541 1072 2658 Jasen eines uren ssohn von herlli
186 2601 1062 2713 alle znihhprichen wellen uff einer
184 2668 1074 2776 Waten epf zun sich mit gravern
1064 664 1110 725 2
1138 62 2045 230 Biersteinus sohn vonn signauw Alls
1174 133 2010 271 Im obergaden sines vatters zuß
1146 199 2073 302 übernacht glegen, habe sich auch mit iro
1148 264 1392 382 vermschtli
1103 323 2104 455 Benne zu Siglen, alls sy inn einem ober,
1140 391 2112 518 geden Ir nachtleger gehegt, habe ein Person
1133 447 2118 569 so hren nit bekanndt, ir willen auch mit
1138 504 1528 612 irenn verbracht
1135 577 2130 699 endtlichen hat sy vermeldet, die ursach das
1124 659 2027 768 sy sich inn so villen sunden vergeßen,
2027 658 2109 751 syn
1107 717 2065 840 Dar sygern schwanger gsin were konmn
1162 770 2081 868 ein kindt geporen hate mit demselben
1162 829 2123 937 habe sy dem allmußen nachgan wellen.
1100 892 2054 1007 Verhoffnung mengklich wurd zu mer
1091 950 2072 1058 dann sonsten, so sy einzign sie ertheylt
1169 1008 2118 1105 haben, das alles aber sie Ir vonn leydte
1151 1067 2022 1173 Päte Gott denn Allmachtigen, ein
1176 1127 2108 1220 framnne oberkheydt unnd mengklich
1181 1187 1622 1286 umb verzychung.
1208 1409 1948 1555 Jannis Rool
1151 1686 2146 1813 Demnach Hanns Rodtssonnst stump
1150 1761 2095 1871 Keßler oder Häfeli Hanns genant vom
1166 1822 2149 1923 der Retst allhie hingerichten mans personn,
1179 1880 2130 1975 beschuldigt wordenn, alls sollte er sich mit
1166 1936 2128 2034 gonst vor Christezlichen Oren gemelden,
1163 1992 2157 2092 mit vnchristlichen thaten, glych wie er
1183 2049 2146 2157 versündigt unnd beflecke haben, doch uff
1181 2121 2151 2221 gethanne erzunerung, das er imme nit
1167 2169 2155 2270 unrecht thun sölle, sollches uff ein mut¬
1166 2215 2175 2338 mahung gezogen, Inn dem er vermeldet
1187 2281 2132 2410 er habe zwak berurten Stumphanns
1189 2332 2126 2459 Vnchristliche Thaten nit verbringen,
1193 2410 2213 2526 sechen, achte aber, wyl er gern by roßenn
1192 2447 2201 2598 sye, er werde sich mit denselben vergangen
1182 2535 2134 2654 haben, Ist diser Stumphenus hieruff
1181 2580 2149 2713 hirruff gfrncklich inzogen, unnd uff
1181 2640 2183 2796 Frytag den 13. mai diß 1618 jars
2057 13 2134 93 32
