4000 3000
181 62 1036 203 Eetstlichen allehr der beyden diensten
207 113 1031 247 sehnst ußgsin unnd zu mund glüifen, habe
220 165 1042 290 rutte Iu mitmagt gret, Wyl In zil ma¬
220 211 1046 343 vollennt sy uß dem tragmer gältne
235 261 1051 401 er daruf alls die frruw sich ist der
217 304 1031 440 uff dlaubenn begaben, über dennhel
223 355 1012 473 ganngen, vnnd hab uß einem Seckl
194 418 1047 528 5. oder 6 diespfenigen gnoz, unnd
210 468 1024 594 gefanngnen dauon zwen gäben, sonst
206 535 1043 657 die sy nemalen wyter by öfnung die
210 585 448 668 trogs gsin.
702 586 1047 707 ernn des
216 605 1027 748 zrus dienngts vßgsin, hab Ir mit den
198 693 1039 823 In gefanngnen bemelten Schlüßel
211 749 1018 852 gstellt, mit beuelch zubegäbennde
193 805 1033 916 glägenn heydt, denn wider an den
211 861 1027 960 Zeuerschaffenn, welches sy aber nit
205 923 1042 1021 zuwagen bringen mögen, Inmaßen diser
218 965 1045 1089 schlüsel unntzit zu ergefanngenschaht
220 1020 590 1104 Ir verblibenn sie
202 1055 1044 1194 Das das Silbergschwr destglychen die Kleyet
205 1134 1031 1229 vorangedüt betreffe, das Alles sie sonderbe
226 1180 1031 1285 zun kleynen tröglenen, so inn disen großen
214 1225 1027 1313 zumerer sicherheydt gstelt worden, nit ein
211 1277 1030 1361 verschloßen gsin, sonndern durch der fronre
209 1321 1031 1412 Bruder Inuentorisiert worden. Allso
240 1376 1049 1480 y ires wüßens, damon nützit entwet
220 1423 375 1483 thalbent
187 1450 1040 1570 Ws sy hieuor wynns halb so sy one vorwüse
220 1530 1057 1618 der fromw seligen wäg gäben, bekent, binselben
214 1581 1045 1664 laß sy es blyben. allein als uf ein zytt sib
211 1620 1024 1701 unnd kun die Studenten, mit baden im der
214 1669 1045 1764 ären fentig wordenn unnd sich in der frauw
226 1734 1017 1819 garten glaßen, hab sy irer mitmagt ein
200 1764 1038 1865 fläschen voll wyn gaben, so sy imen zubrach.
227 1817 322 1874 habe
177 1845 1044 1955 Wyter alls sy einem studenten michof genant
224 1904 1047 2005 so by der frouwen (ann tisch gsin das vnder¬
178 1942 1044 2056 tübli gheitzt unnd daruf das keiye bam
190 2009 1026 2093 en, Welches hwen Andere Studenten, dren
202 2060 1038 2158 namen Iren nit zuwußen, Töschen helfen, Ab
204 2105 1016 2218 sy dennselben, auch 2 mas wyn vereer
174 2160 1050 2263 Bendtlichen hat sy bekennt sy habe h dector
170 2231 1016 2312 fung, inn zyt sy by imme gedienete 2 lädel
188 2275 1019 2376 bhätz gnon, mit welchen sy gunst ze melden e
145 2324 1012 2406 par schuch ubeßeren laßen, bezüge hieni
176 2368 1002 2455 an gott, das sy alles so sy übeltöstic
175 2408 1020 2516 beganngen nach irem wüsten Warhalt be¬
151 2464 1042 2561 ekkemt unnd mitzitz hinderhaldten habe iun
160 2500 1039 2611 sonderheyt aber das sy den hr seckescheyde
166 2548 1042 2678 Burenheim beschachnenn die bstal nit
172 2616 988 2720 darumb auch kein wüßens habe
193 2673 1035 2795 Pitat hiemit furnemlich Aber¬
285 2754 1029 2871 sy von anfung die warheysv
971 2797 1038 2861 Ai
283 2812 991 2912 haldten und gnad und vrbi
2029 24 2112 88 63
1283 100 1952 286 acob amman
1259 209 1864 334 von Wattenuwyl
1159 265 2086 465 IDonnstag denn 14. januarn dis
1159 331 2117 505 anwynngangnen 619 jars inn bywüsen
1162 406 2094 548 annhören unnd gegenwürtigkeyt, der ehren
1164 449 2080 604 uesten, brommen, furnemen, fursichtigen. Er¬
1179 490 2125 656 sammen vnnd wysen Herrenn Alans Kilch¬
1176 534 2135 690 bergers deß kleynenn raths Fhrlix Tomans.
1154 598 2020 741 meister zm großenn spital der burgeren
1161 616 2108 801 Niclaus Brochers Grosweybels, Ouch et¬
1175 712 2119 837 licher Weyblenn mnner Gnedigen Herren Vnnd
1139 796 1533 906 Oberen dienerenn
1176 838 2168 976 Dat gegenwürtiger Jacob Aman zu Watenwyl
1170 906 2101 1033 der kilchori Curmen fürtig nacholgeunde
1178 950 2121 1081 diebstäl, vnnd beganngne hoche: Ouch abschuih¬
1176 998 2153 1121 liche mißhanndlungen zu Marzili bekenndt
1191 1052 2120 1171 verzächen, volgennts ouch mit der marter er¬
1156 1124 1696 1238 haldtenn vnnd bestättigt
1146 1171 2150 1305 Erstlichenn. Wiewol syn vater vnnd Mut
1170 1245 2109 1347 er Innegepurenndermaßen zu Gottsforcht
1179 1306 2106 1401 haldten vnnd Zuchen, habe er doch Iuen ne¬
1180 1352 2068 1436 mals volgenn wollen, sonndern sich Inen
1162 1407 2099 1490 Anstatt der ghorsamme kindtlicher trun
1168 1457 2114 1551 zuwider, widersetzt, vonn Inen glufen¬
1188 1514 2132 1597 unnd iun diser halststarrigen unghorsamme
1159 1571 2147 1651 Hannsen Krapß zū Wattenwÿlein Biel
1189 1610 2101 1706 veruntruwet, vnnd das hernach vmb vier
1175 1669 1549 1760 batzen. verkoūft,
1179 1729 2119 1847 Denne haber Cristen Vrfer vonn Ruggispärg
1201 1813 2120 1903 iner muter bruder uß sinem Keller byy
1189 1856 2083 1954 30  l Anncken, so er zu Toupen verkouft
1189 1905 1353 1995 gestolen
1172 1970 2171 2093 Wyter Abraham Stüdler sainem Sein, vff Ki¬
1195 2045 2083 2131 ley, ein Pirßtbüchß einptzucht, vnnd die
1190 2096 2197 2189 einem Buchsennschmid Aflhie, vmb zwo Cronen
1187 2143 1377 2223 bkouft
1170 2170 2128 2299 Item habe er Letstuerschinnen Sommers, Jacob
1190 2244 2167 2338 Drachßel zu Wattennwyl uß sinem spychen
1186 2294 2128 2392 zwen kusenn enndtfrömbdet, vnnd die Inn
1191 2342 1634 2439 diser stattverkouft.
1173 2406 2203 2525 Nhernnen Hannsen Stär inn der rütenen habe
1189 2468 2192 2579 er mit einem Nagelschindlen ysen nächtlicher
1126 2522 2223 2637 Wyl ein syn spycher ufbrochen, vnnd darus ver¬
1195 2567 2170 2672 untrüwet, iwen Lanndtuchin Röckh unnd
1200 2639 2183 2744 ein blauwen rock, welche er an einem Ordt
