4000 3000
130 47 983 172 lichen dersatz unnd allen groffenbaget
157 103 972 243 glechtenn zu widermit gunst vor wiß
143 154 986 276 lichen Wenn zemelden, sich mit dem see
170 203 984 315 schwarlich vergestenn, vnnd vertrefft
159 261 966 364 habe er sein Lust dauon empfunden,
161 313 951 421 wüße wol, das syn samen nit von sm
160 376 455 478 ganngen sye,
178 434 984 569 Flychmorndes habeer zum disem sine
167 522 990 613 eruirlichen Vnmöntschlichen willen für
168 569 994 689 farenn unnd in sines Grosuaterss
162 620 935 725 gunst zemeldenn, mit einer halben,
937 649 986 713 sich
166 672 996 772 Vergen Wellenn. vnnd sÿn Schamn, vff das
172 724 957 816 unnd hin endtblößt, ouch damit die
150 778 993 892 Kalbenn berurt, habe Aber mithit ehe
174 833 998 938 en vnnd diß vorharbennt Abschuchlichvor
25 889 762 988 ben znWenck nit verrichten mögen
128 954 987 1079 Kundtlichen syn eronngfar von zwentz
179 1035 995 1133 Jarenn, Alls er mit sinem ersten erwys
189 1088 998 1182 schon zwey Jar Eustgehaltenn, Iun ein
188 1145 966 1230 holtz ganngen, Wollenns sien vn
185 1192 996 1281 möntschlichen schaundtlichen Willen, mit
198 1241 987 1339 iner siner vnd, gunst gemelden, zeuer
182 1294 1001 1387 richtenn, Wyl er sy aber nit fun
210 1344 993 1443 yeer vff denn Godenglagen, An die
205 1398 989 1488 elbe gedacht, nit Annderst Alls Wann
181 1455 975 1535 die gegenwurtig, Inn sinein willen
169 1506 998 1600 war, vnnd eundtlich selbs zuwegen bey
173 1560 1005 1653 das syn meimlicher samnen, nonn zi
192 1613 475 1715 genugen sye.
122 1689 980 1804 Vffsölliche deß gemelten Michel Kun
199 1772 975 1862 lans, bekhanndte hoche schware, vnnd
194 1812 991 1908 Abschüchliche mishannolungen, haben
194 1874 977 1954 hochgenannt nun gnädig herren vnnd
191 1929 992 2016 hberen starthaldter rëcht und Burge
199 1977 981 2071 uff iren eyd zu recht erkenndt unnd ge
170 2022 369 2098 sprochenn
173 2104 988 2201 das man inn dem Nachrichten beualchet
173 2153 991 2254 den zum Obenns, vffgwonnliche Richt¬
166 2209 991 2314 statt fürenn, zunne allda, wyl er ei
191 2259 983 2370 großem rüwen, sine begangnen fälen
190 2317 973 2424 freywillig bekenndt, uß sonderer an
175 2363 977 2479 unnd barmhertzigkeyt, syn houpt ab
181 2415 988 2519 schlachen, demnach den Corpel zune
178 2469 988 2579 brönnend fürwerffen zu Bulwer
157 2521 994 2634 asehen verbrönnen unnd allso vom lade
154 2576 970 2681 Zumthodt, nach fleyserlichem rechten
183 2624 305 2709 sölle.
160 2682 1003 2804 iere vrteyltstuff sambstag e
161 2747 1003 2876 27. sepctember an sunneRumbi erstelen
138 2788 374 2883 wordenn
1934 19 2096 97 26
1142 90 2058 229 erichun Wparder.
1110 243 2030 362 Dmnach Bernhardt Srerber zu Sengen
1093 311 2055 426 der Graffschafft Lantzburg, vnnd herschafft
1109 363 2022 485 Hallwyll pürtig vor etwas abgeloffne
1132 414 2096 526 sydt zu Lentzburg, alls er unsderschiklicher
1116 464 2019 581 gerargwwonterslachen halb gfengklich
1129 525 2033 641 venzogen, unnd darüber gebürender
1127 565 2045 675 maßen exammierte vnnd befraghe
1126 620 2079 734 worden, unnd erschidliche mißhandlung
1138 681 1949 790 faller, vnnd vbeltaten bekheundt,
1121 745 2014 855 inmaßen syn vergicht minen g8
1129 799 2016 899 unnd Ohberen vberschickt, vnnd ein
1130 849 2025 977 Vrtheyl begerth worden, ech dießelbe
1126 908 2005 1024 aber eruolget Ist er Sperber, vß
1128 970 2038 1081 der gfangenschafft eidtloffen, vnnd
1130 1038 2008 1143 endtzwküschen ein theylsiner be¬
1126 1081 2010 1187 khanndtuns  Hanns Caspar von
1124 1144 2028 1260 Hallwyl beträffenndt widerrufft.
1113 1210 1961 1314 Anhalte einer deßhalb vfgerichtenn
1121 1266 2048 1358 schrifftbichen gignns Inn welcheren
1124 1322 2052 1421 er disen ehzentschlagen, unnd das so
1133 1380 2042 1477 er bekhenndt strenge Vnmenschlich
1134 1444 2027 1536 marter zugelegte dergstaltenn das
1144 1502 2045 1599 aenzogner S gehoffet, er sölle daß Imme
1127 1554 2019 1643 zugelegten verdachts nun merledig
1130 1612 2053 1717 syn unnd sich deßenhalb im wenigsten
1131 1674 2048 1772 zubefaren haben etc. Haben nun gnedig
1118 1730 2072 1828 herren unnd öhberen uff inne sperber
1134 1782 2051 1878 achten vnnd durchgebue anordnung
1134 1845 2061 1942 verschaffet das er vor etwas wuchen
1136 1899 2073 1999 loturn gfengklich angenomen.
1124 1934 2031 2056 unnd h g aamptman zu pwangen
1132 2014 2084 2086 remitiert unnd uberlitert worden
1118 2057 2035 2176 der inne volgents allher geschickt.
1134 2129 2082 2229 der den uff zinstag denn 7. octobr.
1123 2189 2101 2291 diß 1617 jahrs durch die ehrennesten
1118 2240 2107 2357 frommen, fürsechtigen ehrsammen, dyßen
1117 2301 2043 2394 Herren Samel Eerber, deß kleynen
1121 2362 2099 2468 graths Neclans Brocher der Burgern
1114 2409 2068 2524 Burckhartsüscher Großweybel,
1121 2471 2110 2595 anfangs zu Merzili spynlich ex
1136 2543 2087 2639 miniert, unnd wyler das foer n
1117 2572 2115 2706 Lentzburg hieuor bekhendt nochmalen
1112 2637 2083 2779 wahr syn, bestättigt, doch solches zu
1126 2699 2121 2838 widerholen, sich nit angentzer junern
1127 2759 2115 2901 konen unnd derowtechen ein verdanck
2133 2807 2168 2856 1
