4000 3000
342 1061 1044 1207 Hisli Schrotter hie¬
407 1166 732 1249 nochtemelt
280 1246 1043 1385 iwyl Nclaus Schrother von
278 1316 1049 1466 Reggesperg so hieuor von nich
272 1407 1027 1510 den horrichteren wegen er de
275 1456 1044 1596 Nigromantzy verdächtig, gferblich
269 1548 1040 1672 In Zogen aūch hūnd Ime ein buh
268 1628 1028 1720 darinnen vil sschwerungen vnd ein
261 1686 1043 1792 Truckli mit einem beschwornnge
266 1764 1042 1889 so er zu der schwartzen kunst¬
279 1841 1042 1947 beuicht haben, solhte, gefunden w
278 1918 1037 2019 nebent dem er angeclagt worden.
264 1984 1059 2088 als solte er vil diebstal auch vor
265 2044 1047 2162 offentliche entschlohnusen gethan
244 2136 1041 2242 haben angeclagt worden. Welches
260 2208 1035 2310 alles aber er schrörger als das ermit
249 2280 1023 2404 derglychen Nigromantischen sachen
215 2351 1029 2492 vmbgangen, noch das er die selbegt
233 2452 1034 2538 Funst könne auch daz ereinichen
240 2508 995 2627 montschen Im nuisten etwas
210 2551 1021 2700 Ceuntrunret noch auch dzs er auch
226 2655 1001 2786 entschlachnus gethan, in synem
851 2722 1021 2826 vorghed
1084 2744 1156 2813 3 de
1070 2794 1149 2866 den
1133 1 2018 158 vegehnden examme zu warzan
1210 15 1997 180 der cortur, Im munsten nit
1157 120 1981 266 redig noch bekantlich syn wollen
1142 170 2005 345 ger deeglychen einchen clagpundten
1143 248 1990 396 begangen habe. Hieneben zwar
1149 323 1993 462 bkentlich syn mueßen, das er ein
1132 365 2017 550 grglychen, Zuuberesch buch hinder Ime
1150 466 2036 613 gehept, wienauch die er aber synem
1142 515 2061 658 angeben nach, mit gewüßt, was da
1138 583 1995 728 einnen gstanden, dan er weder schrybe
1144 647 1929 801 noch läfen könne, auch solliches
1131 711 2021 879 zur pfandtswyß hunderlegt wordn
1146 798 1971 932 Item das Ime dzs bewußte trunkln
1133 880 1958 1012 darinen ein mit holtz geschuntztet
1132 962 2002 1062 Tellerfrothen, Hanns Springen von
1135 1019 2006 1141 Watten wyl geben habe, mit ver¬
1139 1091 1966 1192 meld, sölliches Truckli gut zZur
1127 1162 1999 1282 Artzuy vnd fur dz Kaltwehrsye
1374 1227 1589 1287 Springen
1143 1250 1970 1336 wie den Zmit, ein Landttharer
1127 1305 2000 1423 und musenaßtreger fürgeben habe
1121 1383 1913 1482 deswegen vnd diewyl gedachter
1134 1452 1983 1556 sprnngen hiemit verdächtig worden
1144 1515 2043 1610 als möhte er die Cellerbröchen vil
1136 1578 2000 1691 licht fur einen beschwornen Grist
1149 1634 1989 1736 gebrucht und darmit haubwerck
1139 1709 1978 1812 getriben haben, habent V. g.
1154 1782 1972 1911 nothwendig befunden, das gedachter
1134 1849 2009 1967 Springen auch darüber exammiert
1151 1927 1999 2035 wo er mit disem Truckli harkome
1127 1995 1979 2117 und ob er nit mit hoeberwerck
1127 2066 2066 2189 vnbange, Vnd hiemit auch gegen
1154 2128 2028 2262 gedachtem Schrocher confrontieren
1147 2219 2052 2354 ob sy mit beider yths gmeinschafft, mit
1147 2277 2046 2401 deglychen sich vngepurlichen sahen
1153 2365 2051 2512 gehext hab nitdaden (sy beider syths
1143 2432 2054 2571 Vf vorgender vnd einer ged verbliben
1138 2491 2042 2665 und verharret als das ime springen
1146 2568 2037 2730 ungfar vor 4 jaren, als er wege
1147 2621 2076 2802 zu Wargeneyl gewurcget, das bemelte
1162 2714 2063 2897 rnfli ein landtstracher, so by ime
1186 2793 2037 2971 P 23. Februarii dūrch hieūorgemelt
1167 2846 1473 2983 exemnu
