4000 3000
192 96 1012 339 Drnuendisenpegen
238 195 1010 378 einmal von ihr zezfuhen, welches a
235 249 978 417 syn wyb aber sye anders imme nit zunse
210 296 1023 485 noch zu wiiterthue vnnd habzen slt
211 349 995 515 verrufen sonsten Citieren laßen, daen
220 404 999 562 ihr hußhalfen solle, ee wolle das aber
212 476 1017 628 Fürt stich selb than, sonderlich so er vomei
229 517 1025 695 gupfen zu eitens vnderthen, de reder
221 590 1025 771 anzesprächen vorhabens gsin möcht
247 643 570 737 nomen werden,
227 733 1027 914 Zum anderen, das er inn stchs jeren s
246 808 1011 939 Meyster Hanns Ochs selig, das hands
239 858 1010 990 werk ufgäben für sich selb geaweitet
222 923 1013 1041 deß yeersouch gesttendig. Das sye aber de
226 987 1026 1106 ursach beschächen eins theylls das er knecht
227 1044 1009 1147 wenig ersparen mögen, anders theyl
238 1083 1022 1212 aber, das die personen, denen er gwercht
230 1149 1014 1257 Imme darin nit nun glimpffet, sonderen
219 1214 1013 1316 gesterckt. Das aber er andere verfehrt
234 1275 1009 1367 vnnd von den Meysteren zogen haben soll
210 1323 1005 1419 deß sye er iit gestendig. Woll das ander
225 1382 1008 1485 Imt behilfflich gsin, unnd mit imme gezog
231 1453 1020 1541 sy habent aber das fryen willens gethan
221 1505 1013 1601 danernit eintzig. Ann disem fäler begesten
203 1589 1010 1658 Er welle aber fürhin auonlaßen vnnd se
244 1630 1023 1721 mit den Meysterensetzen, Pätte hiemit
245 1680 1009 1783 y benorderst aber myn g herren umb
227 1742 1018 1841 verzychung vnnd das man inn nit nat
212 1805 746 1897 werdienen straffen woll
214 1894 1014 2005 Das erffürs dritt, die den Meysternge
220 1978 1019 2063 thanne glupt sich vor den mr zesollen
221 2017 1029 2129 vnnd straffen zelaßen übersuchen, deßsi
211 2070 1028 2197 die thronwwore, das sy garstrens, sein
226 2122 1028 2241 Ruch wie er lelder jetz dch verdtente
215 2189 1025 2302 wyß erthar, mit Ime handlen wellen
213 2244 1005 2356 ein ursach, dan so sy ime nit so harb
225 2303 1014 2446 shröünt hälten. Ware ervor ime
295 2384 996 2562 naschvolgenden herren ✳ unnd
371 2491 972 2642 personen habe er gearbebel
145 2595 948 2730 Herrn Großweybell Brocher
172 2668 913 2821 Su Christoffel Ougspurger
152 2780 928 2888 mr Jacob Khein sähigen
1083 172 1554 363 Edee u
1115 245 1627 429 enetales
1103 306 1605 484 heregenshor
1110 362 1757 558 desenshechen hae
1113 481 1507 637 segen Rue
1105 513 1814 702 Jacob Gygensat dem Metzgern
1091 608 1669 803 Hettungt zu Ghronser.
1094 677 1804 858 kauffvogt zu Schwartzenburg,
1078 781 1671 942 ogt zu Sonf Johannsen
1088 909 1670 1048 Dem herren von Montai
1099 1002 1508 1115 H Jacob Burgas
1092 1066 1528 1197 Denhu dessart
1073 1160 1697 1296 den Fryheren zu Cassawa
1080 1269 1797 1411 Dem herren von Mantrichter
1097 1415 1551 1541 S. Hauptman Vogell
1113 1493 2046 1621 emem anderen houptman, zuFryburg,
1099 1579 1639 1702 I. Petterman von Erlach
1108 1696 1940 1808 Iuch anderen Personen mehr die er
1158 1760 1918 1892 Jetz nit all zumenßen wüssen .
1985 48 2093 127 118
