4000 3000
285 42 1063 336 veeien
284 132 998 365 ensten
292 203 1006 452 r worten
276 263 925 481 degendten
284 360 1036 581 daten Franghen ane
276 456 1028 629 den wie vorstadt bekantlich syn ween
262 509 992 675 Ist er mit dene Eidtseryl man
265 593 1035 757 alhie zm landtmüt bedarff von
258 651 1035 836 verwisen  vnd durch die Weibele
279 717 1048 902 uff Grentzen gefüert worden. Ich hab
283 802 945 951 schelmen hernach am Mennarit zu
272 852 435 941 gsechen
961 885 1030 959 he
363 975 857 1100 Cnnradt Ryb
896 1029 1048 1110 ein
407 1060 1034 1197 knecht uß der herschiffen fromen
542 1140 739 1224 velde
201 1187 1042 1348 Als den disen verschinnen Osterman
238 1284 1019 1400 Cnnradt Ribi ein müllerknecht
268 1352 1017 1482 vß der Herrschafft Frouwenveld
243 1440 1020 1548 pürtig, so jetz letstlichen bin
257 1507 1020 1617 Müller zu Huntzigken dienet
237 1581 1025 1701 Zum Pfisteren alhie zugezogen
245 1660 1022 1770 und daselbst gäßen und trunken
245 1731 1029 1841 und hernach als er synen vorthe
256 1797 1007 1911 gesachen sich zn ein gmachg
236 1865 1032 1984 vnd dem hußwirth, ein parhos
233 1950 1020 2059 2 Waisell und ein etc strans
226 2017 1011 2125 daruß gestolen, vnd sich herna
235 2080 1020 2205 mit dem diebstalfort undt
216 2144 1010 2285 der statt machen wollen, vnd we
230 2219 1020 2339 aber ergiffen, imme den dib
214 2265 1014 2419 wid abgenommen, vnd gefenk
204 2369 1002 2500 ingezogen worden und diewyl
207 2441 1005 2585 Im gezig das er an andern ort
217 2499 994 2676 auch gefangen gsen vd gehe¬
193 2542 1011 2720 und mit rerthem solle syn
214 2630 1012 2807 schmeiezt worden. Ist er uffha
181 2696 1017 2874 den 6. aprilis diß 1621 ja
132 2756 994 2948 durch vd g beide dienere, dr
1927 27 2020 95 i
1152 72 2037 307 mibell und grichtschryber, in der man
1129 134 2048 362 nenkesen umb das ein und and mit ernst
1120 219 1976 439 hafften tworgen examiniert worde
1098 291 2019 534 Der hat nun deß diebstals so ervorge
1459 394 1560 460 zum
1121 357 2032 577 hörter gstalt du Pfisteren verricht
1121 442 1993 628 nit absyn können, er sye aber gar
1119 507 2045 697 truncken gsen vnd habe sich leid also
1117 589 2013 755 wegen er domolen nit wol battet
1103 676 2034 840 vnd sich gesagnet, dannen har Inne
1105 750 2003 904 kog in dise sundt fallen laßen
1077 827 1979 980 geßen, also das er disen die bstall
1110 878 2021 1028 begangen, bätte ob Gott vnd M¬
1103 987 1928 1102 umb gnad und verzychung, welle
1105 1056 1968 1198 erglychen sachen niemerhr Ihme
1095 1137 1955 1232 werde auch solliches meiner mehr
1107 1200 1955 1333 ghört werden und erbuget sich d
1092 1292 1408 1400 beßerūng an¬
1056 1340 2011 1491 ch das er hieuor an andern orten solle
1098 1416 2018 1545 syn ußgeschmeitzt worden, werde sich
1103 1506 2006 1613 nit erfinden. Zwar sye er hienor
1104 1569 2010 1659 als Iin Venediger piet, als er einen
1088 1634 1984 1738 houptegon Soldatswyß gedienet
1082 1702 1978 1805 von syner liedeligkeit wegen, in
1082 1766 1933 1902 Istem etliche tag gelegt worden,
1099 1834 1980 1956 sonst von keiner andern enthat
1098 1927 1921 2009 wegen, werde auch mit anders
1089 1985 2016 2106 vehrlichs konnenvff Inne bewisen
1078 2066 1920 2161 werden und will hiemit beder
1087 2130 2010 2248 andern enthaten nit gestendig syn
1074 2206 1972 2359 biiget vnd g vmb entledignug
1062 2318 1937 2481 Wyl diser Cunrad Stybi nüt wytters
1080 2396 1921 2541 bekennen wollen ist er auch mit einer
1067 2458 1923 2638 starcken Censur ußgelaßen, vnnd
1072 2531 1845 2728 in syn hennat gewisen worden
