4000 3000
181 112 1083 279 eßglychenn hürsig inn der riedhstatt
219 181 608 259 3 Ysinweggen,
199 251 1100 431 Auch Inn der Geysegg, ein Silbernen von
218 309 733 389 unndem schrötysenn
212 370 1094 554 dem Schmid zu Schwartzenburg 5 bas
212 459 1064 576 einem Sägestenschmid, Alls er zu Schn
194 500 1097 647 enburg feil gehept. 3 Sagesten endt zuh
206 553 1095 718 unnd jede zu Fryburg umb 3 bartzen vh
158 620 1052 751 So habe er zu Schwartzennburg einen
168 701 1079 811 Krämerein hut Abkoufft, aber das
188 751 1055 872 rumb versprochne gällt nit bezallt
180 820 1093 954 Item zu Albligenn, habe er ein murhens
146 897 1048 991 unnd ein röckli oder Wullhembd ge¬
206 941 378 1011 solenn
190 1013 1090 1127 Vyter zu Schwartzennburg, vß gheis eine
196 1079 1101 1182 Blinden Gygens Dasecbst 3. Spannagel
203 1135 927 1216 unnd 4 par hosenn endtzuekf
161 1197 1075 1315 Mit hilff eines Camen Gygers Ouch
219 1279 1082 1367 einsin vß dem Sibental deßen Namen
200 1337 1093 1425 Imme nit zuwüßen, habe er zu Bumis
186 1392 1029 1480 chus uß einem Spycher 3 wällen
216 1443 1030 1527 vullin tuch gestolenn, vnnd Im ein
219 1506 660 1586 graben vhorgenn,
182 1565 1049 1661 Abermalen zu Muleren, ein stuckh
189 1627 1072 1698 Rystin tuch vnnd 4 Eynlachen endt¬
128 1685 1061 1765 frömbdet. Das tuch habe er zu Fryb.
213 1743 828 1822 ueg umb 20 bz verkouft.
207 1800 1059 1906 Denne habemnt dise sine gspanen vnnd
198 1872 1008 1959 er an einem ort 20 lb anncken
201 1931 989 2003 enndtwent vnnd den verkuchlet
177 1994 1036 2101 An einem Vrdt Gambach genant zu¬
177 2075 1057 2161 Guggisperg gelegen, habe er an einen
185 2135 1043 2224 gehalltnenn hochzytt Hansen Rotz ein
149 2173 1021 2258 Schwartzenmantel veruntrüwet
155 2231 1051 2336 welchenn sine gsellen behaldten, vnd zme
177 2297 951 2392 fur sinen theyl 3 batzen gäben
154 2352 1060 2480 ungfar vor einem halben Jar habent
173 2445 1005 2524 zu Winenwyl, vß einem Spycher ein
164 2456 1059 2571 stuck, wullin tuch 3 wybernöck uß den
155 2513 1074 2627 tuch sy 2 fl unnd uß den röcken, die sy by
151 2560 1098 2676 laffeyen verkouft 3 fl erläßt. Deßglychen
169 2619 1068 2719 2. Wyben broth unnd etwas anckent.
162 2690 1035 2810 so sy mit einanderen großen gestolen.
2102 11 2148 73 68
1201 31 2158 250 ugter habt er zu schwartzenburg uß
1229 111 2120 278 ers Spycher, etlich ellenn Wyß wullin
1234 131 2166 338 uch soer dem Pfisten daselbst verkouft.
1223 202 2175 378 eembd unnd ein 5 zun galt veruntrur
1210 335 2142 515 Abermalen habennt gemelte sine gspanen
1231 392 2110 554 unnder zu Müleren uß einem soycher
1224 440 2107 592 3 wollen tuch gestolenn, so sine gsellen
1217 494 2134 659 verkoufft unnd vom erlößtenn gält, imme
1228 589 1563 696 . latzen gaben
1227 620 2191 777 Vyter zu Rüggisperg zu Unnderst zm dorff
1223 697 2036 828 habennt sy uß einem spycher 7 ell
1229 738 2165 876 Schwartz willin tuch enndtwent vnnd
1233 809 1824 924 umb 7 batzen verkouft.
1191 890 2130 1039 Deßglychenn by Ruggisbergonngfar vor
1249 960 2094 1068 einem halbenn Jar, vß einem Spycher
1704 1012 2084 1095 daūon Ime sine
1248 1028 1676 1120 20 feundtzuckt.
1247 1083 1687 1201 ssellenn nichts gäben,
1214 1143 2156 1280 Hanns dem Wurth zu Schwartzenburg.
1270 1203 2189 1319 ienit sy über ein trog brochenn und darus
1251 1260 2096 1375 ig batzen, so Imme einzig verbliben
1252 1346 1439 1426 gestolenn
1199 1378 2109 1503 So habe er Im Tryburg pieth ein Röcs
1255 1449 2205 1536 nemmen wollen, sie Aber verzagt worden
1236 1524 2180 1640 Abermalen mit hilff siner Conhorten Im
1238 1601 2164 1688 Feyburgpieth ein Jar hosen, ein hembd
1253 1653 2150 1725 ein par Schuch, vnnd ein hochen hut, denn
1263 1705 2181 1805 eb zu Schwartzenburg verkauft, endt
1240 1774 1469 1850 frömbdet.
1234 1831 2155 1941 Gy Burgenstein habemnt die vorgemelte
1254 1902 2196 1988 beyd unnder uß einem spycher, 2 häsen
1272 1958 2185 2050 einziger 3ell rystintuch 3 wyber.
1251 2012 2168 2123 schombd unndein dägenbhenckh, darus sy
1250 2070 2132 2175 Im Guggispärg by 3 l erlößn, vern
1241 2106 1456 2210 ten
1230 2173 2040 2304 Ihm heybūrgpiet im Bulgenannte
1192 2247 2172 2373 Lanndtman so sich Gaßernamse ein vag
1256 2312 2183 2477 deßglychenn zu Niderried 2 käsen ent-
1257 2399 2142 2524 wenndt uß dem dägen habennt sy 3 lb
1280 2444 2206 2592 unnd uß den käsen 14 batzen, so sy einem
1243 2494 2178 2644 Müller by Schwartzennburg verkauft.
1261 2557 1449 2653 erlößt,
