4000 3000
139 1160 178 1205 1
93 1189 183 1242 ouch
233 114 1060 251 mit hilff sines gsellenn, so sich Jagli Sch
226 175 1004 267 vonn Augfpung genamset, angei
227 224 1032 329 der ein sie Inen Augentzeundtlichen
222 282 1042 377 denn Annderen Aber habent sy behaldt
239 310 1044 414 Unnd wyler sy umb gnad gepäten
236 361 1039 457 mit vermeldenn, er habe vil kleyne
194 411 1054 530 kinnd, habent sy imme syn gält, so e
225 460 1053 572 6 fl gsin, genommen vnnd inn demman
214 508 616 594 lauffenn laßenn,
196 570 1029 672 Demnach sie er gan Schwytz kommen
224 638 1044 729 unnd alls mr Stoffel der nachrichter
232 693 1045 778 daselbstenn, Welcher Imne dienstgeb
215 733 1023 833 Inne vff einen hochen burg, der Stoß
218 777 1034 887 genannt, reuerenter Zmelden, ein ab
188 828 1034 914 ganngen lier ußzezüchen gschickt, habe
234 881 1051 975 er im ufstygenn deß bärgs, so by deye
223 931 1027 1000 stunden gwärdt, darab er gar mid
186 976 1047 1057 wordenn, sich eines schmachlichen standt
215 1019 1041 1110 Innsonderheyt Aber schlechter belonung
230 1068 1043 1158 so imme ward erzimenet, unnd us vn¬
216 1114 1039 1199 gedult by imme nit nun gedacht sannder
182 1169 210 1210 1
613 1163 1006 1232 Wann der leydige
205 1177 339 1259 gredt
182 1185 1041 1283 küffel vor dem gott mengklich bewe
196 1257 1034 1351 Imne gälts gnus gäb. Welcte er sich
190 1300 1024 1385 Im. damit er der hanten arbeyt ab
191 1351 1047 1430 kon möchte ergäbenn, Emselben sie erd
200 1406 1050 1488 böse einnd unnd verfürer möntschlichen
177 1448 1063 1535 gschlechts zum gstallt einer zum Schwatt
194 1496 1053 1570 enkleyderen angetanen mansperson
197 1544 1041 1611 mit einem Gällachten barth Angent¬
173 1592 1063 1680 verhannden gsin, inne angredt und gsprochen
182 1646 1057 1730 falser sich im ergäben, vnnd thun well¬
168 1697 1039 1775 Waser zun heißen werd, Well er n
170 1761 1047 1826 An gullt keinen mangel lasenn, vnnd
169 1789 1057 1876 Wiewol er Annfargs, vß empfangnen
186 1833 1023 1934 schräcken sich gesägnet unnd zu gott
176 1886 1041 1988 gruft, allso das der böß gris ver
149 1935 1028 2039 schwunden, sie er doch zun Verrichtung
179 1997 1051 2089 mer Arbept, Wider zu Ime kommen,
176 2038 1029 2144 unnd mit vilgebruchten worten unnd
151 2080 1015 2180 Verheißungen, Inne endtlich bewegt
669 2143 1007 2234 das er leyder.
173 2164 452 2240 i und bredt
145 2192 1018 2300 vonn gott sinem Schöpfer abgfallen
154 2221 1038 2352 inne verlougnet unnd sich allenklich
148 2309 1005 2411 hösen Geise ergäbenn, Welcher zun
154 2330 1039 2450 sines vermeinens by 20 taleren
108 2407 1007 2510 nach Aber, Alls er heimkommen, mirs
103 2459 1010 2572 er gsin zugstellt mit beuelch das
126 2485 1046 2652 gefanngne, Imme deßhalb, einen Zedell¬
106 2546 1022 2678 mit sinem blut gschribenn überlifee
118 2591 1021 2741 Butenn solle, er gruse Lutzifen sy
121 2663 1004 2787 herrenn, vnnd ergäb sich Im nach der
1963 10 2083 95 73
1208 35 2081 210 mit sinem diener gehalteneen Abrend¬
1211 110 2071 269 voll zmme auch nit abstan, e nach dem
1213 164 2062 302 nu er inn sines meicsters hus. inn der
1172 195 2127 357 Masengrüblet, vnnd das darußfließennde
1197 240 2158 397 blut inn den löfel, damit er pflegt züeßen,
1203 296 2099 448 empfangenn, volgennts berunten zedel.
1182 338 2149 495 Inn obsteunden wortenn gschriben, vnnd den
1194 390 2144 529 gunstgemelden uff dem schwyn stall ge-
1165 439 2104 590 kegt, sie derselbweg genommen worden,
1217 496 2125 609 mes erachtens vom bosen Geist, Welcher
1200 546 2084 683 janne zu antwort widerbracht, eß sie
1170 572 2134 717 Putzifer deßwol ze fridenn, vnnd damit
1191 635 2172 762 imme uff dem Rucken griben, allso das er
1190 676 2164 804 dauon ein Zeichen empfangen, hab Ime auch
1209 723 2115 844 ein vonn harzusamen gemacht stuckh, so
1197 788 2107 902 Inn der größe, wie ein funst gsin, geben
1191 822 2131 949 unnd bevolchenn, das deß meisters kinden
1200 878 2112 988 vnnderzelegen, Welches Aber nit beheihen
1187 931 2128 1048 Wol habe er solches für das fennster, vff
1210 976 2078 1082 denn sinsen glegt, ob aber demants¬
1221 1008 2127 1128 schadenn dardurch widerfaren, ouch Wo
1198 1061 2156 1182 hineß kommen, wüße er nit, sie auch uß
1212 1132 2078 1221 trib deß bösenn Geists, denn Kinden
1219 1186 2178 1286 mechtig vid wordenn, Allso das er Vor¬
1177 1232 2130 1328 habenns gsin sines meisters jüngstkind.
1215 1291 2144 1371 enntweders znn der Wiegen, Zuerwurgen
1199 1340 2022 1421 oder mit einem mäßer zuerstächen,
1199 1394 2098 1470 inmaßen der m alls er deßen gewahr
1204 1445 1839 1516 vordenn, Imne vrloub gaben
1175 1500 2148 1597 Nachmalen hab der böse Geist, zme Gulter
1121 1581 2157 1650 Wie Buchsenbulfer ber den kinden Inns
1208 1628 2187 1707 har vnnd denn Roßen vff denn Rucken Werfen
1220 1673 2176 1753 vßglychenn Schwartze selben, so er Ansteyche
1218 1725 1527 1797 sollenn. gabenn,
1653 1731 2163 1804 Welches er Aber nit ge¬
1182 1747 2116 1841 Nhan, Allein mit der Salben, habe er Inn ei¬
1190 1817 2165 1910 nem Würtshus zu Näckerrnus Im Wurtz
1195 1859 2165 1968 enberger Lanndgelegenn, einen stul, daruf
1195 1916 2203 2013 ein vollerburenknecht glägen und gschlaffen
1177 1961 2179 2068 Angsalbet. Wie balld das bschechen, sie der
1185 2009 2192 2118 stul, vnnder Im dannen, Inn der Stuben vmb¬
1166 2062 2161 2171 cher gfarenn, Allso das solches ein gelächter
1207 2110 1379 2189 gäbenn,
1505 2120 2173 2219 dem Knecht Aber nach sonsten
1217 2164 2221 2274 niemannt, sie einicher schaden, darub eruolget
1190 2209 2150 2354 Eß hab auch der bise Geist, Imme beuolchen
1219 2292 2165 2398 sich genn, vff Jegerisch ze kleydenn, welches
1206 2322 1403 2395 ergethan,
1495 2359 2187 2439 nnd alls er Inn einem Wall
1206 2377 2167 2506 by Pfaffenhusen nach verrichten Jege, deß
1218 2413 2170 2554 Edellmans hund zusamen kupplen vnnd
1207 2476 2126 2612 binden söllenn, sie Butzifer, Inn gruuer
1216 2511 2179 2664 Kleydung erschinnen, hab Im geholffen vnd
1210 2563 2099 2732 gfragt, wann er wider vff die Jegen
1150 2618 1384 2722 Well
