4000 3000
23 2421 189 2490 widerumb
249 27 972 241 vnd haerstlichen de e
273 144 956 300 wie das sy bendersyths wegen der
258 190 1002 392 und thüren zye umgfar vor 43
263 273 894 396 wuchen, zn willen komen
891 383 949 439 h
238 342 996 503 zu synem Vatterhemn Schulme
958 403 1040 460 ab
250 410 325 485 zu
329 404 978 557 Seengen zureißen, zusehen
984 459 1024 526 s
251 474 982 629 sy sich beidersyths daunder beßen
977 527 1018 586 ob
257 524 946 673 alher alhie erhalten kontnit
271 632 995 753 nemlich aber auch, das syn schwager
255 676 994 810 zu Kroue, ime etwas zethun
268 750 866 889 vnd daselbige Inzu Züchen
916 798 1010 877 vnnd
259 803 888 920 uff das endthen 3 irer kind
900 860 1007 953 durch
274 888 1008 1003 yn frouwen gan orb zu einer
273 956 1012 1079 syner basen geschickt, das sy inen de
284 1037 1008 1140 selben etwan ein wuchen odr 3. tr¬
275 1095 1015 1219 halten wolle, wie dan dieselbige
261 1169 1014 1263 basen schon zuuor ein ander ihr kndts
265 1240 1014 1333 erhalten habe und noch thüey mit
264 1290 1012 1407 dem jüngsten kindt aber sye ernach
255 1360 1007 1454 dem Erogmne zugereißet, wie den
266 1424 1014 1534 inne syn frauw noch uff der straßan
256 1495 1028 1586 troffen mit vermelden, das sy die ander
246 1541 1018 1655 den kindt irer basen zu Worbzu
260 1614 989 1717 gebracht, die Jra auch dieselben sein
248 1677 1022 1786 zyglang zuerhalten versprochen habe
261 1741 1016 1833 syënt also mit einanderen synem vatter
242 1802 1014 1906 zugerechet, vnd noch dem sy nun in
258 1858 1008 1979 irem jisngsten kindthimb kommen,
237 1932 1023 2020 vnd aber der Vatter auch keine sonder
245 1987 1001 2113 bare methel, sy zuerhaltend ghept
232 2070 1008 2190 sye er verursachet worden, mit der  und
226 2131 1015 2244 dem Kundt naher Casell, alder
251 2188 1002 2332 auch gestorben In die besatzung der
251 2272 1015 2382 unst nach arbeit zu zuchen ich
232 2313 993 2457 und aber es daselbst gar fhür er nit alder
230 2390 983 2520 verblyben wellen, sonder ob sich gezogen
184 2435 1020 2577 Da dem vndewegen zu Ahrome syshen
990 2569 1017 2601 e
219 2493 1025 2641 sibenthat und syn gangetroffen w
225 2563 989 2712 imme etwas gethun und schuldig und
231 2615 1018 2764 hienor alhie sach mithin by syn damff
227 2667 1008 2861 frouwen wider synen wollen zuz
912 2747 982 2833 nd
1896 18 1987 94 185
1062 44 1979 218 umithin ira etwas zuerkauffen zn.
1280 123 1937 219 Vnd dewyl ob dieselbige
1125 145 1276 232 gebracht,
1111 179 1964 314 ine umb syn ansprach nit bezelt, sye
1115 249 1968 369 und syn fort und wie nahererz
1117 308 1995 438 gezogen, (Alles sy nun gan Burgdorff
1110 372 2021 495 kommen, habe er erfharen, das die sibentha
1111 436 2021 557 tenen und ir man auch schon alda gesen,
1112 502 1967 609 und angeben, wie sy beidersyths naher
1110 560 2015 673 Hauffwellnnt, naach dem nun ergefange
1107 626 1956 725 ne sund syn  für Burgdorff
1104 686 1947 793 ußkommen, habe syn  imme anzeigt
1119 762 1947 858 sy welle zu das nechst dörfflin vnd der
1110 809 1980 940 sibenthatenen nachfragen und bezalng
1122 878 1990 979 forderen, welches Iro gestattet, er ob sy
1119 950 1978 1058 strackt nach dernn zogen, baldt komme
1114 1005 1970 1123 hmme syn frouw wider nach mit einem keßn
1107 1075 1980 1182 do habe er sy gfragt, wo y daselbige gnommen,
1109 1137 1935 1230 y imme anzeigt, es habe die sibenthatenen
1116 1203 1934 1313 hra daselbige zu bezalung irer schuldt
1115 1264 1998 1367 geben, welches er Ira gegloubt, zu Tor¬
1121 1337 2006 1435 berg nun habe syn f das Reßi einem
1097 1393 1989 1503 landtman umb ein s verkaufft, es sye
1128 1458 1971 1565 aber glych hernach, der Jennge degen das
1125 1522 1974 1626 feßin gesin, wie auch der, welchem sy es
1123 1587 1990 1687 finfft Inen nachgeylt, also daz nit
1137 1660 1992 1750 allei dem jenigen syn beßen w
1140 1707 2006 1811 onder auch dem anderen syn gelt wider
1132 1771 2007 1875 worden, er der mann aber habe gantz nit
1127 1823 1944 1953 gewüßt, das syn fes verüntrinret
1116 1912 1953 2024 habe und wil also kemer diebstalen kantlich syn
1966 1920 2031 2025 s
1121 1983 1953 2085 die frauw nun zeigt der Kinderen
1130 2050 2022 2158 halben glych wie ir man und das sy die
1120 2116 1997 2227 selben ire kindt selbs psönlich irer
1118 2172 2017 2300 Sasen gan Worb ein zyrlang zuer
1123 2254 2014 2380 halten und zehüeti zubracht, welche es
1130 2319 2017 2445 sra auch ze thun versprochen habe. Als
1133 2376 1958 2503 aber villichter lenger vß bliben
1106 2440 1975 2598 den sy aber Vermeint, habe dieselbe
1127 2509 2039 2664 ste Basen, die Kinder alhar In Spithal
1140 2581 2029 2753 dschaffet deß Keßis halber ist
1129 2665 2021 2806 s kantlich das sy daselbige Iu einem
1120 2719 2058 2894 sdörffene nebent Burgdorff vor eines
