4000 3000
19 1441 229 1525 bekanlich syn
33 1504 165 1550 wollen.
230 52 980 272 Der hat nun mit und ohne s
272 135 989 360 heneg
229 222 945 397 znhaben, befantlich syn welle
251 285 1005 537 ager aanz ug
251 426 1008 600 nen, erehedt sich leider so vore
238 484 956 632 gesen, das er Wolffgang hoseten
951 593 995 641 n
242 541 1007 739 krämer alhie einen hochen hut
232 612 1009 797 ynem lade entfräubdet, sye i
249 698 997 844 imme Josten, nach dem er gefangne
265 761 1001 915 mit dm entfrombdeten hut wid
257 858 992 979 alhar In die Statt komen, wider
265 923 982 1042 worden. Item das er auch ver
259 993 989 1127 schumer tagen, syboldt dem schn
282 1084 985 1192 macher ein par schu uß synen
248 1161 963 1245 kad genomen, son aber ime
276 1197 995 1322 auch angentz wider abgezagt worden
257 1273 999 1412 Will also sidt geschwornem voghe¬
215 1357 988 1467 Verners vnd wyters  obge¬
261 1437 1000 1531 melte 2. pnnites begangen zu¬
249 1492 972 1591 haben, sonder das er sich sedt dem
261 1560 981 1656 selben by ehrlichen m mit wr
248 1642 827 1739 beitter verhalten sole
249 1702 999 1815 kieget hiemit von 9 gantz demürti
303 1764 890 1869 ubgnad und verzychung
622 1835 935 1905 lähr den 2 malhen
607 1873 1005 1929 al mit dm kleinn
236 1853 606 1972 Ist zum 1.i
244 1915 998 2005 und zum 3 moll mit beiden tn
246 1998 593 2088 uffzogen worden
215 2085 967 2229 Ist den 2. aprilis 1622 zu das
209 2151 985 2263 algemeine Schallenwerck wol
224 2223 923 2339 In zu schmiden und an der nurt
219 2287 953 2410 Schantz zeurbeiten) so lang
208 2347 970 2515 ihr g gefallen wirt, erkent
216 2498 366 2554 word.
404 2511 920 2628 Madlena Leng von
522 2598 751 2690 Mtzistorff
192 2624 957 2768 Ist den 20. martii der eidtwegen
186 2709 941 2834 3. Fhälers, und tnn zum anderen
212 2738 939 2880 mahl ubersehnen lidts, der lidt
204 2814 945 2959 von statt uff landt geben zwor
1884 15 1972 86 182
1051 60 1929 267 orentz Danwer ein zieg¬
1072 150 1849 304 sorknecht vnnd Cathema
1121 216 1722 366 Ruscher zn Ehefrauw
1058 282 1968 455 Sennach verschinner tag Lorenbz danner
1064 361 1949 505 sei Zieglerkknecht, vnd Cathryna Rusch
1089 445 1974 578 ein ehfrauw vom herren vogt von W
1072 485 1949 630 berg mit einerem bricht alhar gefenget.
1085 554 1931 700 lichen geschickt worden, darinnen vermeldet
1079 612 1928 737 mie das jare gemelte Erluth mit einem
1083 679 1953 807 entwendten keßi zugebracht worden.
1083 739 1958 863 als das s die h das Keßi Jacob Brund
1075 809 1919 933 von Rohrmoß sölle enthwendt und
1087 872 1976 1020 schon albereit eiten anderen Landtman
1074 945 1988 1066 umb ein 7 verkouffen haben. Vnnd nach
1087 1011 1942 1113 dm aber gedachter wunder, Ihra der
1086 1079 1916 1199 frouwen nachgeglt, habe er sy wie
1089 1141 1952 1239 auch den Köuffer deß Lesis angetroffen
1089 1211 1973 1319 also das imne syn entwerdt keße, w auch
1088 1266 1902 1373 dem köüffer syn ußgeben gelt wid
1091 1345 1938 1439 worden, unnd diewyl aber derglyche
1079 1398 1950 1503 huß deben vil gespürt werdent und sy
1085 1459 1914 1565 de eheluth, In Irem versprechen mechtig
1097 1532 1970 1630 gelurget, habe er dieselbigen, sy verners
1086 1600 1652 1707 huexaminiern zugeschickt
1082 1661 1986 1764 Nebent disem auch von inen beiden geclagt
1100 1742 1975 1830 worden, wie das sy hieuor etlichen wuchn
1103 1793 1955 1896 reüwer und unbarmhartzigerwyß an
1109 1887 1917 1961 vnd alle gepur den Irer noch Jung
1089 1916 1934 2034 vnerzogner Kind, alhie Im Spiegal
1085 1987 1999 2101 verlaßen, vnd sy Irem geferdt nach dar¬
1110 2058 1974 2179 wisgezogen. Deßwegen v genath
1101 2136 1970 2238 wendig bevund einen vß dro mittle
1101 2188 1934 2299 zuuerordnen, der sy nit sollen uber
1103 2250 2025 2382 obsthende pmecsen, sonder nach vnkan¬
1109 2334 1963 2440 dere diebstal deren sy, sondrlich ab
1113 2404 2008 2535 de zu gezigen werde, mit ernsthafft
1126 2472 1992 2579 worgen examiniere, das ist nur
1130 2530 1979 2671 if zinstag den 3. aprilis diß 1622
1126 2607 1959 2737 os nach den Ehrenueten hro
1112 2661 1947 2820 für fürsehtigen Herren Ruthan
1122 2723 1948 2873 Cilnier dß Fleinen Rhats, vnd
1128 2774 1898 2929 S Großweibels gegen Ine Er
1144 2871 1245 2928 d
