5472 7296
877 911 2765 1371 NB. Der allte kuocher habe ihme bald
1121 1121 2732 1523 diß bald jenes heißen bringen.
1132 1256 2701 1590 unnd habind ihnne allemahl
1088 1364 2693 1743 Zeeßen vnnd ze trinken geben,
1154 1546 2717 1877 auch wohl gewüßt, daß er söllichen
1128 1624 2701 1974 züg nit habe, sonderen daß es
1139 1788 2751 2099 gestolen seye unnd habind ihnen
1103 1891 2759 2228 Jederwylen nur ein oder zwo
1125 2031 2713 2351 Maas wyn bezallt unnd dan
1059 2155 2052 2381 das züg behallten.
1254 2360 2729 2675 Mit dem kleinen Stein auff¬
1333 2557 2429 2758 gezogen, hat er bekent.
608 2609 943 2828 6
1058 2634 2684 2955 Im zuchthaus als er daselbsten
1107 2848 2684 3072 gearbeitet habe er einen möschigen
1115 2952 1926 3141 hauen genommen.
757 3179 916 3349 7.
1090 3171 2675 3442 seinem vatter sel habe er einen
1094 3334 2425 3568 kleinen hafen genommen.
1063 3634 1127 3752 .
793 3621 947 3747 8.
1116 3528 2717 3779 Syner stieffmuoter habe er zwo
1115 3681 2718 3912 blatten genommen unnd den Kuocher
1073 3824 1671 4000 verkoufft.
785 4001 2688 4256 9. Syner schwöster habe er ein rock
1082 4168 2667 4345 genommen, hat hiemit dißmalen
1094 4269 2660 4499 nichts wyters bekennen wollen.
1070 4552 2702 4774 Den 10. aprilis ist erwyters
1070 4695 2689 4882 examiniert worden durch miner gnädiger Herren
1038 4828 2683 4978 Heimlicher Holtzer, da er dan erst
1085 4926 2713 5112 lich obiger puncten hallber nochmalen
1080 5031 2695 5225 gestendig gewesen, mit erlütherung
1061 5140 2671 5326 daß er dem herren drey an das kein
1081 5302 2715 5485 herren Beat Ludwig Stürler genommene
1051 5364 2719 5567 ouch 19 lb ersetzen müßen, der dan
1044 5463 2723 5660 ihmme versprochen ihne diser sachen
1045 5578 2734 5757 halben geben den stüeler zu versprechen.
2981 4613 3101 4782 11.
4950 842 5029 947 1
3029 1200 4894 1444 10. Denne hat er bekent, daß er dem
3217 1365 5079 1575 Wirth zum wyßen creütz yngestigen
3217 1528 4850 1715 unnd daselbsten dem Hr. Kurtz
3297 1660 4935 1836 genommen, einen großen kupfernen
3260 1790 5069 1972 Keßel, item ein zwomäßige kanten,
3210 1893 4970 2106 unnd zwey halbmäßige Kännlin
3286 2034 4886 2220 sambt einer mäßigen unnd einer
3227 2166 5027 2346 vierteligen Pinten, ein blattenring
3240 2278 4920 2502 kunff fleisch vnnd zwo Capaunen
3287 2412 5009 2603 blaffen, ein bouw meßer ein ehrig
3217 2533 5014 2731 Tüpfi ain reis musqueten ein sagen
3307 2657 4936 2833 sambt dem behenck, deß fäder
3284 2770 4914 2965 gwandts unnd der deckenen ist er
3302 2890 3932 3061 nit bekant etc.
3278 3094 4881 3314 deß kuochers tochter unnd ihr man
3276 3259 4984 3462 hanns Bartman, habind ihme daselbsten
3278 3345 4927 3544 angewisen unnd seyend schiltwacht
3280 3462 4779 3634 gestanden unnd habe deß kuochers
3283 3588 4879 3749 tochter gesagt, sy wüße schon allein
3270 3676 4969 3843 platz, Es habe deß kuochers tochter
3280 3805 4957 3953 offt brieffen verkaufft unnd auß
3261 3893 5000 4108 geschouwet, unnd ihmme dan anleitung
3261 4010 4896 4182 gëben, sy seye kuler weder der
3267 4111 4774 4305 allt unnd der jung, der kucher
3261 4210 4987 4429 nemme dem christlichen Baumgarter
3264 4308 4339 4489 auch alle zyff etwan ab.
3235 4539 4955 4704 Mehr hat er bekent, der fr Catarina
3222 4665 4870 4856 Späting Schwellimeisterin genommen
3240 4780 4800 4977 se haben, hinder dem kilchenholtz
3245 4882 4845 5085 Inn ihrer marten by der aren.
3247 4995 4846 5202 ein kleines Keßelin ein eynlachen
3207 5131 4890 5357 unnd etwas rysten, habe die rysten
3250 5207 4782 5432 einem oberlender verkaufft etc.
4455 5534 4763 5732 der.
