5472 7296
840 828 2731 1252 Allein habe er vor dreyen jaren,
1055 1060 2774 1380 als Gabriel Herrman sein schlaffgsell
1048 1208 2797 1547 gewesen, sölliche that mit ihmme als selbiger
1041 1347 2776 1716 geschlaffen begangen, jedoch nur zwüschen
1035 1485 1941 1693 den beinen hindurch;
1052 1613 2759 1945 Da habe ihme der Herrman gestoßen
1020 1736 2748 2051 unnd gesagt er sölle ihnne ruhig laßen,
1036 1870 2709 2124 er Herrman habe geschlaffen gehabt,
1054 2019 2754 2237 unnd als er erwachet habe er sich gewehrt,
984 2126 2752 2402 unnd ihnne Roder morndetst verklagt.
1052 2267 2604 2481 Da seye er vom H.R. knecht Ruodolff
1035 2402 2725 2595 Demmerlin, genant von matt, übel mit
1032 2505 2745 2735 stäcken unnd kinderzähnen geschlagen und
1029 2639 2757 2917 gestrafft worden, und habe der Herrman
1028 2761 2457 2998 nit mehr by ihmme ligen wollen.
993 2941 2690 3243 Endlichen ist er auch befragt worden
1075 3129 2740 3337 ob er nit gewüßt, daß diß ein so große
1031 3255 2651 3461 Sünd seye? sagt er habe nit gemeint,
1012 3384 2665 3609 daß ein so groß übel darus entstehe.
1039 3525 2731 3800 Bätte gott unnd ein gnädige ober-
1053 3708 2105 3925 kheit umb verzychung.
1269 4511 2665 4724 Proces an der Creützgaßen
553 4565 1179 4787 NB. Wylen nur der endte
1341 4655 2705 4850 zu verlesen, im fahl obgemelter
612 4743 1195 4841 zum todt verurtheilt
622 4806 1195 4920 als ist das undersprichne
1376 4766 2625 4931 Roder oder beide zum todt
602 4872 1208 4992 an der Kreützgaßen nit
1404 4890 2583 5105 sollten verurtheilt werden.
613 4948 1128 5066 verlesen worden.
903 5186 2672 5454 Es pflegt der allgemeine abge-
972 5360 2699 5615 sagte feind gottes und der möntschen,
277 5467 1884 5686 der leidige satan inn anfechtung
2395 5670 2643 5858 und
4877 877 5014 1036 5
3265 1049 4895 1290 unnd bestreitung mentschlicher seelen,
3272 1211 5000 1441 sich zweyer starcken mittlern und mitt¬
3269 1371 4958 1563 helfferen zegebruchen, die mentschen ze
3280 1495 4986 1725 bethören unnd under sein rych zebringen,
3206 1612 4986 1833 Als namlichen der welt, unnd dan der
3258 1765 5022 1961 mentschen eignen fleisches unnd verderbter
3257 1887 4912 2098 natur, durch welliche zwey mittel
3273 2009 4903 2249 neben seiner eignen arglistigkeit unnd
3263 2148 4958 2347 betrug er seit anfang der welt jar,
3255 2275 4818 2489 unzahbare persohnen bestritten, unnd
3257 2417 4836 2621 under sein gehorsam gebracht; unnd
3254 2564 4757 2753 louffet noch täglich umbher wie ein
3201 2672 4780 2851 brülender löüw unnd suchet, wen er
3219 2790 4909 3007 verschlinge, wie bezüget der heilige
3195 2910 5004 3130 Apostel Petrus inn seiner ersten epistel
3234 3017 4760 3247 inn dem 5ten cap. p. 8. die einten
3225 3149 4917 3330 verblendet er mit der welt und dero
3243 3319 4893 3525 schätzen unnd gaben, dardurch er sy den
3229 3451 4973 3653 gebotten gottes zuwiderhandlen, antrybet;
3245 3589 4932 3775 Die anderen aber verführet er mit ihrem
3191 3669 4939 3911 eigenen fleisch mit ihrem eigenen fleisch
3198 3831 4901 4034 unnd verderbter natur, und erwegt
3252 3946 4796 4151 by ihnen allerley böse und fleischliche
3236 4064 4957 4272 gelüst unnd begirden unnd schaffet, daß
3259 4196 4975 4407 sy vonn ihrem eigenen lust gereitzt werden:
3242 4330 4817 4522 Darnach wan die gelust empfangen hat,
3248 4444 4927 4647 gebirt sy die sünde, die sünd aber wan sy
3242 4582 4976 4779 vollendet ist gebirt sy den todt, wie gelehrt
3243 4688 4821 4898 wirt inn der epistel deß heiligen
3207 4817 4959 5006 Apostel Jacobs am ersten capitel im 15. vers
3265 4924 4907 5136 Allso hat der leidige Satan durch allerley
3029 5062 4881 5256 böse fleischliche unordenliche, wider das gsatz
3237 5202 4894 5415 Gottes unnd die Natur lauffende unreine
3258 5310 4801 5525 gelüst unnd vollbringung derselbigen
3259 5423 4781 5610 nit nur allein die Weltt und lend er
4634 5711 4900 5909 Sod. etc
