5472 7296
1017 778 2732 1190 schweren sünd, der widernatürlichen
1047 965 2767 1357 sodomytischen that sich vier oder fünff
1040 1132 2724 1501 mahl beflecket unnd sich allso durch sein
1055 1264 2743 1586 eigen fleisch schandlich reitzen unnd
1047 1413 2737 1743 verführen laßen, dardurch er nit nur
1054 1548 2707 1848 allein sich selbsten befleckt, unnd inn
1027 1696 2767 2065 lebensverwürckung gestürtzt, sonderen
1034 1829 2749 2157 auch seinen nebendmentschen, demme er
1030 2013 2747 2294 vihlmehr vor schand unnd befleckung hette
1032 2141 2691 2408 sein söllen, inn glyche gefahr der ver¬
1003 2274 2599 2550 würkung lyb unnd lebens glychsam
988 2417 2739 2712 gwaltthätiger wys gesetzet und gebracht,
1038 2568 2662 2764 welches ihmme auch von hertzen leid,
1014 2692 2692 2916 wie er dan ein großes reüwen darüber
1002 2834 2671 3100 erzeigt. (der ander aber als Samuel
995 2945 2705 3218 Schnyder wie wohl mit etwas abmahnung
1014 3137 2556 3280 sich biß inn vier oder fünff mahl
1039 3238 2667 3444 beflecken laßen unnd befleckt zu werden
1004 3389 2703 3618 geduldet, so ihmme dan auch hertzlich leid
1007 3499 2497 3683 unnd ein hertzliche reüw erzeigt)
958 3760 2675 3999 Unnd diewylen nun sölche abscheüliche
996 3932 2676 4136 widernatürliche that, von Gott dem
978 4062 2642 4283 Allmechtigen mit dem tod zuo straffen
968 4215 2627 4422 befolchen, im dritten buch Mosis am
949 4329 2692 4543 20. capitel als habend myn gnädig
943 4466 2627 4706 herren schultheiß räht unnd burger,
935 4626 2657 4835 diser freyen loblichen statt Bern uff
927 4733 2716 4988 ihren eyd zu recht erkent und gesprochen:
951 4877 2602 5104 daß er (oder sy) neben empfelchung
953 4983 2588 5212 syner (oder ihrer) seelen Gott dem
899 5135 2607 5362 Allmechtigen dem scharpf-richter
925 5260 2616 5523 sölle (oder söllen) übergeben werden,
908 5379 2634 5668 der ihnne (oder sy) oben auß uff dem
2401 5623 2643 5828 ge etc.
3257 1008 4992 1245 gewohnlichen richt-platz führen, unnd
3254 1169 5049 1411 ihmme (oder ihnen) daselbsten mit dem
3099 1304 5049 1541 Schwert den (oder die) Kopf abschlagen
3195 1442 4873 1663 unnd allso ihnne (oder sy) nach dem
3232 1551 4967 1803 befelch Gottes vom leben zum todt,
3247 1700 5032 1936 nach diser loblichen statt althargebrachten
3217 1841 5051 2100 freyheiten unnd rechten hinrichten sölle.
3216 2184 5042 2410 Obgemelte Urtheil ist an ihmme Roder
3249 2338 5043 2545 Den 7. maii 1664 erstattet, ihmme
3234 2466 4903 2671 der kopf abgeschlagen unnd derselbig
3247 2588 5050 2776 mitsambt dem Cörper inn die haubt
3224 2686 4498 2944 gruben vergraben worden.
3673 3007 4779 3255 Samuel Schnyders
3715 3214 4544 3423 verurtheillung.
3118 3411 4977 3718 Wylen diser ein armer einfaltiger
3235 3619 5002 3825 junger gesell unnd von obigem glychsam
3231 3721 4921 3927 übermeisteret unnd zu der that kein
3208 3834 4918 4061 plenum consensum gehabt, sonderen
3209 3930 4956 4187 söllches geklagt; als ist über ihnne
3157 4074 4999 4251 erkent, daß er von ihr an stett
3202 4183 4864 4407 landen unnd dero gebiet, auch von
3182 4314 4897 4500 den mit Fryburg gemein habenden
3212 4410 4949 4627 vier vogtheyen sölle endlich verwisen
3147 4538 4980 4773 unnd mit ruthen, doch ohne brandzeichen
3184 4652 4851 4871 außgeschwungen werden, neben von
3200 4757 4815 4971 sich gebung eines nepheds, welche
3164 4863 4873 5116 urtheil auch montags den 16. maii
3192 4982 4873 5230 dito an ihmme erstattet worden.
3179 5112 4954 5421 Unnd luthet das ihmme vorgelesene
3250 5305 4408 5556 urphed wie vollget.
