5472 7296
3354 1228 4671 1474 Abraham Roder, und
3599 1457 4597 1722 Samuel Schnyder.
3202 1766 4934 2024 Zunach dem Samuel Schnyder vor
3186 1960 5015 2147 etlich verwichnen tagen, sich im weisenhaus
3195 2066 4866 2262 alhier by dem verwallter deßselbigen
3147 2201 4945 2393 erklagt, wie das er vonn seinem schlaff
3171 2330 4907 2534 gesellen Abraham Roder, zu nacht inn
3155 2437 4980 2667 ihrer ruoh übel geplagt worden, inn demme
3163 2565 4916 2770 der Roder ihmme Schnyder seine ruothen
3166 2617 5032 2797 (:sat : hon:) inn den hinderen lyb gestoßen habe
3156 2833 4978 3035 Hat selbiger verwallter seiner pflicht nach
3152 2952 4925 3165 nit underlaßen können, sölliche schandthat,
3149 3090 4966 3295 den herren directoren anzezeigen, welliche
3122 3215 4927 3417 daruff der sach eigentlicher nachgeforschet,
3090 3336 4964 3520 unnd die beide etliche mahl für sich bescheiden :
3116 3455 4864 3659 unnd ernsthafftig examiniert, welliche
3135 3577 4981 3763 dan die leidige that bekent mit den umbstend
3126 3701 4980 3880 wie uß der, uß dem weysenhaus übersendt
3139 3816 4509 4043 vergicht zu sechen, so allso luthet.
3111 3951 4857 4209 Samuel Schnyder (:der ungefahrlichs
3127 4122 4933 4312 zwentzig järigen allters unnd ein thor ist:)
3050 4227 4967 4431 bekent, daß vor vierzechen tagen, da er
3107 4354 4960 4566 nachts inn seinem schlaffbett, by Abraham
3092 4466 4980 4695 Roder an seiner rechten syten schlaffend gelegen
3093 4605 4900 4800 habe er Roder ihnne mit dem einen arm
3137 4754 4988 4918 ergriffen, mit syner ruthen dem Schnyder
3124 4839 4920 5035 inn seinen hinderen lyb getrungen, darvon
3127 4955 4951 5138 er erwachet seye, unnd etwas schmertzent
3130 5064 4810 5285 empfunden habe. Darüber er Schnyder
3079 5203 4925 5412 ihme Roder abgemahnt, unnd begehrt das
3071 5331 4969 5539 er ihnne mit friden laße, der aber nit ablaßen,
3123 5453 4947 5645 wellen, biß etwas von ihmme gangen seye
4609 5654 4894 5876 und
