5472 7296
1054 820 2743 1249 Destlichen befragt, ob er nit wüße
1064 952 2789 1379 ob Roder mit anderen auch derglychen gethan?
1035 1138 2750 1455 sagt er, er Roder habe hirvor auch mit
1038 1242 2741 1616 Gabriel Herrman derglychen gethan,
1054 1400 2744 1753 als selbiger sein bett gsell gewesen etc.
1069 1615 2785 1973 Er bittett gott unnd ein gnedige ober-
1083 1763 2724 2119 kheit umb verzychung, er habe den
1048 1868 2742 2208 Roder alle zytt abgemahnt, der habe
1029 2042 2432 2311 aber nüt darumb thuon wellen.
981 2387 2756 2740 Als nun Abraham Roder, wegen
1025 2607 2745 2836 obiger that, auch aller ernsts examiniert
1017 2720 2723 2980 worden, mit glychen umbstenden seines
1001 2862 2745 3085 allters, nammens, elltern, gotten und
1008 2976 2640 3245 göttin, unnd verwanten, lebwesens
1013 3120 2703 3362 lehrnens und derglychen, hat er auch alles
1006 3246 2683 3473 verstendlich beantwortet und gemelt;
1004 3380 2727 3608 Er heiße Abraham Roder, Daniel Roder
1017 3501 2636 3729 sel. seye sein vatter gewesen und sein
997 3645 2645 3865 mutter heiße Margreth Neüwhaus,
961 3745 2701 3950 Er seye jetz under 24 jar alt, und inn
996 3883 2636 4111 seiner juget seye er inn die tütsche
952 3405 2597 3577 schuol gangen, auch inn die kinderlehr
986 4146 2713 4352 und predigen, unnd könne lesen und schryben
947 4283 2640 4485 seye vor 6 jaren inn das weisenhaus
962 4411 2658 4592 gethan worden, allda er inn der wullen
968 4544 2607 4743 cammeren, habe wullenstrychen unnd
950 4690 2659 4868 andere schwere arbeit den M.R. müßen
921 4801 2647 5003 verrichten helffen unnd seye jetz under
911 4935 2558 5129 inn die lißmer stuben kommen, habe
933 5051 2499 5247 annoch kein handwerck erlehrnet etc.
906 5183 2709 5412 Und als er befragt worden, ob er niemahlen
896 5341 2698 5533 vonn disem schandlichen laster der sodomyterei
874 5457 2305 5673 gehört predigen? sagt er ja etc.
4929 781 5046 924 4
3118 1013 4920 1315 Item befragt, wer ihme solliche
3227 1146 5118 1421 wüste that inn sin geben? sagt er niemand.
3229 1305 5052 1560 Es seye ihmme zu nacht sein ruothen allso
3229 1429 5102 1705 an seinen schlaffgesellen kommen, da habe er
3215 1544 5115 1813 sy allso ihmme im schlaff inn lyb gestoßen.
3153 1787 4965 2046 Denne befragt, ob sein schlaffgesell es nit
3107 1939 4905 2188 gespürt unnd sich gewehrt? sagt er er
3217 2066 5061 2284 seye darob erwachet, und habe ihnne abge-
3212 2206 5011 2411 mahnt, unnd sich umbgekehrt, da habe er es
3203 2369 3776 2561 blyben laßen.
3200 2504 4916 2745 Verners als er befragt worden, ob er es
3220 2678 4970 2894 offt mit ihmme gebrucht? sagt er nur by
3195 2795 4971 2995 4 oder 5 mahlen, er habe alle zytt ange-
3177 2934 4805 3146 fangen, wan sein bettgsell entschlaffen
3180 3085 3552 3263 gewesen.
3229 3295 4949 3510 Weiters befragt, ob er ihme nit allezytt
3201 3435 4946 3633 hab abgemahnt? sagt er ja, es seye ohnge-
3176 3556 4981 3741 fahr 4 wochen, das er angefangen mit dem
3181 3664 4909 3873 gemellten Schnyder seinem schlaffgesellen
3161 3800 4941 3986 die that verüben, da selbiger geschlaffen
3175 3909 4982 4107 habe er ihmme die that gethan, und als der
3170 4027 4963 4231 Schnyder erwachet, habe er sich umbgewendt
3182 4164 4941 4357 unnd ihnne abgemahnt und gesagt, was er
3175 4296 3461 4422 mache.
3170 4399 4984 4645 Und als er gefragt worden, ob er ihnne dan
3172 4554 4845 4765 allzytt hab außmachen laßen? sagt er ja.
3073 4700 4965 4954 Auch befragt, ob er den samen ihmme inn
3201 4843 4474 5071 lyb entgehen laßen? sagt er ja.
3106 4966 4953 5272 Item befragt, ob er auch mit anderen sölliche
3168 5173 4930 5385 wüste that verübt unnd ob jemand sölliche
3149 5307 4963 5485 that an ihmme verübt, oder ihmme sölliches
3156 5425 4933 5592 inn sinn geben heige? sagt er nein, es habe
3171 5528 4966 5722 nimandts die that an ihmme verübt und habe
3131 5656 4702 5820 ihmme sölliches niemands inn sin geben.
