3024 4032
947 197 1108 288 16
1152 238 1279 338 19.
761 289 1487 557 Nanallan
856 452 1447 610 vorgemelten Hans Muter
652 590 1619 818 Semnach Maria Klaüw hieuorgset
646 670 1611 909 Hans muter uber söliche durchfor
622 695 1606 982 sohn gethane bekantnnuß übermaßen
666 818 1609 1040 mit ernsthafften worte examment
659 909 1606 1121 worden sund sy zu red gestelt worne
669 1002 1604 1201 und uß was versachen, sy ihrem sohn.
648 1093 1589 1290 diß gufft zugebracht und hiemit ine
658 1177 1618 1400 besfolchet, das er mamit seinem ehrweis
687 1289 1624 1466 ölliches zuäßen geben und sy dorduch
681 1376 1608 1553 dars Läbens berauben holten s
681 1476 1593 1668 erstlichen dergleichen gehan, als
661 1575 1597 1746 ran sy von dises jungen nüzt wüse
655 1670 1610 1861 und nidt glauben können, daß fress
685 1791 1600 1960 einer soliches hat besuldiget hi
569 1869 1591 2023 Nachdem und aber der sohn der i
646 1996 1599 2127 sie ungeggestelt worden, hat
634 2096 1582 2233 Ires sin hiesuar gethane, bekantnuß
657 2212 1595 2372 diser vergifftung halben nochmalet.
663 2298 1588 2445 wideraferet und sre under u
665 2412 1577 2606 geredt und erhalten, das sy seines
641 2499 1587 2676 übels ein uesacheri sye alß
666 2602 1585 2802 sy harnf gestendig worden und
643 2718 1579 2887 sedeldaht sie as sy vor etwas
632 2819 1573 3023 zeits für Sönislrybs elter a
630 2925 1553 3147 by 100 guldicks bezalen müßen, de
627 3003 1580 3255 harn sy jr armut geräthen und si
659 3101 1574 3315 nan über dis jres sahs mit seinen
2098 380 2373 502 1649
2688 423 2822 517 48.
1837 485 2788 626 wyb iren hinderruks und onwüßenden
1850 575 2821 699 Durch Hanß Sterchi den strälmacher ver
1847 655 2794 779 kupplet und ein hochzeitannk ange
1834 718 2784 842 brittlet worden, habe sy dleßwegen
1841 795 2792 918 Iren niemalen kein guteg wihlen nut
1835 861 2840 1008 trages können, sonders sy stehz genydet
1834 940 2799 1075 nb ghaßet, danenhar sy nist gewrüst
1841 1023 2828 1176 wie deen sohn sein eyb abkomen möchte
1795 1092 2757 1220 beber, das sy ja uf ein zeit von dem
1800 1173 2734 1295 W�rzenkr�uer von Ostermundiger
1821 1250 2830 1378 umb eines 1 batzen gufft kaufft und fürgebe
1793 1323 2838 1474 zsölichs den müserpruchen wellen, daßelbig
1808 1396 2811 1564 aber irem sohn ynghendiget und besolhen
1798 1494 2785 1640 das ers seinem wyb, damit er von frey
1811 1574 2820 1728 erlediget wurde, zuäßen geben solle etc.
1800 1658 2815 1833 Bitet auch äbenmeßig umb gehedt und
1774 1760 1946 1935 G
1831 2164 2607 2351 Hans Stubm
2025 2299 2356 2435 von Sele
1811 2509 2679 2691 Diser ist von seines begangnen.
1823 2630 2693 2771 drittes Huren fälers wegen,
1792 2723 2668 2869 Den 81. ocobris ach sem gsatz mit
1811 2825 2694 2953 dem Eydt voh Ir gd Stetten Landt
1808 2908 2687 3060 vnd gebietten arit vf gnad ver¬
1798 3013 2195 3125 wises worde.
