3024 4032
872 202 1206 347 1650
617 362 1582 658 den ven dn
646 444 1580 703 wyl ein Buschelles rystig gersi
591 503 1549 766 Hhuß gebracht, Ires aber unbekent,
606 580 1459 811 dersoler mit selbigem farkomen.
556 749 1568 1003 Deue uf einzeit habe sy, ds irem obere
599 826 1581 1071 Hamesel so einem sack, da sy  müt
616 910 1594 1190 es ein käß syen ein stokh unschlig gesug
586 989 1542 1221 Alß aber die frigen söliches umerkt,
586 1088 1532 1315 sye derselbig durch sein muter hinde
547 1170 1529 1409 Zum haß hinnss weg getragen worden.
559 1325 1535 1534 Danethin vermeldet sy, das vilberüet
579 1435 1524 1605 Ir eheman an dr jauseeres gassen ub
577 1529 1540 1706 dentböscherhüßli ein kürfferig Keßi
581 1611 1519 1770 mit hilff seines vatters genommen, da
599 1689 1550 1852 selbig zusamen geschlagen und i einem
553 1777 1438 1941 sacknacher hrn purg getragen,
450 1996 1500 2162 As nun über dise und andere
572 2124 1528 2243 grunttet gesagter heß besonderbar
526 2192 1489 2329 zu red gestoßen und sahr söliches
515 2282 1503 2406 ernsthafftis, ouch by betröfüwung der
500 2356 1483 2493 Martor die warheit hierüber nit
527 2445 1428 2594 zeüerhalten angemönt worden.
439 2585 1502 2759 Hatt er deßen ganz nüt gestende sein
539 2693 1422 2834 Wellen, sonsters alles gelaugnet,
532 2743 1474 2921 Deßwegen man sines sein eheeryb ad
539 2852 1460 3036 die syten gestelt unnd deßhalben
541 2919 1466 3098 gegen einanderen Consuosthirt
520 3018 1473 3178 sy das usf obiges vnnttes, daß v
530 3106 1469 3278 also bestendis verbliben unnd sine
533 3195 1459 3381 sölliches früder ange erhalt bnh
1539 3069 1653 3189 N
2747 418 2860 509 57.
2013 415 2337 532 1650
1801 538 2780 653 inne selbsten zuvermydung woltes
1737 617 2652 764 Straff zur warheit angemant,
1796 749 2801 889 aruff heß vermeldet, was namlich
1759 835 2790 964 Die Bächer bflangen thüye habe sy
1773 911 2777 1039 wyb, dieselben one einichen sein antrib
1765 989 2796 1064 genomen, syliche one das er etwas danas
1741 1052 2802 1166 gemales gesechen, verbrucht und verhndlet
1744 1131 2757 1248 Also das er daran kein schuld nit trage,
1747 1200 2793 1335 sye auch nit mehr als einmal, doch gleich
1775 1259 2831 1386 nach seinem hochzeit zn ihro Ragares huß
1790 1337 2793 1474 gewesen, Wie dah der fr Stettleren
1741 1424 2816 1549 dochter, so by der fr raggrines wanhafft
1795 1495 2786 1635 samt irem knecht und einer magt, So
1775 1585 2794 1714 Dißmaleo zu Bargdarf by Hanß Ulrich
1751 1658 2797 1800 Ghoffelküchli im dienst haruub zener.
1792 1727 2092 1823 nemen spen,
1780 1792 2808 1953 Im übrigen, thuye sy eine gröblich vn
1799 1877 2775 2017 recht und geschëchent sliche anckegten,
1775 1952 2768 2084 von seinem sbeyb uß füterem nyd und
1763 2033 2740 2152 Nachgyrigem herzen, inne damit in
1777 2104 2800 2235 unglük zebringen, dan jederwenig
1748 2188 2805 2302 sellchem seines zleybs liederlich läbwesen,
1771 2266 2784 2388 und sonderlich aber der Nachburen wol
1765 2338 2759 2509 bekantn. Uff die er sich auch instendig
1760 2411 2253 2537 berüsten tüye etc.
1664 2601 2678 2757 Habe sich federseit ehrlich vnnd
1717 2695 2630 2843 rtedlich verhalten unnd getragen
1735 2783 2703 2939 anders in der warheit uff imne
1756 2858 2534 3007 nit zu bringen sein werde .
1708 3055 2682 3218 Heß ist an die mart erkent worden.
1764 3136 2705 3318 hehrüschen aber uß der pfangenschafft
1756 3216 2119 3346 ußgefeiffen,
