3024 4032
1001 165 1298 303 1649.
791 138 898 264 d
793 252 1416 415 deriest von Hans
816 328 1420 492 Andolph Hanis ehewyb
827 400 1405 579 e sgistung halen
632 574 1574 843 Des 17. ocobris diß jars uß mghrs seen
462 643 1589 888 Deos erlachs beüehsch hat sich hochgent
603 727 1580 971 Herrn Tebdar Marloth deß eheiben sahn
595 815 1589 1036 Ia by sein ers dortor Lanshaußen und hr
572 889 1578 1097 Eppotebber Tutenburgels, die to Vr¬
599 984 1562 1177 Insul ligende Kranckhaffte Sußanna
617 1072 1590 1278 Jacob Hans Rudolph Lonis Ehewyh
559 1159 1594 1382 Neinlichen dise sre habende Krankheitse
599 1240 1575 1437 zugefallen, bbefragt, Ob sees Remen
610 1322 1570 1502 Wyls er hierin ganz verdechtes und
580 1433 1573 1621 Dm zeryffel soliches zugefügt haben.
646 1530 1589 1703 oder wie es sonsten kachte hergan i
556 1610 1554 1787 Hatt synach dem y ernstaffig
625 1717 1562 1864 warheit zngebruchen vermant worden,
637 1796 1393 1963 volgendes brucht gegeben,
522 1979 1549 2161 Itamlichen es sye verthunet gestergen
616 2100 1559 2246 zinstags swruchen ihnen, daß sy uffen
604 2177 1546 2319 Blatz 5 ooffel konfft dieserbigen am
622 2259 1553 2403 donstag darnach gekocket und einörf
618 2334 1567 2506 müßßli daru� gemacht. Da habe si
620 2433 1549 2600 ir eheman Hanos geßen, daß beber
633 2521 1553 2670 bl�bne aber sy in ein schafft gehatn,
563 2612 1543 2795 Hernach aber als wen der sader mi
611 2722 1544 2894 Jacob Höfli by deme sy ire wanngs
610 2781 1548 2981 etwas fithen gegeben, und sy dieselben
576 2877 1550 3113 g nachtgerachet, habe er mahr gesaht
584 2979 1548 3198 sy solle das überblibne ooffelmüße
608 3098 1525 3257 wermen, weliches sy aber nit gethan.
627 3185 1535 3378 onder es verblyben laßen, biß am Jaß
2738 234 2856 326 44.
2022 260 2320 374 1649.
1759 380 2830 561 ahs am sambstag dbarnach habe, so er über
1763 473 2802 664 gethan und also sy sölches abgerichtet, Heige
1767 546 2836 709 u gesechen, das sey oben daruf wyß gewesen,
1729 632 2794 780 und söliches geeßen sich hiemit gewesgeret,
1743 705 2838 852 daruf ir mahsen gesagt, werde mir etwas
1662 789 2822 942 vor der Lili herab Frys gefallen sein, Nan
1736 871 2782 1017 seige sy es deß bemeltes Baders kindes
1720 949 2830 1101 gaußen derstellen, weliches aber sr Mohan
1689 1035 2814 1178 mit geschechen laßen wöllen, Sonders abge¬
1759 1107 2808 1229 wert lütlichen seige sy by den 4 lösel
1672 1186 2787 1321 vollen brüyen. Deß Boßers denstmagk
1763 1273 2784 1402 aber etwas opffelmuses gesegn
1744 1350 2803 1499 unnd als sy hierüber in des sppittal ganz
1711 1429 2812 1600 heige Im heimbwrec, Coteu sich erbrechen
1735 1532 2754 1667 müßen und sye fra gar wee worden.
1743 1618 2730 1762 also dlaß sy sich ans poeth( sitenmal sy
1723 1692 2749 1850 ribfe gesproset) begeben, Da Jra hrn
1729 1797 2798 1951 wibbetts fr Erpae zugeschickt, so sy auch
1732 1888 2720 2026 ungenomen, Der erst sye zwar von
1740 1970 2761 2114 irez gebrochen, deo ander aber by ir ge
1747 2061 2761 2206 bliben, am montag darnach heigelleß
1726 2135 2764 2265 baders volk daß übergeblibne Ooffel,
1756 2226 2742 2371 müßli  Jreg Hündli gebeben, das es
1738 2323 2726 2473 3. tag nach einanderen also hert gehert
1703 2401 2685 2539 daß sy vmeint wurde etlich dauf
1756 2496 1887 2654 Ih
1667 2583 2733 2759 Sy vermeldet auch daß als ers Baders
1756 2679 2739 2836 magt von dem Örffelmüßli saßen wollen.
1733 2762 2689 2929 helige ir mahnn es derselben gethrert
1710 2863 2685 3007 gleichwol habe sy sich nit enthalt mögen.
1748 2925 2677 3087 sonders danas genamen und gäßen,
1736 3025 2667 3203 aber doch (ken sich alßbald daruf
1742 3155 2233 3295 erbrechen mußen,
