3024 4032
886 242 1061 324 1648
457 228 1314 457 Aberwalen vor vngesan einem
475 365 1414 578 oben dorff häterkündeß, ganz scharben
503 444 1426 644 Enschinen, iren samps, welcher si
519 494 1426 716 oihssenzungessamen gewesen, gegeben
491 577 1424 769 drs der by dieß beuolchen yd
508 655 1423 853 I die küchelmatten und uf die laß
480 742 1422 909 Da dlaß vych jo der herbstereid gang
508 822 1448 1010 sayeh, weliches sy nit gelagn so
527 893 1424 1109 solicher jo ein schindes daselstge
465 1022 1447 1249 Bald darnach by einem Burenhuß
475 1133 1432 1297 Horff Päterkenden, as der karster
471 1204 1428 1368 sye der boßgeist, hwey mit einemstli
472 1270 1431 1454 Steckli begegnst. Sy mit demselbest
535 1363 1431 1516 sy hieabgemelt Samen sin wef gene
526 1437 1433 1590 Schlachen wellen, Sie sin me
539 1535 1394 1702 Is en Burer huß entfannen tc.
469 1671 1431 1825 Dene by Päterkinden. ics einer matte
505 1775 1431 1897 under einem Birkann und hernachs
498 1835 1441 1971 Spaches zu Luterbach Solatheriher
1150 1920 1431 1998 dise wort si saß
496 1920 1438 2050 Habe der boßgeist,  beih
519 2015 1431 2145 d ebrach y beshlaffenede
243 2028 508 2126 a
241 2082 486 2182 wigen  segen
490 2086 1437 2217 Samen hal saemhages zu Kreür
255 2140 387 2241 h
537 2172 1428 2291 geben, zu Luterbach und Conie
462 2252 1427 2388 Die Weld gesagt, diaselbst zu snen
511 2338 1444 2478 drey zu veserderbt, Weiseml aber
524 2422 1418 2547 zu Luder bach drufgangen möge
521 2522 850 2657 wrüßtenec.
512 2613 1426 2848 Item im Buchiberger halt habe
521 2722 1430 2894 auch by nächtlicher von Jahr sel
528 2810 1427 2959 finden laßen, daselbstag sy nit
546 2882 1428 3081 bößen Gfiß gedansheth eut nache
318 2966 448 3055 22
541 3010 1251 3163 widerumb frunkgangen.
458 3093 1433 3323 Wyterleveer ungefur 4 jur
484 3177 1435 3411 Dem kyburg stäg. Habe der böß
515 3244 1428 3505 Iren Salben geben, Mittmlichte
1911 284 2069 373 1648
1559 164 2656 549 ade w
1555 287 2631 624 en enen
1546 349 2642 732 geene
1563 433 2630 772 es elt
1562 508 2582 860 eg
1536 611 2570 903 bubewe selben aberseyb ß knab sy
1570 705 2582 966 erbaumet und deßes in rüwen kaufed,
1519 903 1919 1094 Eet haben
1547 984 2630 1229 Ine zu kräüwligen uf der Baugg einem
1544 1062 2556 1317 Buren usch Cubtrath genampt, Habe sy.
1586 1182 2558 1378 yner kus, so übel die Brüggen gangen,
1531 1212 2653 1451 samen dargeworsfen, weliche vlandenst
1569 1345 2403 1545 Im stall tod gefunden worden
1552 1513 2674 1702 zu Lohn soloterner gebiets, alß sy Jacob
1538 1602 2647 1766 Buchser (odes die schwys gehüftet unnd
1460 1685 2611 1839 wan dieselben Jacob Stuler, das seine guter
1582 1771 2654 1908 gefofsen und entrunnen, hhhabe s gesagt
1504 1858 2646 1998 Stuber alwegen, wor und ehe er dieselben
1555 1941 2567 2081 chmuß Jagen loßen, ines die Ögen.
1543 2011 2622 2169 habgethauwen, deßwegen sy einecrey
1534 2108 2397 2248 ku und herrn kalber grdesekte
1547 2312 2575 2485 Danetin zu Wyler einem suren
1536 2419 2584 2579 siber genampt, welicher fres ein
1558 2509 2556 2673 juder uffgemachtes holz genomen.
1521 2570 2595 2796 und einweg gefürt. habe sy ein
1531 2650 1936 2784 Zu erderbt
1509 2842 2592 3083 udtlich zu Putikofen. Io des hochen
1573 2944 2596 3178 grichten als sy daselbst lit ein zeit
1557 3015 2572 3271 durch das dorsf gangeß und mahn
1566 3070 2592 3381 e eh bet seln
1532 3129 2598 3439 wegen, auch sein ku verderbt, vnndt
1539 3227 2034 3432 haufgelale etc.
