3024 4032
974 248 1161 378 1649
484 280 1420 533 Soner daß sy zmembt underlasen
510 375 1416 583 zeuerderkes, Deme sy geglauft
498 460 1435 682 sich daruf alsbald ust daß un
539 531 1427 751 Weld verfürt und dem vychsalle
548 631 1437 841 malen dessamens fargeworffen
526 713 1253 883 4 haupt verderbt habe tc.
507 923 1453 1130 Item alß der böse geist sy gerüsche
540 1022 1452 1198 Wyl und Bütheyl Is an gefüße
527 1116 1441 1263 alwo drey lithen standen, Nachtso
468 1159 1447 1343 Dorff Lumpbach, hindß an einem wise
513 1268 1450 1426 Steckli zum dantz gefürte miit ke
500 1347 1439 1497 Sy aldea in einer guten malzeit kan
537 1422 1440 1574 werde, Habe sy zwar deß danste
539 1512 1453 1646 richtet mit ime verrichtet, aber daß
496 1596 1445 1723 Darby nit wol geläbt, das sy eint
514 1674 1437 1824 wreder grobs fleißch, wris zugleich
494 1771 1454 1903 rothlecht sur rank, weliches sy
538 1856 1452 1980 einem holtzinen bächer getruuckten
517 1931 1428 2074 iren durch einen Schwarzen Gyger
464 2011 1408 2164 schenckt worden, Darby gewee
521 2245 1434 2398 Werners abermalen uß anstifftung
529 2343 1441 2473 bößen grists sye yde fenger, teat
540 2407 1448 2539 mit verderbung deß rychsfort
521 2496 1445 2649 und hiemit zu underschidenliche mal
517 2565 1436 2723 deß satansches sambns hin snd
511 2649 1444 2815 by Limpbacht und der orten hernus
489 2721 1445 2889 Dis weiden, dem Vych dangeworffen
466 2814 1445 2983 Also daß sy nit trüßch kloge, wie
515 2884 1438 3074 stike danan druf ganget sein möhten
506 2975 1449 3206 habe aber auch pfiller deßsen bißite
512 3056 1440 3237 mit iren händen das vrch bißes
516 3162 1431 3333 und syten angerürt das söliches der
515 3271 1090 3428 gkamen mußen.
519 3312 1441 3534 alwegen alß bald (kamit sy nit
2636 117 2680 181 3
1907 312 2017 398 164
1567 205 2707 568 e en u
1543 422 2636 742 Eendtlich so sye auch nit einder, den das sy
1594 495 2659 799 sich sn iren jugend müt unzucht Herrg vas
1578 581 2629 870 Vsruch insteilen underschidenliches mahes
1579 651 2627 955 belndlete und verganget, ouch ungefhar
1578 736 2628 1006 vor 40 jares einer ghwüßen manspehr sahn
1584 801 2672 1063 ein vnehelich kindt gebt, vnnd zu geregnet
1585 1033 1763 1174 habe s
1588 1183 2621 1455 Afssoliche, Io der gedachten Margreth
1513 1275 2647 1511 Schierli bkente fahr, schwere abschrichliche
1578 1363 2709 1588 Wißhandlungen. Habend hochgekeaupt
1610 1440 2707 1662 nich ge herren und obereh  ders scheiltheiß
1532 1534 2703 1722 Räth und Burger diser forlichen sthatts herz
1529 1639 2578 1809 uf ires eydt zu recht erkennt, unndt
1580 1735 1862 1910 gpfeb
1534 1898 2653 2062 daß man sy dem nachrichter beuälchen
1582 2024 2602 2150 der syn obenuß uf gwanliche rachtsthatt
1574 2100 2682 2253 fugen, sy alda fra das haurt abschlacher,
1582 2186 2670 2360 hennach den Cörpel is ein brödendhhür
1571 2275 2692 2419 werff zusfuhuer und alhes verbrönnen,
1583 2344 2649 2503 und also 1 mit dem schwärt und flür
1554 2413 2702 2609 von Eibfo zung tad nich keiserlichen und der
1533 2494 2422 2681 statth eren rechten hinrichten solle,
1788 2648 1979 2761 er.
1518 2712 2710 2940 Daß man sy den Nachrichter beuelcht, den
1543 2798 2651 3037 St abems uf gewanliche ruchtstath füret
1529 2894 2705 3165 Selda läbendts und zin brönenß fhihr werffen.
1554 2958 2691 3197 zu Pülner und üeffer verbraüwn und also
1526 3053 2647 3327 mit dem fhur vom läben zum tod nach
1583 3197 1714 3308 söhler
1511 3096 2686 3389 keiserlicher und e statt Bern nechten hulensten
1560 3303 2601 3613 der sen  isen
1567 3400 2182 3626 zen erselit bg
