3024 4032
935 151 1196 268 1649
757 204 1498 495 Bats digenlar
608 381 1594 635 Diewel gemalt digenthalen, wegn er vl
618 473 1587 713 Beelti hein gegenapt, an ihres weidt
624 547 1441 693 und gleichwol am lahes epfnud
1437 665 1582 759 worh
605 609 1600 863 Dalinen sl inghan und obfen salet
655 692 1576 901 erkent, daß er ime vor dero beiden
634 775 1601 991 Dieneren Großweibel und Gruchschat
627 869 1569 1048 Wandel thun sollen, wo nit man inne
635 946 1584 1121 vor Jigeli statt und landen jeüegegysen,
627 1021 1577 1200 uund nlun er uß seiner untönigkeit
610 1116 1585 1274 den urdt nit anßie hand nemmen wollen.
595 1200 1590 1366 als ist er ungeacht deßs durch die sn
631 1272 1602 1427 an dise greihen gefürt und darby ermen
626 1368 1576 1515 worden, das was er über diß i inglane
619 1436 1582 1582 betretten wurde, man söliches gleichsam li
635 1514 1582 1663 einen deggneidhalfen werde so
797 1644 1477 1790 Sals snd uß de
783 1755 1311 1894 Kilchori Biglen
592 1925 1558 2075 Nach dem diser alß ein starker gell
604 2024 1549 2157 und müßengenge s schon vor angen
637 2087 1564 2212 seinem fehlerten labweses nach sr bse
615 2171 1568 2349 gehig und verdacht gewesen ab s
607 2254 1564 2413 vor sich mehr mit ngryffen. Das aber
606 2331 1570 2475 Erlicher Land arbeit durch beinges
624 2407 1565 2586 erhalften, donderlichen aber das sic
615 2507 1571 2652 nus sich erclagt, wie etlicher sefle¬
567 2602 1559 2766 Schaffen halben, weliche deriches er
577 2673 1565 2872 vil zeitgehero underein schyn als wi
612 2745 1563 2941 er dieselben kauffhette gewärbet
515 2831 1572 3039 und dasenhar den argwas sßferm
599 2957 1573 3130 fund geworffen, Deßwegen er
591 3020 1555 3258 gesenklich angenomen, vnd alhar gehe¬
587 3087 1534 3332 worden alß ist er ußvshen
2719 177 2817 267 35
1982 232 2235 361 1649.
1748 318 2779 547 burlch m hin stags des an lcbr 1o 6y
1781 410 2844 594 n delb s 1 f f. und wysen hrr Grora
1764 487 2845 683 erbottts disoh schleines. Hr Johans Wihsbeg
1753 568 2842 745 eß Großen raths hrs Bebenhhart Sschlafners
1701 646 2801 838 E roßwerbelr und etlicher wieblez in geden
1754 725 2821 889 dienern So wol mundtlich alß ponlich ex¬
1758 800 2801 956 aminieit und befragt worden, hatt da
1760 878 2788 1025 er das mit und sane Marter verzächet
1748 963 2336 1115 vnd bekent, wie volget,
1675 1092 2790 1289 Eistlichen waß sein läben wesen vnd ge¬
1718 1198 2814 1329 Fürten wandels betreffen unsyen, habe er
1711 1276 2794 1452 Wwar sich anfenklich und vhr weingzeits
1723 1351 2803 1476 ehrlicher land arbeit beflißen und also
1730 1412 2811 1565 do h kanffen 1 jar by wichel Künsw
1671 1498 2821 1624 Jari by einem Buren Därschbacher gent
1743 1568 2786 1699 3 arg gedernetn. jedoch aber hernach sich
1713 1656 2760 1778 Is das zimmer hand werk ergeben, vnd
1732 1731 2771 1855 Dem errvogt von Tarbergletwas zeits.
1726 1807 2752 1937 da ein gearbeitet volgents söliches ver
1726 1884 2765 2026 laßen und dem wroschen nachgezaget, wie
1711 1967 2758 2086 daß er in langst mit siet etlicher pfonres
1703 2039 2728 2177 und sonderlich mit einem so im forst
1711 2127 2742 2264 hußhäblich und sich hanß nambsen salfe
1692 2205 2731 2344 ite gein zunachen unbekant, welicher
1706 2290 2704 2407 jmne sit einem jar Daharn zu sölichem
1651 2358 2748 2507 böteih verubten vnd gefugte, Labwräsen
1722 2448 2715 2577 angewisen,e und zudem und auch
1695 2519 2746 2669 Letliche mahl alhar zunn Sternen bescheiden
1704 2608 2713 2729 habe vnd daseibsten, mit zweyen dieenen
1688 2681 2749 2810 Die einte Barbbli und die andere drënien gent.
1732 2758 2716 2893 einen trunk gehah, Gleich darnach
1704 2833 2733 2992 habe er abgefangen zugryffen, vnd mit
1702 2915 2713 3066 hilf deß wißihats zu Oberburg llausge
1689 2994 2711 3146 nampt dem Ainan In Krauchthal seinen
1699 3092 2737 3218 wagen einblöß. daß ysen frerkh Kettinen
