3024 4032
921 190 1218 324 1650
743 339 1507 559 Hans Stanz der lever
846 468 1377 628 ansferischer .
634 588 1595 792 Diewol der nun mer ein langezeit
603 646 1623 863 Droben verhaffte Halßstarike uf seiner
676 734 1596 927 mernung verblybenße widerloesen
675 808 1622 1031 sich entlich durch seines fürtrag dahin
685 897 1620 1075 errlart lieber die landtshersun
687 990 1644 1147 an die handgenemmen, das von seinen sehul
696 1053 1639 1245 abgestechet, alß ist er uß jen bhelg
687 1156 1610 1316 nach innorehen hr groß anstat
685 1235 1600 1414 einer formalischer lydts gethaner
645 1334 1622 1498 versprechtung, daß er namlich by sein
672 1414 1622 1582 guten thanweg, daß land undgebet
695 1512 1610 1676 ung frr alß baldes mit des frouohen
673 1589 1587 1740 undit ufehie Hornzes marshient
697 1708 1564 1808 möden, verwisen worden, mit
668 1777 1596 1917 g heitern erlüsterung, daß er sich
682 1872 1594 2002 Farm wyters nit sechen laßen noch
699 1959 1598 2088 einicher gstalt wißlumb yntrette,
676 2032 1604 2202 mit bygeseztem anhang, das so erher
686 2126 1582 2276 wider eandlen wurden, er als ein
621 2225 1602 2370 deyneidsiger das läben verwürkt haben e
596 2314 1594 2494 zu welichen ent er ein ordenlich vf
689 2403 1589 2553 jetztes ursech uf sich genamen und nit
674 2491 1583 2671 eignerhand underschriben deß
599 2580 1601 2779 Inhalts, daß wonner er sich vnkoßi
672 2640 1612 2848 sein versprechen janr zgelen erlaufung
644 2729 1595 2938 erwerumb ins land laßen ernae
665 2850 1603 3013 man ab eme als einem mieineydien
626 2923 1604 3169 zurichten haben sollen Actim 2. muli.
598 3123 1585 3418 Side ir linmbuis a
2132 341 2429 437 1650
1825 472 2605 660 ans Kolivon
1915 582 2542 730 Niderried ußem kat
2077 662 2419 809 arbeseg.
1753 771 2819 994 Diser ist wegen seines liederlichen
1832 891 2800 1071 Hußsaltens unddaser uf seinen
1787 948 2844 1151 gestlte. Beler thug seie Glanbin
1847 1021 2850 1218 nit bezalt werden mfgeb biß uf
1871 1100 2857 1276 ed de hb martz weydtlich son
1780 1173 2906 1377 Statt vnd Land, nachh dem gesahten,
1841 1305 2380 1460 sysen worden.
1956 1650 2722 1825 Jeseps Heß der alt.
2127 1775 2460 1897 ueger alhie
1744 1893 2929 2049 Diewyl der alte Joseph Heß der nagler
1758 1996 2935 2137 Ufseiner sohns frouhren Barbli Grimer
1905 2071 2857 2225 Jhaner onelag ob solte er seinem
1814 2126 1888 2211 9.
1833 2137 2924 2269 sohn Balthahar Hes etliche diebstäl
1852 2225 2854 2365 prichter shelffen un sanderlich ier
1810 2312 2802 2447 hrre stelgeren isengheft und eines
1844 2387 2897 2524 suchte hlins gedacht worden, ds keines
1852 2467 2887 2614 wegn nit gestendig nach bekant lich sein
1824 2552 2796 2689 eller. Alß Ist er des 24
1816 2638 2864 2795 marte uf seiner deßhalben lang.
1859 2730 2961 2889 sowagen deßgestandeer Cofangenschafft
1840 2813 2910 2954 abtrag hiefierstens wderumb
1865 2899 2943 3057 u herres huß gestelt und ledig gelaßen.
1858 2987 2947 3168 forden unnd gelort sein gefaucenschafft
1880 3071 2720 3252 Nitmanh nit zurechet .
2811 286 2927 370 60.
