3024 4032
1723 486 2727 634 Felber, Hand v. Rußbÿl, wegen dopelter Wer¬
1912 593 2531 714 bungin Kriegedienst, d. 25.
1723 661 2696 805 Duß, Catharin v. Jug wegen diebstählen. 33
1714 772 2756 917 Bund hant aus der Kirchl. Keglen, begen diebstählen.
1927 859 2208 966 d. 34. 3t.
1714 921 2725 1078 Frei Margreth, v. Irtenbach, wegen d. Hurenfeh¬
1925 1043 2105 1132 lerd 41.
1722 1111 2673 1266 Plogenthi, Mehel, und dem untern Simmenthal,
2674 1148 2774 1224 ben
1934 1205 2643 1340 gen Landes-Äußerung Ao. 69. 725
1708 1276 2531 1428 Kurer, Pater, v. Sigeidbÿl, Verhör als
1870 1394 2268 1530 Kundschahter. 70
2694 1532 2761 1658 5
