3024 4032
916 249 1184 394 1649
557 343 1527 639 der butind zu leen e
589 474 1497 686 patiensen verhaltens halber sisen
529 556 1511 774 aß nach dem derselbig uff die shrid
534 625 1510 842 Osellschafft gebracht worden
582 715 1527 957 führ einer crützek brot und ein vin
545 803 1526 1001 Wyns ime abgeforderet, so er im
532 886 1542 1117 gegeben, Hhernach aber habe er si
532 971 1516 1151 lützt anders das etwas warne
552 1064 1523 1229 huuerbrüget und unsfar drüv
577 1148 1523 1324 wy werden laßen, deßoch habe ie
522 1218 1513 1395 HiBruchschnyder ime befolcht, den
530 1326 1527 1475 wyn nit bloß gegeben, sonders des
593 1405 1512 1564 mit waßer zeliermangen und
586 1486 1514 1634 brächet, weliches er gethan sonster
565 1583 1499 1699 haben der patient deßert disem an
565 1664 1520 1783 Syß unnd strankh güt wysers h
544 1758 1525 1905 Das ime mit flyß Fal und rath gesen
557 1835 1367 1979 und abgewahtet worden,
542 1959 1513 2142 Rndendschie mit aller syts er ufsoht
577 2096 1167 2239 g�ten schrüwen ec
546 2479 1533 2670 Den 15. februarii 1649. Ist der
583 2606 1526 2786 und letste landtag gehalsten worden.
555 2690 1530 2893 der Gethätten aber nach gemand
571 2821 1463 3023 Is seinem namen nit erschinet.
468 3154 1462 3398 Ad formam proscristus pt.
2612 161 2727 254 11
2072 251 2263 386 69.
1652 248 2556 526 Slus aug or
1732 416 2328 610 aptesgeant
1564 493 2715 848 Slnen zi te ethll
1635 615 2703 915 1br jase daüitt jann ußen annst
1609 693 2716 967 signbger, welicher seinem fürgeben nach
1615 785 2776 1050 Ußli Fällian von Bowyle seilzeits gewarret
1610 872 2744 1104 und alhar gehodlet, b  m�ßwarnen die
1853 990 2294 1099 uas von Rangengedt
1605 940 2781 1199 Sangnel Kaller nemmüller alhie zugehört,
1661 1071 1754 1133 wüß
1625 1031 2721 1258 uf dem korn marit entwent, bigriffen.
1624 1131 2769 1371 gefencklich yngezogen und volgents uff r
1581 1228 2768 1448 d beulch durch meyne hochgeerten herr
1613 1320 2723 1513 H Jacob Gruter vom kleinen und herr
1601 1392 2759 1604 Rud- zechender vom großen rath, In by syn
1599 1501 2764 1672 H Großweibel Tharners und Stettlers
1621 1586 2651 1740 leß weibels Er ich dienern, nit allein
1638 1674 2707 1835 disers pnuftens halben, sonders auh
1635 1763 2774 1927 wlen man, dergleichen diebstälen 1 sver
1645 1841 2746 2004 meltem marit sich hienar füer erclagt
1611 1944 2710 2082 mit ernsthafften worten droben In der
1621 2031 2694 2174 pfangenschafft den 5. dito, Exammiert
1637 2116 2696 2250 worden Datt derselbig anders
1652 2208 2726 2352 mit guchtig vnd bekanstlich sein wellen,
1595 2294 2687 2457 Weder das ja verschinen zinstagt sich
1633 2397 2738 2528 eder so wyth vergheßen, daß er obigem
1623 2465 1788 2533 lrndtmu
2370 2487 2674 2559 tunt der saet
1601 2492 2685 2626 üller vermelte 4 mas karcen, so ime
1635 2552 2714 2730 alßbald widerumb zugestelt worden vere
1624 2635 2756 2802 untheüeret habe E habind aber smne,
1637 2725 2663 2871 eie kleine unerzagneten kein, denen er
1630 2821 2681 2951 nüt mäßen wüste und auch nit Bätlen
1624 2884 2702 3045 dörffen, darzu bewegt, Daß er aber
1631 2985 2632 3129 sich verners nit diebstälen vrgriffen, sye
1632 3068 2729 3187 ganz und gar diemelen geschett werde soliches
1591 3156 2672 3286 auch niemandts ab eine gfagen nach rech tc.
1584 3220 2707 3340 das er shienor by mitlen gsin, das er die singen
1611 3287 2699 3410 für bride können, dye aber merentheils
1584 3355 2614 3509 Ir mitlett fürschafft umb dh synich kommen.
1594 3440 2680 3592 Bitet hochwelt stden skomben vesychauf das er
1637 3529 2216 3647 sich beßeren wolle e.
