3024 4032
1027 185 1352 315 1650
840 315 1636 563 Kundschafft so den 9. Junii
870 406 1646 625 durch den jr. schultheiss zuo Thun jn
857 458 1595 658 bysein beider weiblen von Peter
858 536 1604 742 Furer wegen Peter am Stutz
1012 607 1352 755 uffgenomen.
597 691 1676 965 Erstlich so hat Furer uf ernstliches zuo
706 777 1665 1022 sprechen vermeldet, dass schon 2 jar vor
730 867 1655 1084 und ehe Anthoni Wolff niemaln jme
688 943 1662 1167 von disem geschefft nichts geredt, Peter am
690 1034 1671 1250 Stutz zuo Thun uf der gselschafft zuo schuo¬
760 1123 1680 1323 macheren zuo jme Furer und seinem vatter
731 1185 1679 1384 komen, da dan andere lantlüth ouch noch
746 1277 1665 1459 an selbigem tisch gesessen, habe damals
713 1356 1666 1531 Peter am Stutz under anderen reden
750 1445 1670 1618 ouch vermeldet, das der weibel Jm Hoff
737 1538 1610 1688 mit jme Stutz gantz schlecht umbgangi
720 1609 1671 1783 und fast umb 3 oder 5000 lb gebracht habe,
675 1698 1650 1858 jtem er habe bald vil ungrechts guot an
713 1796 1632 1940 sich gebracht und daruf gesprochen zuo
731 1892 1633 2033 Furer jn das ohr, es were guot das der
716 1961 1638 2105 wuost abweg gerumpt wurde und jm
720 2048 1652 2196 einen schutz gegeben, ob er Furer söliches
659 2130 1650 2301 verrichten wolte, habe er es jme abge¬
667 2230 1632 2382 schlagen, woruf Stutz vermeldet noch
682 2313 1642 2437 malen, ob er disere sach zur hand nemen
717 2398 1638 2517 wölte, er welte jme ein fynes geben
679 2470 1653 2636 und ein 100 güldigen brieff gebotten unnd
707 2571 1636 2712 er dörffte die sach nit selber verrichten, er
704 2655 1642 2812 sölle nur den weibel Jm Hooff an ein ort
684 2733 1621 2922 füren, so wölle er dan selbs den schutz
696 2827 1629 3017 thuon und jnne Jm Hof umbringen woruf
669 2919 1634 3104 Furer geantwortet, er Jm Hof habe zw
659 2995 1633 3218 jnne und sein vatter, auch umb vil gebracht
636 3104 1614 3294 habe Stutz nochmalen jme Furer jn das ohr
676 3155 1616 3414 gerunet, er könte diss fast jm schlaff
2810 322 2944 419 71
2165 361 2452 447 1650
1867 500 2901 659 gewinnen, ob er doch nit 500 lb nemen
1897 567 2908 704 wölle, da habe Furer gesagt es were
1905 628 2818 760 nit guot nachts einen also zuofüren, er
1911 700 2896 821 möchte wol den lätzen träffen, daruf
1863 770 2919 904 Stutz wider gesagt, er sölle, wan er jnne
1891 845 2902 989 Jm Hof nur dahin füren könne, alss dan
1894 917 2853 1045 sich mit huosten oder ein hand uffheben
1903 988 2917 1122 oder den huot abziechen könten, so welle
1890 1075 2892 1190 er alss dan dem weibel den schutz geben
1891 1156 2913 1271 und dörffte er damit nüt anders zuo thuon
1883 1226 2914 1373 haben und kein hand anzelegen oder er sölle
1894 1296 2904 1429 nur machen das der weibel Jm Hof an einem
1873 1371 2913 1504 bestimpten ort fürgangi, do welle er jnne
1897 1450 2912 1596 dan erschiessen und dis könne er schlaffend
1856 1540 2900 1685 und jm beth gewinnen, do aber Stutz diss
1879 1627 2893 1773 geredt, seye er trunken g'sin und habe
1818 1709 2882 1821 Furer disere an jnne gethane anmuottung
1871 1782 2877 1902 abgeschlagen und den weibel Jm Hoof
1864 1860 2867 1975 alssbald daruf gewarnet, welicher
1865 1936 2894 2059 jme verpotten nichts für selbige mal druss
1841 2022 2125 2136 zemachen.
1867 2099 2877 2243 Drey wuchen oder i monat darnach sye Peter
1805 2176 2901 2293 am Stutz da zwar er Furer nit wol wüsse
1865 2242 2907 2387 ob Stutz schon trunken oder nüchter gewesen,
1874 2314 2863 2458 wider zuo jme Furer komen und gesagt
1864 2374 2905 2521 ob er sich nit bedacht und ob er den weibel
1866 2460 2902 2600 Jm Hof nit an ein ort tagen könte, damit
1786 2525 2858 2687 disere sach abgiengi, daruf Furer gesagt
1801 2621 2893 2769 nein, woruf Stutz widerumb geredt, ob er
1817 2698 2889 2837 niemants wüste oder fünde, der diss thätte
1831 2778 2894 2930 und verrichten wurde, habe er jme zur antwort
1849 2828 2876 3022 geben, wass er nach diserem frage, er sölle
1815 2932 2393 3068 jnne mit ruowen lassen.
1792 3001 2881 3218 Den 15. Junii ist jme disere sein zügsame droben
1814 3118 2882 3284 jn der g'fangenschafft abgelässen worden, die
1852 3200 2869 3358 er asprobiert und mit dem eid wol erhalten
1852 3263 2066 3344 dörffen.
