3024 4032
900 241 1185 365 1649
595 300 1479 561 vr seues ver bselu den
602 409 1549 656 aufftloß gebrönt, alß er aber
605 509 1547 721 die andere abschießen, wöllen, habe si
613 591 1537 817 ime versagte sa eßereen h telhaun
594 668 1534 882 Bernehre beide Füßi widerrumb s die
568 753 1538 981 Hülf gesteckt und soliches darby
610 844 1486 1030 wehadet laßen, jihren ryth jänn
625 921 1522 1134 namen dieselbic verbeßeren zul
584 1003 1489 1182 zu dem sattler getragen, Nach
1491 1124 1556 1211 den
590 1089 1554 1295 sy aber wider zu huß kamen habe
603 1178 1529 1366 gedachter Coßwald seines hers kinde
535 1279 1548 1433 Oo war dem huß gestanden, uff die ben
591 1379 1555 1527 genamen und sich allein wider umb duch
572 1440 1553 1594 das huß. so unsfar morgens umb 9
602 1528 1549 1663 gewesen. In den Stall verfugt, daß
527 1619 1550 1765 und widergestelt, dirpfstolen abe
629 1700 1562 1840 Rüti uß dem hulf genämen und under
611 1775 1558 1933 standen dieselbe abzuschießen, und
566 1873 1546 2001 deßen sye diser knab vlahar kamme
563 1965 1548 2104 unß als er gesechen denselbes anentthn
599 2060 1561 2169 neben der Jnsul Schuren gechen, habe
573 2140 1549 2307 zusine gesprachen und gesagt, solle
559 2234 1541 2388 Borg galten, wolle Schroßen, dae
604 2325 1551 2468 wüße, ob ein kuglen geladen sye, as
560 2411 1552 2584 In dem nun er die Gifoltz uf der
573 2505 1551 2661 hand gehalten und mit der anderes
575 2597 1550 2759 Daß Füsi hinder sich gezohen und stelb
575 2702 1547 2855 wollen. Sye daßelbs war unß ehr
555 2776 1544 2976 Daß Rohe ob sich haben können, uff die
576 2858 1551 3053 pfannes geschnelt, der schuß tan
620 2927 1555 3123 eschent abgangen und bidehr ws
604 3022 1555 3279 getroffen, daß er aber etwas
526 3111 1549 3357 Widerwillens. Nyd Haaß unde
1917 353 2167 475 1649.
2606 419 2700 489 31
1702 485 2697 645 gleichen, gegen ime gehert oder getragen,
1687 552 2672 682 sye söllches ganz und gar nicht, das er
1678 620 2696 762 denselben zuuor seines wüssens des tag
1729 695 2728 842 eines läbens uiemalen gesehen, habe auch
1714 755 2701 915 it vorsezlich uf jnne gezelet, nach ver
1704 825 2674 987 mneint jahe etwas leibts zugefügen
1657 898 2714 1062 Ezistet also gantz trungenlich unnß jnnigklich
1665 960 2665 1108 EGott des allmechtigen, Demnach auch
1710 1047 2698 1224 im hoche gnedigt oberkeit wie ingleich
1702 1122 2681 1264 eder meingklich, So er hierdurch mochte
1636 1204 2679 1340 beleidiget haben, vmb flächenlich umb
1699 1288 2468 1459 gnad unnd verzichung tc
1795 1708 2474 1885 Gwald Rusloff
1861 1845 2334 1977 diemor gemelte
1679 2028 2714 2180 Demnach Rüchabgeloffner tagen.
1685 2134 2655 2233 gegenwürtiger Oßwald Rudlosfpürtig
1676 2195 2682 2327 seßem Margrasfenfand wegen er ein gen
1694 2251 2723 2395 grüßen junger kaab Hanß Stölfuß genant
1715 2346 2697 2468 alhe io der statt uf Freyser Straßs durch
1720 2416 2702 2553 mitel eines fistoleh Schuß lichtsfertiger
1697 2509 2689 2632 wyß nider gemacht und erkloße, alß
1695 2586 2722 2715 balß ergriffen und gefenklich angenamen
1702 2664 2754 2792 worden, duch deßhalbes uf zinstag den
1700 2750 2760 2893 29. meyen diß khauffenden eb 6g jars
1695 2831 2729 2966 sy by sein undt gegenwürtigkeit eß ehren
1651 2896 2723 3067 uestes. f. f. f. wolgeachten wysen Hekren,
1669 2984 2751 3125 H pperdor Morlatha Jßerschart Schar
1727 3077 2748 3203 ders Großweibelt sampt etlich threiblen
1701 3154 2788 3310 ingund uberen dieners nach aller nothneff
1679 3240 2495 3400 befragt, vnd sraminirt worde
