3024 4032
2583 238 2720 322 2.
1626 367 2020 515 58 1
1669 339 2395 578 tpetertitecli
1732 471 2376 630 vn worlauffs fürtig
1522 572 2651 804 Ehiewol und lgtt der allmechtis
1583 651 2662 881 unser aller schöpffer und erhalter, hhin
1561 723 2675 930 und wider is seinem heilligen göttlicher
1577 787 2662 1004 wort, so wol halten, alß Nüwen lesta
1612 846 2721 1067 ments gantz ernstlich vermant, alss siten
1585 934 2690 1119 mal wir nit ein einzegen Gugenblickh
1599 1028 2692 1219 bestahn könend, noch mögend, neben dem
1613 1093 2728 1274 unser abgesagter kind der rüfel die Wäldt
1609 1159 2701 1356 Da auch grad unser eigen fleisch selbs nit
1525 1246 2671 1420 Bishört anzufrchten, onder ueßerst
1631 1330 2704 1501 einem vermogen nach zu allerley rinh unnd
1593 1406 2750 1575 Kosteren Steizen, vnnd bewegen thut, Danen
1583 1497 2687 1639 char, vnd von deßwegen, Chipitus der
1550 1572 2713 1713 Herr In seinem gebutte vnder anderem oach,
2336 1654 2414 1718 en
1597 1683 2723 1801 uns also gelert sprachen, Jure und git,
1598 1755 2717 1861 In versuchung Sonder Erlose vns von dem
1953 1827 2656 1954 o ist doch solches leider
1540 1839 1865 1945 Wysen etc.
1590 1908 2740 2019 bysteiles Möntschen mit vmb sauil bedenklich,
1537 1984 2715 2100 das das sich ihren vil wrüstentlich harr
1621 2053 2744 2195 uider vergryffent, Wie dah gegen
1533 2145 2725 2279 würtige Margreth Schiserli würtig
1576 2209 2752 2379 zu vorlouffen alßlegliche schon sit
1533 2303 2755 2471 Tilen Jaren, daher deß merklichen gesoßen
1544 2381 2679 2537 schalens und verlarfts, so die Gineinß
1563 2449 2695 2615 zu Timpbach vnd darby ligender orten
1553 2532 2741 2713 Das röß und vych Keliseh. Is bößem ge¬
1589 2622 2737 2828 zig. vnnd verdacht geweßen, Vnd daß
1508 2697 2753 2922 wegen verschiner tagen sron und gdie ampts
1558 2792 2668 2977 maht zu frauwbrunen neben einem
1556 2877 2713 3085 substanzlichen brichtschrëben, gfeneklich
1606 2970 2717 3178 alhar geschickt und volgents das 17 und
1589 3049 2674 3259 28. augis ti diss 16 f 8 jars ds by sein
1601 3128 2630 3337 anharen unnd gegenwürtigkeit dles
1574 3188 2725 3468 ehrennestes fromen fürnemen thürsichtagn
