3024 4032
1001 198 1309 331 1649.
640 275 1556 561 bn ih get, ds u
654 366 1560 612 uter glicher, solich ihr zugestandinen
635 454 1553 684 achmertze damit jeüertryth hanmit.
652 564 1532 751 nemen wollen, habe sy dergleichen
602 610 1573 856 Materi mehr darunderen vndmist gehuen
610 677 1581 924 welicher sy herr. doctor Langsons und
628 775 1569 992 hrs Gegbeti zuzeigen und hiemit vn
615 852 1573 1104 inen zu erkundlichen, überschickt d
637 960 1529 1180 das vermeldet, das es gifft were s
537 1167 1559 1382 Madle ehmeitter sor und vu
650 1319 1566 1474 Jacob Höflins dienstenagt szeigt an,
586 1396 1560 1535 daß nachßem Eonss fr ss einem
651 1471 1565 1619 geeüßen donstag zu nacht ein örfel
664 1562 1574 1700 müßli gekothet unnd das dans
652 1636 1560 1776 übergeblibne, mit einem Caller und
665 1744 1555 1889 einem Zerecheli darüber zugedockt
619 1826 1568 1970 schafft hinph gehalten. Habe am sonta
650 1911 1559 2046 darnach zu morgen die fr diser
632 2007 1558 2123 dess Cpffelmuhes widerumb gewerhen
665 2092 1560 2245 uß als gesagte magt ein badehr
640 2187 1541 2340 zureichen ih die stuben hingy gangen
602 2272 1564 2461 habe Loni fred die kachten samt
633 2389 1560 2541 opffelmuß dargestretkt und der
613 2483 1539 2643 vermeldet, daß etwas unsuber
639 2555 1552 2749 oben von der Jili herab daryn gehalten
600 2654 1560 2857 Solle söliches s ken ds die schwy fe
642 2735 1547 2970 schätten auuf sy fine gebtwrerte
635 2864 1535 3031 wan nit etwaß ein spmelen darin
600 2944 1545 3147 So welle es daßelbig aßeb, weliche
646 3022 1544 3261 er aber nit gestatte, nach gescheihet u
636 3105 1541 3345 wollen, sonders soelde m
626 3211 1527 3447 wüßen, waß wusts darin seina
2008 299 2259 394 1649.
2680 330 2787 419 46.
1706 435 2735 575 daruf es söliches sy ein schafft gestelt in
1741 530 2749 663 zwüthen und under deßes, sye Hans frouw,
1699 589 2767 746 zu stotthumfgangen, als sy aber wider
1726 669 2734 835 himb kommen. Habe sy frg der mogtge
1720 739 2708 907 grert von dem ooffelmuß nit zu alßen,
1738 831 2704 978 das sy von der dauon gegaßner brüyen
1757 934 2727 1066 Blichermaßen sherach und krank worden,
1706 1001 2705 1129 daß es vermeint. Sy deß abens sterbet
1739 1087 2736 1223 wurde, unangesechen deßen, habe die vogt
1748 1170 2705 1290 etwas 3 löffelvol dauos versucht und
1751 1261 2710 1401 gäßen, weliches es als bald widerum6
1651 1338 2691 1461 Waß sich gebet müßen unnd nachdem es
1718 1430 2673 1576 diß spffelmuß etwas tagen uffgehalten,
1756 1508 2714 1667 und hernach besichtiget, heige es alß tol
1750 1581 2752 1755 wyße herte Kalenli darin gesethet und
1752 1686 2672 1826 entlich daßelbig uß geheiß seins fr
1754 1765 2690 1902 seiner meisters Händli dargestelt der
1766 1860 2672 1992 söliches geßen aber so krank danon
1757 1953 2685 2091 worden. Das man gemeint deßelbig
1736 2036 2241 2174 druf ghas wurde.
1681 2221 2759 2412 Daniel Schreckh Anthani Gruber und
1732 2350 2751 2478 Hanß Oth Schiflüth zeigend an, das wan
1759 2427 2731 2567 ychen Toli vnder anderen gesprächet vf
1736 2519 2712 2641 der Landeren gefareet, worumb er
1752 2594 2689 2729 seiner frauwen ein doselmüßli gekachet
1717 2678 2730 2792 daß sy darab srank worde vnd was
1745 2764 2739 2910 jahe sölichs fürgehalten werden Eiden füye
1642 2859 2714 2993 habe er zuegaltregen geantwartet
1670 2936 2749 3091 und zum bscheid wrfaden laßen, er förchte
1717 3033 2733 3151 Ime darumb nut welle auch niemnand
1724 3116 2710 3246 nachin nemmen, dan er ein gute gwüßne
1714 3195 2688 3336 haben Sonsten habe er zuen seilheitf ge¬
1684 3284 2755 3421 holffen und ger gearbeittet wythëfnen
1687 3370 2437 3505 allersyts nüt dn wüßen e
2743 1871 2787 1937 8
