3024 4032
1027 261 1246 385 1649.
688 384 1278 559 Aiio Janni
1285 446 1416 596 sie
724 470 1253 622 vorgemelt
546 628 1461 828 Derselbig ist den 10. febris ist ein
559 728 1462 898 gut cansus und abtrag eostenns
424 830 1468 999 widerumb ledig gelaßen worden
558 1335 1514 1476 ans Jacob Uff Hure
602 1407 1508 1572 nechst by Fryburg im Schryßisinen
472 1566 1513 1736 Alß derselbig den 10. febr durch e
521 1698 1510 1816 schenldicht Marti deß raths unnd
560 1769 625 1818 e
530 1752 1506 1904 J. Abracham Mannel by sein h grt
579 1839 1504 1962 weibel Tscharners srefen, deß
506 1911 1506 2057 m Mielauf von erds s huß eit
557 2009 1519 2129 erenten und darob ergeiffgen die
529 2082 1525 2256 deß eherien Hofens sofnes als
562 2184 1531 2331 widerumb zugestelten   e wa
542 2248 1529 2428 penlich erbminpgrt worde Hatt
565 2331 1515 2492 er sölichen fäller mit rürendens
550 2435 1508 2597 bekent und darby vermëldet, das es s
575 2504 1517 2682 mangel der herung beschechen, dass
514 2586 1519 2836 zwehn fräude mezger In Baselbe
543 2664 1531 2882 alhan smagen Jars sylh einsrehee
558 2788 1526 2988 Die jnne aber dargesetzt, sonst we
549 2861 1524 3085 er diemalen alsag ragnen uns zebrit
552 2945 1510 3195 gefangen gwerd, sands sich jedt eylz mit
516 3091 1291 3309 hand abbeit erhalten
503 3153 1507 3413 Diser ist den 12. febri widerumbs
536 3219 1507 3525 slast  reter bhrang sa
498 3442 796 3582 orden.
2587 167 2707 271 17.
1902 249 2146 390 161
1666 407 2547 641 pisstura rellerlir die
1713 480 2521 721 genet se lind scheyt
1936 617 2223 758 von Worb.
1586 686 2709 988 Is haber zwar und gl Nächermals is
1669 811 2701 1073 allisung Christina Tellerin drobes sih d
1654 890 2711 1123 Retsgethanen vergicht, vermeint vnnd
1650 995 2760 1201 ußsolten umbstenden abnemmen megen
1616 1051 2754 1278 ics sy er herz mit angeweüter Verbalisch
1632 1139 2709 1368 eesomination nitvolkamen gerampt
1613 1232 2785 1428 unnd die warheit angezeigt habe, deß
1641 1333 2780 1563 wegen beuolchen, Sy mit dem Dumysen
1620 1462 2742 1608 verners marteren und examinieien ze
1637 1525 2740 1695 laßen, welichergesterigen tags den 10.
1620 1627 2724 1793 Foh diß jarb Io syhem hievorgemelt
1652 1710 2763 1888 mynet hochehrendes herrn, Chellenbergk
1622 1822 2741 1956 Di kleines raths B Rud leihenders
1624 1916 2697 2039 Abraham Manuels und s Bernhart
1650 2001 2718 2141 Warners Großweibel. Ir der mlanen
1637 2107 2667 2253 sesi gefegkt unnd exammigt worden
1576 2194 2699 2330 vefhe, das anders nüt bekantlich sein
1634 2290 2702 2422 wellen, das daß Nach dem, Ir Sohn
1613 2378 2744 2524 Hanß Battibergers an verschinem meid
1659 2459 2679 2623 mrit bim underen thohr in selben
1615 2545 2621 2700 Graben gefallen, unnd vermeint
1612 2655 2702 2807 dahar sterben müßen, habe er, iren
1618 2750 2681 2899 uf gethanes befragen, nach vil erzelten
1597 2854 2671 2965 vmbstenden, vermeldet, daß er fa
1604 2925 2677 3099 daß seinge gelt zu Warb uß der kilchen
1628 3035 2686 3170 vor etwas Zeits genomen Iren aber
1609 3109 2669 3261 darby gesagt, (ach dem sy ein wüssen
1588 3172 2696 3367 chaffthafen wellen) wie ers gemacht,
