<?xml version="1.0" encoding="UTF-8" standalone="yes"?>
<PcGts xmlns="http://schema.primaresearch.org/PAGE/gts/pagecontent/2013-07-15" xmlns:xsi="http://www.w3.org/2001/XMLSchema-instance" xsi:schemaLocation="http://schema.primaresearch.org/PAGE/gts/pagecontent/2013-07-15 http://schema.primaresearch.org/PAGE/gts/pagecontent/2013-07-15/pagecontent.xsd">
    <Metadata>
        <Creator>prov=University of Rostock/Institute of Mathematics/CITlab|PLANET AI GmbH/Gundram Leifert/gundram.leifert@planet-ai.de:name=German_Kurrent_XVI-XVIII_M1(htr_id=19584)::::v=2.6.6
prov=University of Rostock/Institute of Mathematics/CITlab|PLANET AI GmbH/Tobias Gruening/tobias.gruening@planet-ai.de:name=de.uros.citlab.module.baseline2polygon.B2PSeamMultiOriented:v=2.6.6
prov=University of Rostock/Institute of Mathematics/CITlab|PLANET AI GmbH/Tobias Gruening/tobias.gruening@planet-ai.de:name=/net_tf/LA73_249_0mod360.pb:de.uros.citlab.segmentation.CITlab_LA_ML:v=2.6.6
Transkribus</Creator>
        <Created>2020-10-05T11:30:02.083+02:00</Created>
        <LastChange>2022-09-12T14:38:46.692+02:00</LastChange>
        <TranskribusMetadata docId="1334827" pageId="52360565" pageNr="46" tsid="114642328" status="IN_PROGRESS" userId="9570" imgUrl="https://files.transkribus.eu/Get?id=NAIHANELKEELKWXLTEVAFQLC&amp;fileType=view" xmlUrl="https://files.transkribus.eu/Get?id=KUQLLEMDIRQCLEOSQEHTHFEW" imageId="16043006"/>
    </Metadata>
    <Page imageFilename="IMG_7740.JPG" imageWidth="3024" imageHeight="4032">
        <ReadingOrder>
            <OrderedGroup id="ro_1687513747936" caption="Regions reading order">
                <RegionRefIndexed index="0" regionRef="r1"/>
                <RegionRefIndexed index="1" regionRef="r2"/>
            </OrderedGroup>
        </ReadingOrder>
        <TextRegion orientation="0.0" id="r1" custom="readingOrder {index:0;}">
            <Coords points="491,301 491,3488 1536,3488 1536,301"/>
            <TextLine id="r1l1" custom="readingOrder {index:0;}">
                <Coords points="889,360 924,352 950,364 990,355 1023,397 1043,405 1066,402 1104,381 1114,387 1120,357 1104,353 1081,323 1048,325 990,276 932,303 902,292"/>
                <Baseline points="899,342 925,343 951,346 978,353 1004,359 1030,366 1057,371 1083,374 1110,374"/>
                <TextEquiv>
                    <Unicode>1649.</Unicode>
                </TextEquiv>
            </TextLine>
            <TextLine id="r1l2" custom="readingOrder {index:1;}">
                <Coords points="567,444 815,471 848,516 897,481 1075,494 1171,560 1239,525 1474,604 1487,515 1380,502 1342,457 1284,479 1248,445 1205,463 887,395 830,419 736,380 574,403"/>
                <Baseline points="576,438 620,443 665,447 709,451 754,456 799,460 843,464 888,470 933,475 977,479 1022,485 1067,492 1111,499 1156,507 1201,515 1245,524 1290,534 1335,545 1379,558 1424,572 1469,587"/>
                <TextEquiv>
                    <Unicode>eines vorhabens, erschoüwet aber</Unicode>
                </TextEquiv>
            </TextLine>
            <TextLine id="r1l3" custom="readingOrder {index:2;}">
                <Coords points="576,528 880,552 909,585 967,547 1041,593 1107,572 1178,616 1254,594 1362,657 1405,633 1486,661 1492,621 1318,539 1172,560 1103,502 895,517 732,458 676,487 585,468"/>
                <Baseline points="585,513 629,517 674,522 719,526 764,531 809,535 853,540 898,545 943,550 988,555 1033,561 1077,566 1122,574 1167,581 1212,590 1257,597 1301,606 1346,616 1391,627 1436,639 1481,653"/>
                <TextEquiv>
                    <Unicode>damalen ungeschäffet hemmbgezogen</Unicode>
                </TextEquiv>
            </TextLine>
            <TextLine id="r1l4" custom="readingOrder {index:3;} person {offset:13; length:7;}">
                <Coords points="557,617 638,596 828,643 1011,635 1051,682 1143,676 1183,708 1302,681 1513,771 1526,678 1405,633 1359,660 1187,639 1151,597 1038,596 969,548 902,588 850,548 793,573 754,532 644,553 570,528"/>
                <Baseline points="567,593 614,596 661,600 708,603 756,608 803,611 850,616 897,621 945,627 992,633 1039,638 1086,644 1134,652 1181,659 1228,668 1275,676 1323,685 1370,695 1417,706 1464,715 1512,728"/>
                <TextEquiv>
                    <Unicode>ein Pfenster Stengli genamt daselbin</Unicode>
                </TextEquiv>
            </TextLine>
            <TextLine id="r1l5" custom="readingOrder {index:4;}">
                <Coords points="559,719 645,688 950,709 1023,746 1317,759 1408,826 1489,815 1496,748 1313,689 1173,706 1138,675 1071,690 853,633 797,666 686,647 641,601 570,630"/>
                <Baseline points="570,681 615,684 661,685 707,688 753,690 798,692 844,695 890,698 936,701 981,705 1027,710 1073,715 1119,721 1164,728 1210,734 1256,743 1302,752 1347,761 1393,772 1439,785 1485,798"/>
                <TextEquiv>
                    <Unicode>gekeimet und hieb zu dinstliche</Unicode>
                </TextEquiv>
            </TextLine>
            <TextLine id="r1l6" custom="readingOrder {index:5;}">
                <Coords points="481,795 628,780 692,835 744,797 980,791 1498,901 1506,831 1460,804 1407,832 1311,760 1212,786 1080,741 1040,769 977,713 901,737 748,691 555,745 491,710"/>
                <Baseline points="492,762 542,765 592,767 642,768 692,771 742,774 792,776 842,779 892,783 942,788 993,793 1043,798 1093,803 1143,810 1193,817 1243,824 1293,833 1343,843 1393,853 1443,863 1494,875"/>
                <TextEquiv>
                    <Unicode>macht, mit wtlichem hr sant</Unicode>
                </TextEquiv>
            </TextLine>
            <TextLine id="r1l7" custom="readingOrder {index:6;}">
                <Coords points="785,879 823,899 1146,897 1514,980 1520,936 1437,920 1393,872 1303,839 1020,843 945,797 796,802"/>
                <Baseline points="794,869 829,870 865,872 901,874 936,875 972,878 1008,880 1043,882 1079,885 1115,889 1151,893 1186,897 1222,901 1258,908 1293,915 1329,922 1365,930 1400,940 1436,950 1472,961 1508,974"/>
                <TextEquiv>
                    <Unicode>Instrumenten, als zangen,</Unicode>
                </TextEquiv>
            </TextLine>
            <TextLine id="r1l8" custom="readingOrder {index:7;} place {offset:0; length:11;}">
                <Coords points="532,964 914,969 945,1003 1078,971 1260,994 1367,1069 1446,1032 1493,1058 1500,971 1413,942 1252,962 1147,896 1094,914 1038,885 808,922 724,867 541,854"/>
                <Baseline points="540,941 587,945 634,949 682,953 729,955 776,958 824,960 871,962 918,965 966,967 1013,969 1060,972 1108,975 1155,980 1202,985 1250,990 1297,997 1344,1005 1392,1014 1439,1024 1487,1037"/>
                <TextEquiv>
                    <Unicode>Buntchaggen fyles und einem spleli</Unicode>
                </TextEquiv>
            </TextLine>
            <TextLine id="r1l9" custom="readingOrder {index:8;}">
                <Coords points="484,1037 624,1068 714,1046 755,1091 868,1046 933,1092 1003,1051 1295,1065 1484,1130 1507,1066 1464,1036 1366,1069 1226,989 1129,1015 1012,976 938,1010 886,973 742,988 651,951 488,974"/>
                <Baseline points="491,1032 541,1034 591,1036 641,1038 692,1038 742,1040 792,1041 842,1042 893,1043 943,1045 993,1047 1043,1050 1094,1053 1144,1056 1194,1062 1244,1067 1295,1074 1345,1083 1395,1092 1445,1103 1496,1116"/>
                <TextEquiv>
                    <Unicode>uff Letst verschinen Marten maris</Unicode>
                </TextEquiv>
            </TextLine>
            <TextLine id="r1l10" custom="readingOrder {index:9;}">
                <Coords points="520,1125 802,1198 948,1134 1257,1149 1349,1216 1518,1205 1522,1132 1297,1065 1227,1115 1177,1069 1070,1110 1002,1049 934,1092 714,1046 604,1101 524,1058"/>
                <Baseline points="527,1124 576,1125 625,1125 674,1125 723,1127 773,1127 822,1127 871,1127 920,1127 969,1128 1019,1130 1068,1133 1117,1135 1166,1139 1215,1144 1265,1149 1314,1157 1363,1165 1412,1175 1461,1186 1511,1200"/>
                <TextEquiv>
                    <Unicode>ungefahr getto stundt vor tag, sich</Unicode>
                </TextEquiv>
            </TextLine>
            <TextLine id="r1l11" custom="readingOrder {index:10;}">
                <Coords points="538,1230 917,1230 1017,1261 1101,1225 1524,1286 1526,1248 1455,1207 1349,1216 1283,1165 1101,1139 1037,1167 882,1141 805,1197 657,1160 541,1178"/>
                <Baseline points="546,1217 594,1218 643,1218 691,1218 740,1218 789,1218 837,1220 886,1220 934,1220 983,1221 1032,1222 1080,1223 1129,1226 1177,1229 1226,1232 1275,1238 1323,1244 1372,1251 1420,1258 1469,1267 1518,1278"/>
                <TextEquiv>
                    <Unicode>widerumb Lüszig und allein und an</Unicode>
                </TextEquiv>
            </TextLine>
            <TextLine id="r1l12" custom="readingOrder {index:11;}">
                <Coords points="525,1372 591,1324 807,1336 961,1303 1039,1337 1205,1311 1507,1366 1509,1304 1443,1261 1362,1292 1193,1237 983,1267 908,1233 857,1266 777,1228 635,1279 530,1231"/>
                <Baseline points="534,1310 582,1310 630,1311 678,1311 727,1311 775,1311 823,1311 872,1311 920,1311 968,1311 1017,1313 1065,1313 1113,1315 1161,1317 1210,1321 1258,1324 1306,1327 1355,1334 1403,1338 1451,1345 1500,1353"/>
                <TextEquiv>
                    <Unicode>demandts wüßen und vermerken</Unicode>
                </TextEquiv>
            </TextLine>
            <TextLine id="r1l13" custom="readingOrder {index:12;}">
                <Coords points="539,1420 832,1404 883,1450 929,1418 954,1442 1151,1414 1524,1463 1527,1390 1354,1344 1177,1384 1009,1317 541,1350"/>
                <Baseline points="546,1409 594,1407 643,1406 691,1404 740,1403 789,1403 837,1403 886,1403 934,1403 983,1404 1032,1406 1080,1407 1129,1409 1177,1413 1226,1416 1275,1420 1323,1425 1372,1430 1420,1435 1469,1442 1518,1449"/>
                <TextEquiv>
                    <Unicode>dahin verfügt und erstliches mitden</Unicode>
                </TextEquiv>
            </TextLine>
            <TextLine id="r1l14" custom="readingOrder {index:13;}">
                <Coords points="613,1510 831,1495 871,1527 957,1502 1023,1561 1099,1512 1318,1568 1382,1517 1509,1543 1512,1461 1272,1431 1227,1453 1157,1418 1110,1449 1038,1421 960,1447 928,1419 878,1450 829,1403 744,1460 615,1470"/>
                <Baseline points="621,1490 665,1490 709,1490 753,1490 797,1490 841,1490 885,1491 929,1491 973,1493 1017,1494 1062,1496 1106,1497 1150,1499 1194,1501 1238,1503 1282,1506 1326,1510 1370,1514 1414,1517 1458,1520 1503,1524"/>
                <TextEquiv>
                    <Unicode>erumpten und hierzu geschmideten</Unicode>
                </TextEquiv>
            </TextLine>
            <TextLine id="r1l15" custom="readingOrder {index:14;} person {offset:9; length:7;}">
                <Coords points="517,1638 597,1656 680,1583 795,1585 951,1647 1258,1601 1432,1680 1518,1656 1521,1531 1335,1570 1087,1518 1027,1566 988,1526 885,1555 825,1514 746,1549 698,1503 651,1537 568,1462 522,1476"/>
                <Baseline points="525,1595 574,1591 623,1588 673,1586 722,1584 771,1583 821,1583 870,1583 919,1584 969,1586 1018,1587 1067,1589 1117,1592 1166,1595 1215,1598 1265,1601 1314,1604 1363,1608 1413,1611 1462,1615 1512,1617"/>
                <TextEquiv>
                    <Unicode>Pfenster Stangli das balz geschloß</Unicode>
                </TextEquiv>
            </TextLine>
            <TextLine id="r1l16" custom="readingOrder {index:15;}">
                <Coords points="766,1692 846,1691 897,1738 1007,1678 1079,1682 1108,1714 1171,1718 1245,1681 1517,1732 1521,1655 1432,1680 1386,1634 1341,1651 1244,1608 970,1653 888,1598 848,1624 772,1587"/>
                <Baseline points="774,1671 810,1671 847,1671 884,1671 921,1671 958,1673 995,1674 1032,1675 1069,1677 1106,1679 1143,1680 1179,1683 1216,1685 1253,1688 1290,1690 1327,1692 1364,1694 1401,1697 1438,1700 1475,1703 1512,1704"/>
                <TextEquiv>
                    <Unicode>vorthüren geöffnet, hernasch</Unicode>
                </TextEquiv>
            </TextLine>
            <TextLine id="r1l17" custom="readingOrder {index:16;}">
                <Coords points="572,1800 810,1766 920,1833 1436,1774 1524,1832 1525,1728 1348,1708 1178,1725 1083,1695 909,1739 858,1702 808,1723 747,1671 573,1728"/>
                <Baseline points="579,1775 625,1772 672,1770 719,1767 766,1766 813,1764 860,1764 907,1763 954,1763 1001,1764 1048,1764 1094,1766 1141,1767 1188,1767 1235,1770 1282,1772 1329,1774 1376,1776 1423,1778 1470,1781 1517,1782"/>
                <TextEquiv>
                    <Unicode>mit der langen, daß schlüßel schilte</Unicode>
                </TextEquiv>
            </TextLine>
            <TextLine id="r1l18" custom="readingOrder {index:17;}">
                <Coords points="569,1893 694,1904 881,1859 975,1912 1059,1867 1141,1909 1212,1864 1531,1879 1531,1844 1432,1773 1326,1812 1214,1788 1125,1843 964,1809 924,1837 841,1789 747,1833 569,1827"/>
                <Baseline points="576,1878 623,1874 670,1872 718,1869 765,1866 813,1865 860,1863 907,1862 955,1860 1002,1860 1050,1859 1097,1859 1144,1860 1192,1860 1239,1860 1287,1862 1334,1863 1381,1865 1429,1867 1476,1869 1524,1872"/>
                <TextEquiv>
                    <Unicode>ad gemelter thurn gelediget, daße</Unicode>
                </TextEquiv>
            </TextLine>
            <TextLine id="r1l19" custom="readingOrder {index:18;}">
                <Coords points="572,1983 736,1964 895,2001 1170,1947 1238,1983 1323,1950 1528,1990 1526,1906 1402,1875 1305,1917 1248,1887 1212,1921 1082,1875 987,1923 886,1868 811,1921 760,1886 701,1919 570,1904"/>
                <Baseline points="578,1971 625,1970 672,1970 719,1968 766,1967 813,1965 860,1963 907,1962 954,1961 1001,1959 1049,1958 1096,1956 1143,1956 1190,1955 1237,1955 1284,1954 1331,1955 1378,1955 1425,1955 1472,1956 1520,1958"/>
                <TextEquiv>
                    <Unicode>mit der hyllen, Das u sine schloß</Unicode>
                </TextEquiv>
            </TextLine>
            <TextLine id="r1l20" custom="readingOrder {index:19;}">
                <Coords points="561,2075 831,2055 880,2100 1016,2041 1537,2036 1496,1972 1451,1999 1363,1965 1323,1994 1274,1955 1171,1998 991,1982 880,2017 559,1996"/>
                <Baseline points="567,2066 615,2061 663,2056 711,2052 759,2049 807,2046 855,2045 904,2043 952,2042 1000,2040 1048,2040 1096,2039 1144,2039 1192,2039 1241,2037 1289,2037 1337,2037 1385,2037 1433,2036 1481,2036 1530,2034"/>
                <TextEquiv>
                    <Unicode>öffnen mogen und durch diß mitel</Unicode>
                </TextEquiv>
            </TextLine>
            <TextLine id="r1l21" custom="readingOrder {index:20;}">
                <Coords points="537,2170 744,2152 784,2179 858,2147 923,2182 1198,2132 1421,2179 1543,2124 1542,2080 1445,2041 1352,2090 1272,2046 1237,2074 1140,2053 1096,2094 971,2057 903,2108 824,2057 747,2105 677,2077 575,2141 535,2118"/>
                <Baseline points="543,2163 592,2157 642,2151 691,2147 741,2144 791,2141 840,2139 890,2138 940,2138 989,2138 1039,2138 1089,2138 1138,2138 1188,2138 1238,2138 1287,2138 1337,2136 1387,2135 1436,2132 1486,2128 1536,2124"/>
                <TextEquiv>
                    <Unicode>In dem junersten Usiges Thürli kone</Unicode>
                </TextEquiv>
            </TextLine>
            <TextLine id="r1l22" custom="readingOrder {index:21;} person {offset:19; length:12;}">
                <Coords points="502,2301 655,2290 708,2252 902,2242 939,2270 981,2236 1071,2264 1195,2243 1271,2295 1526,2217 1522,2138 1329,2194 1271,2145 1108,2132 967,2184 870,2150 497,2193"/>
                <Baseline points="507,2273 557,2265 608,2258 658,2250 709,2245 759,2241 810,2238 860,2237 911,2234 961,2233 1012,2232 1063,2231 1113,2231 1164,2229 1214,2229 1265,2228 1315,2226 1366,2223 1416,2220 1467,2216 1518,2210"/>
                <TextEquiv>
                    <Unicode>föliches durch des Buntz Jaggen und</Unicode>
                </TextEquiv>
            </TextLine>
            <TextLine id="r1l23" custom="readingOrder {index:22;} person {offset:4; length:6;}">
                <Coords points="528,2374 602,2350 707,2397 782,2334 863,2387 955,2324 1077,2348 1220,2318 1373,2326 1430,2372 1533,2313 1529,2218 1270,2295 1190,2243 1113,2291 1001,2243 912,2286 833,2260 797,2294 574,2288 526,2322"/>
                <Baseline points="534,2361 583,2354 633,2346 682,2340 732,2335 782,2331 831,2328 881,2325 930,2324 980,2322 1030,2322 1079,2321 1129,2321 1178,2319 1228,2319 1278,2318 1327,2316 1377,2313 1426,2311 1476,2307 1526,2303"/>
                <TextEquiv>
                    <Unicode>dem sparli mit gwalt sowyth grösen</Unicode>
                </TextEquiv>
            </TextLine>
            <TextLine id="r1l24" custom="readingOrder {index:23;}">
                <Coords points="505,2482 1079,2463 1235,2416 1334,2470 1379,2432 1417,2461 1531,2403 1527,2328 1430,2373 1203,2340 1143,2375 956,2325 851,2395 803,2354 740,2411 624,2360 500,2394"/>
                <Baseline points="510,2459 560,2453 611,2449 662,2443 712,2439 763,2435 814,2431 864,2428 915,2424 966,2422 1017,2418 1067,2416 1118,2414 1169,2412 1219,2409 1270,2408 1321,2405 1371,2403 1422,2402 1473,2400 1524,2397"/>
                <TextEquiv>
                    <Unicode>daß er sein diebische hand hinggestaltn</Unicode>
                </TextEquiv>
            </TextLine>
            <TextLine id="r1l25" custom="readingOrder {index:24;}">
                <Coords points="513,2573 615,2586 696,2532 889,2522 1026,2573 1085,2521 1216,2582 1317,2512 1463,2512 1529,2471 1526,2416 1416,2460 1378,2432 1335,2470 1232,2417 1081,2465 915,2449 827,2493 705,2453 650,2503 508,2503"/>
                <Baseline points="519,2561 569,2553 619,2546 669,2540 720,2535 770,2531 820,2526 870,2524 921,2520 971,2517 1021,2515 1071,2513 1122,2511 1172,2508 1222,2506 1272,2502 1323,2499 1373,2496 1423,2492 1473,2487 1524,2483"/>
                <TextEquiv>
                    <Unicode>und daß gelt als heruß genommen</Unicode>
                </TextEquiv>
            </TextLine>
            <TextLine id="r1l26" custom="readingOrder {index:25;}">
                <Coords points="535,2708 578,2678 620,2708 671,2657 801,2694 847,2651 1385,2630 1505,2596 1502,2553 1436,2563 1332,2517 1214,2586 1146,2536 1088,2596 999,2551 870,2585 820,2549 746,2549 694,2596 526,2582"/>
                <Baseline points="539,2670 586,2664 634,2658 682,2653 730,2648 778,2645 826,2640 874,2637 922,2635 970,2632 1018,2629 1065,2628 1113,2625 1161,2622 1209,2618 1257,2615 1305,2610 1353,2605 1401,2599 1449,2593 1497,2585"/>
                <TextEquiv>
                    <Unicode>daßelbey theils, ds seine huß, ds ein</Unicode>
                </TextEquiv>
            </TextLine>
            <TextLine id="r1l27" custom="readingOrder {index:26;}">
                <Coords points="495,2802 567,2766 629,2793 679,2754 766,2784 951,2736 996,2769 1096,2730 1268,2746 1350,2703 1429,2738 1513,2688 1509,2642 1439,2606 1408,2634 1274,2621 1240,2654 1093,2645 1038,2693 848,2651 807,2696 658,2679 618,2712 571,2682 488,2723"/>
                <Baseline points="500,2778 550,2774 600,2768 650,2762 701,2757 751,2753 801,2749 852,2744 902,2741 952,2735 1003,2732 1053,2727 1103,2724 1153,2720 1204,2716 1254,2711 1304,2708 1355,2703 1405,2699 1455,2696 1506,2691"/>
                <TextEquiv>
                    <Unicode>Kübels hoben under die ffirst der</Unicode>
                </TextEquiv>
            </TextLine>
            <TextLine id="r1l28" custom="readingOrder {index:27;}">
                <Coords points="557,2902 642,2925 693,2882 738,2916 891,2829 1137,2850 1276,2813 1317,2847 1407,2791 1522,2778 1517,2708 1443,2738 1328,2718 1231,2769 1151,2730 900,2800 739,2765 550,2834"/>
                <Baseline points="561,2867 608,2861 656,2855 704,2850 751,2844 799,2840 847,2835 894,2831 942,2827 990,2823 1038,2820 1085,2816 1133,2811 1181,2807 1228,2803 1276,2799 1324,2793 1371,2788 1419,2783 1467,2776 1515,2769"/>
                <TextEquiv>
                    <Unicode>mehre theil aber in seines votters</Unicode>
                </TextEquiv>
            </TextLine>
            <TextLine id="r1l29" custom="readingOrder {index:28;}">
                <Coords points="566,3039 980,2930 1056,2952 1434,2918 1530,2848 1522,2783 1489,2780 1442,2818 1403,2793 1350,2850 1273,2813 1157,2860 916,2831 743,2931 628,2935 550,2898"/>
                <Baseline points="566,2979 613,2969 661,2962 709,2954 757,2948 805,2942 853,2936 900,2932 948,2926 996,2923 1044,2917 1092,2913 1140,2910 1188,2904 1235,2899 1283,2894 1331,2888 1379,2881 1427,2874 1475,2865 1523,2856"/>
                <TextEquiv>
                    <Unicode>d ein gedeckte standen verborget</Unicode>
                </TextEquiv>
            </TextLine>
            <TextLine id="r1l30" custom="readingOrder {index:29;}">
                <Coords points="516,3105 753,3096 841,3040 929,3063 976,3025 1142,3080 1233,3012 1308,3035 1500,2963 1491,2879 1377,2935 1012,2941 840,2996 789,2976 752,3016 715,2986 605,3017 555,2980 504,2993"/>
                <Baseline points="522,3092 570,3082 619,3074 667,3066 716,3060 764,3055 813,3049 861,3043 910,3039 958,3035 1007,3030 1056,3026 1104,3021 1153,3016 1201,3012 1250,3006 1298,3001 1347,2994 1395,2986 1444,2979 1493,2969"/>
                <TextEquiv>
                    <Unicode>sein roth hierdurch ze stillen und</Unicode>
                </TextEquiv>
            </TextLine>
            <TextLine id="r1l31" custom="readingOrder {index:30;}">
                <Coords points="551,3210 770,3155 823,3183 860,3155 1046,3164 1123,3117 1178,3150 1331,3102 1451,3123 1440,3022 1334,3056 1250,3013 1142,3080 992,3044 864,3112 817,3076 749,3119 623,3089 541,3122"/>
                <Baseline points="555,3186 599,3178 643,3169 687,3163 732,3157 776,3150 820,3144 864,3140 909,3134 953,3129 997,3125 1041,3121 1086,3117 1130,3112 1174,3109 1218,3105 1263,3101 1307,3096 1351,3092 1395,3087 1440,3083"/>
                <TextEquiv>
                    <Unicode>schulden darmit zu besalen anges</Unicode>
                </TextEquiv>
            </TextLine>
            <TextLine id="r1l32" custom="readingOrder {index:31;}">
                <Coords points="506,3313 763,3251 857,3293 1189,3201 1370,3236 1501,3151 1488,3070 1438,3118 1374,3102 1296,3149 1146,3127 955,3185 873,3161 817,3207 748,3176 697,3214 638,3175 492,3209"/>
                <Baseline points="513,3311 562,3297 611,3285 660,3275 709,3265 758,3258 807,3249 856,3243 905,3236 954,3231 1003,3225 1052,3220 1101,3215 1150,3210 1199,3203 1248,3197 1297,3190 1346,3183 1395,3173 1444,3163 1494,3152"/>
                <TextEquiv>
                    <Unicode>Alß aber sein muter june sie gu</Unicode>
                </TextEquiv>
            </TextLine>
            <TextLine id="r1l33" custom="readingOrder {index:32;}">
                <Coords points="531,3440 690,3372 771,3390 861,3334 1178,3347 1437,3253 1483,3271 1474,3205 1243,3240 1189,3202 1112,3255 1050,3231 898,3297 769,3251 690,3297 515,3319"/>
                <Baseline points="531,3390 578,3380 625,3371 672,3362 719,3355 766,3348 813,3341 860,3334 907,3329 954,3324 1002,3318 1049,3313 1096,3307 1143,3302 1190,3296 1237,3290 1284,3284 1331,3277 1378,3270 1425,3262 1473,3252"/>
                <TextEquiv>
                    <Unicode>zum offteren maln befragt, wo</Unicode>
                </TextEquiv>
            </TextLine>
            <TextLine id="r1l34" custom="readingOrder {index:33;}">
                <Coords points="523,3484 696,3446 844,3486 1126,3414 1222,3425 1510,3329 1501,3263 1306,3291 1258,3343 1207,3313 1148,3357 1082,3331 909,3386 645,3384 599,3433 516,3433"/>
                <Baseline points="528,3468 576,3462 625,3454 674,3448 722,3442 771,3436 820,3431 868,3425 917,3420 966,3414 1015,3408 1063,3402 1112,3396 1161,3389 1209,3382 1258,3374 1307,3365 1355,3356 1404,3345 1453,3334 1502,3323"/>
                <TextEquiv>
                    <Unicode>amtel genamen unnt bekommen</Unicode>
                </TextEquiv>
            </TextLine>
            <TextEquiv>
                <Unicode>1649.
eines vorhabens, erschoüwet aber
damalen ungeschäffet hemmbgezogen
ein Pfenster Stengli genamt daselbin
gekeimet und hieb zu dinstliche
macht, mit wtlichem hr sant
Instrumenten, als zangen,
Buntchaggen fyles und einem spleli
uff Letst verschinen Marten maris
ungefahr getto stundt vor tag, sich
widerumb Lüszig und allein und an
demandts wüßen und vermerken
dahin verfügt und erstliches mitden
erumpten und hierzu geschmideten
Pfenster Stangli das balz geschloß
vorthüren geöffnet, hernasch
mit der langen, daß schlüßel schilte
ad gemelter thurn gelediget, daße
mit der hyllen, Das u sine schloß
öffnen mogen und durch diß mitel
In dem junersten Usiges Thürli kone
föliches durch des Buntz Jaggen und
dem sparli mit gwalt sowyth grösen
daß er sein diebische hand hinggestaltn
und daß gelt als heruß genommen
daßelbey theils, ds seine huß, ds ein
Kübels hoben under die ffirst der
mehre theil aber in seines votters
d ein gedeckte standen verborget
sein roth hierdurch ze stillen und
schulden darmit zu besalen anges
Alß aber sein muter june sie gu
zum offteren maln befragt, wo
amtel genamen unnt bekommen</Unicode>
            </TextEquiv>
        </TextRegion>
        <TextRegion orientation="0.0" id="r2" custom="readingOrder {index:1;}">
            <Coords points="1617,192 1617,3352 2792,3352 2792,192"/>
            <TextLine id="r2l1" custom="readingOrder {index:0;}">
                <Coords points="2642,252 2652,251 2693,264 2705,257 2713,260 2731,256 2738,248 2759,247 2755,194 2744,198 2716,186 2687,203 2662,192 2658,197 2639,201"/>
                <Baseline points="2649,243 2674,241 2700,239 2725,237 2751,237"/>
                <TextEquiv>
                    <Unicode>22</Unicode>
                </TextEquiv>
            </TextLine>
            <TextLine id="r2l2" custom="readingOrder {index:1;}">
                <Coords points="1979,390 2018,387 2062,364 2085,378 2111,372 2130,379 2199,336 2191,283 2161,287 2127,307 2061,277 2030,305 2009,314 2000,308 1969,328"/>
                <Baseline points="1982,365 2008,360 2034,356 2060,351 2087,346 2113,342 2139,338 2165,336 2192,335"/>
                <TextEquiv>
                    <Unicode>1649</Unicode>
                </TextEquiv>
            </TextLine>
            <TextLine id="r2l3" custom="readingOrder {index:2;}">
                <Coords points="1709,560 1869,501 1897,520 1960,472 2042,494 2159,435 2664,407 2710,387 2702,331 2558,315 2473,374 2344,320 2264,386 2173,361 2099,418 1794,414 1697,477"/>
                <Baseline points="1713,540 1762,525 1812,511 1861,499 1911,485 1960,475 2010,465 2059,455 2109,445 2158,438 2208,431 2257,424 2307,417 2356,413 2406,407 2455,402 2505,399 2554,395 2604,391 2653,388 2703,386"/>
                <TextEquiv>
                    <Unicode>habe er jrez geantwortet nach dem</Unicode>
                </TextEquiv>
            </TextLine>
            <TextLine id="r2l4" custom="readingOrder {index:3;}">
                <Coords points="1719,627 1856,622 1910,565 2112,519 2178,546 2230,506 2278,530 2617,461 2682,508 2755,451 2742,364 2470,443 2425,417 2259,467 2190,436 2039,499 1960,473 1709,563"/>
                <Baseline points="1725,617 1776,598 1827,583 1878,568 1929,555 1980,543 2031,534 2082,524 2133,517 2184,511 2236,504 2287,498 2338,493 2389,488 2440,483 2491,478 2542,472 2593,466 2644,459 2695,452 2747,443"/>
                <TextEquiv>
                    <Unicode>e vermerkt, das er sein gesepte lächen zu</Unicode>
                </TextEquiv>
            </TextLine>
            <TextLine id="r2l5" custom="readingOrder {index:4;}">
                <Coords points="1720,702 1844,654 1894,673 1969,616 2163,643 2645,535 2770,582 2804,567 2789,457 2682,507 2621,461 2520,479 2455,535 2386,505 2015,544 1855,623 1709,625"/>
                <Baseline points="1725,683 1778,667 1831,653 1884,640 1937,630 1991,620 2044,612 2097,605 2150,598 2203,591 2257,585 2310,580 2363,574 2416,569 2469,562 2523,556 2576,549 2629,541 2682,533 2735,523 2789,513"/>
                <TextEquiv>
                    <Unicode>vilbringen abtretten künste, dieserlichen</Unicode>
                </TextEquiv>
            </TextLine>
            <TextLine id="r2l6" custom="readingOrder {index:5;}">
                <Coords points="1677,778 1892,710 1990,753 2120,687 2472,678 2514,638 2626,652 2799,597 2644,537 2472,611 2309,587 2247,641 2057,611 1671,732"/>
                <Baseline points="1683,771 1738,754 1793,741 1849,727 1904,716 1960,706 2015,698 2071,690 2126,683 2182,677 2237,670 2292,664 2348,659 2403,652 2459,646 2514,639 2570,631 2625,623 2681,613 2736,604 2792,591"/>
                <TextEquiv>
                    <Unicode>hinßeo uffgeschlagen, sölich gelt pfefr gar</Unicode>
                </TextEquiv>
            </TextLine>
            <TextLine id="r2l7" custom="readingOrder {index:6;} person {offset:0; length:8;}">
                <Coords points="1686,860 1788,876 1835,821 2026,815 2153,760 2296,753 2362,794 2467,744 2566,773 2645,705 2733,710 2720,609 2641,649 2543,639 2443,718 2296,676 2229,716 2125,691 1992,755 1946,724 1783,740 1677,792"/>
                <Baseline points="1691,843 1742,830 1794,818 1845,808 1897,798 1949,791 2000,783 2052,777 2103,771 2155,766 2207,760 2258,756 2310,751 2361,745 2413,740 2465,734 2516,728 2568,719 2619,710 2671,699 2723,689"/>
                <TextEquiv>
                    <Unicode>Wolfende woth erwart habe, hiesint</Unicode>
                </TextEquiv>
            </TextLine>
            <TextLine id="r2l8" custom="readingOrder {index:7;}">
                <Coords points="1719,936 1861,885 1945,909 1982,875 2025,901 2075,863 2310,872 2676,808 2713,795 2702,704 2520,785 2208,764 2156,812 1964,845 1905,804 1714,889"/>
                <Baseline points="1724,920 1773,907 1822,896 1871,886 1920,878 1969,869 2018,863 2067,858 2116,852 2165,848 2214,843 2263,840 2312,836 2361,832 2410,828 2459,823 2508,818 2557,812 2606,805 2655,798 2705,789"/>
                <TextEquiv>
                    <Unicode>einen begangnen diebstal verdeket</Unicode>
                </TextEquiv>
            </TextLine>
            <TextLine id="r2l9" custom="readingOrder {index:8;}">
                <Coords points="1701,1038 2122,938 2190,980 2245,940 2344,979 2588,905 2786,951 2770,789 2645,843 2348,861 2302,902 2243,858 2072,865 1691,944"/>
                <Baseline points="1706,1017 1759,1002 1812,990 1866,978 1919,968 1973,959 2026,950 2079,944 2133,937 2186,932 2240,927 2293,923 2346,919 2400,915 2453,911 2507,909 2560,905 2613,900 2667,896 2720,892 2774,887"/>
                <TextEquiv>
                    <Unicode>behalten, unzit uf vese shinen zerenhiggen</Unicode>
                </TextEquiv>
            </TextLine>
            <TextLine id="r2l10" custom="readingOrder {index:9;}">
                <Coords points="1702,1124 1776,1128 1948,1043 2181,1056 2249,1016 2333,1041 2365,1012 2737,1001 2729,911 2641,939 2586,909 2517,953 2486,928 2438,982 2270,959 2192,997 2126,950 2072,982 1982,959 1923,1010 1837,990 1756,1058 1694,1037"/>
                <Baseline points="1706,1097 1757,1083 1808,1072 1859,1061 1910,1052 1961,1044 2012,1038 2064,1032 2115,1027 2166,1022 2217,1019 2268,1016 2319,1013 2370,1010 2422,1007 2473,1004 2524,1001 2575,997 2626,993 2677,988 2729,981"/>
                <TextEquiv>
                    <Unicode>tag märit, dda er sich mit wys</Unicode>
                </TextEquiv>
            </TextLine>
            <TextLine id="r2l11" custom="readingOrder {index:10;}">
                <Coords points="1684,1190 2155,1107 2268,1163 2334,1111 2612,1128 2645,1090 2744,1085 2736,1001 2659,988 2398,1014 2300,1073 2242,1036 2164,1069 2034,1041 1832,1081 1773,1134 1679,1125"/>
                <Baseline points="1691,1179 1743,1166 1795,1156 1847,1146 1899,1137 1952,1130 2004,1123 2056,1118 2108,1115 2160,1110 2213,1107 2265,1104 2317,1101 2369,1098 2421,1095 2474,1093 2526,1090 2578,1086 2630,1081 2682,1076 2735,1070"/>
                <TextEquiv>
                    <Unicode>wolbeladen und volgentssich uf den</Unicode>
                </TextEquiv>
            </TextLine>
            <TextLine id="r2l12" custom="readingOrder {index:11;}">
                <Coords points="1665,1292 1891,1230 1933,1264 2006,1227 2066,1255 2109,1209 2181,1236 2231,1205 2584,1206 2710,1178 2706,1131 2626,1142 2556,1101 2466,1148 2266,1165 2155,1107 1966,1139 1883,1193 1830,1161 1658,1211"/>
                <Baseline points="1671,1280 1722,1264 1774,1249 1825,1239 1877,1228 1928,1221 1980,1215 2031,1210 2083,1206 2134,1204 2186,1202 2238,1200 2289,1197 2341,1196 2392,1194 2444,1193 2495,1190 2547,1187 2598,1182 2650,1176 2702,1169"/>
                <TextEquiv>
                    <Unicode>heimbweg begeben wollen, sye er</Unicode>
                </TextEquiv>
            </TextLine>
            <TextLine id="r2l13" custom="readingOrder {index:12;}">
                <Coords points="1658,1407 1957,1309 2137,1362 2246,1298 2585,1307 2728,1264 2724,1213 2387,1196 2235,1251 2132,1212 2067,1255 2012,1226 1937,1264 1805,1249 1651,1323"/>
                <Baseline points="1661,1368 1716,1354 1772,1341 1828,1330 1883,1322 1939,1315 1995,1309 2051,1303 2106,1299 2162,1296 2218,1293 2274,1292 2329,1290 2385,1287 2441,1285 2497,1283 2552,1278 2608,1274 2664,1269 2720,1262"/>
                <TextEquiv>
                    <Unicode>zwyffels Nb zu enterk und offen</Unicode>
                </TextEquiv>
            </TextLine>
            <TextLine id="r2l14" custom="readingOrder {index:13;}">
                <Coords points="1647,1473 1777,1422 1853,1456 1917,1409 2135,1432 2393,1373 2489,1381 2557,1438 2705,1392 2701,1327 2537,1327 2453,1284 2362,1351 2249,1311 2133,1362 2010,1308 1821,1393 1727,1359 1644,1424"/>
                <Baseline points="1652,1445 1704,1436 1756,1428 1808,1421 1860,1415 1913,1409 1965,1404 2017,1401 2069,1397 2121,1393 2174,1391 2226,1388 2278,1386 2330,1383 2382,1381 2435,1379 2487,1376 2539,1374 2591,1371 2643,1368 2696,1364"/>
                <TextEquiv>
                    <Unicode>borung uß sonderbarer fürsechung</Unicode>
                </TextEquiv>
            </TextLine>
            <TextLine id="r2l15" custom="readingOrder {index:14;}">
                <Coords points="1656,1561 1911,1515 2065,1539 2140,1487 2356,1538 2458,1503 2580,1559 2672,1477 2743,1488 2738,1374 2533,1446 2380,1388 2289,1430 2204,1395 2076,1455 2013,1415 1863,1468 1652,1473"/>
                <Baseline points="1662,1536 1715,1527 1769,1519 1822,1514 1876,1508 1930,1503 1983,1500 2037,1496 2091,1493 2144,1491 2198,1490 2252,1488 2305,1487 2359,1485 2413,1485 2466,1484 2520,1482 2574,1481 2627,1479 2681,1476 2735,1475"/>
                <TextEquiv>
                    <Unicode>gottes wregen sölicher ebten shänt.</Unicode>
                </TextEquiv>
            </TextLine>
            <TextLine id="r2l16" custom="readingOrder {index:15;}">
                <Coords points="1700,1622 1949,1595 2164,1624 2465,1568 2577,1612 2753,1597 2776,1517 2711,1485 2575,1554 2457,1502 2369,1540 2236,1499 2187,1536 2108,1507 2044,1569 1893,1519 1698,1553"/>
                <Baseline points="1707,1616 1760,1609 1813,1604 1866,1600 1919,1596 1973,1593 2026,1590 2079,1587 2132,1585 2185,1583 2239,1583 2292,1581 2345,1580 2398,1580 2451,1580 2505,1580 2558,1580 2611,1581 2664,1581 2717,1581 2771,1583"/>
                <TextEquiv>
                    <Unicode>liches that by dem underen vorschaupt,</Unicode>
                </TextEquiv>
            </TextLine>
            <TextLine id="r2l17" custom="readingOrder {index:16;}">
                <Coords points="1662,1738 1771,1714 1815,1742 1865,1693 2109,1697 2160,1739 2226,1683 2356,1731 2398,1696 2758,1699 2756,1638 2656,1584 2578,1615 2464,1570 2362,1638 2289,1609 2247,1643 2058,1637 1967,1596 1857,1669 1818,1631 1660,1660"/>
                <Baseline points="1668,1718 1722,1709 1776,1702 1830,1696 1884,1690 1938,1687 1992,1683 2046,1681 2100,1679 2154,1677 2209,1677 2263,1676 2317,1676 2371,1676 2425,1677 2479,1677 2533,1677 2587,1679 2641,1679 2695,1679 2750,1679"/>
                <TextEquiv>
                    <Unicode>ligen Ich der Statt graben hin abgefallen,</Unicode>
                </TextEquiv>
            </TextLine>
            <TextLine id="r2l18" custom="readingOrder {index:17;}">
                <Coords points="1644,1829 2059,1773 2305,1817 2506,1786 2571,1842 2630,1784 2716,1781 2679,1734 2548,1752 2399,1696 2354,1732 2250,1688 2162,1738 1990,1696 1871,1754 1771,1714 1642,1736"/>
                <Baseline points="1650,1806 1702,1800 1755,1795 1808,1790 1861,1787 1914,1784 1967,1781 2020,1779 2073,1779 2126,1778 2179,1778 2231,1778 2284,1778 2337,1778 2390,1778 2443,1779 2496,1779 2549,1779 2602,1779 2655,1778 2708,1778"/>
                <TextEquiv>
                    <Unicode>Nachdem, aber er durch die syniges</Unicode>
                </TextEquiv>
            </TextLine>
            <TextLine id="r2l19" custom="readingOrder {index:18;}">
                <Coords points="1679,1891 1796,1912 2121,1863 2250,1901 2444,1882 2513,1921 2570,1878 2731,1878 2730,1777 2630,1784 2571,1841 2522,1793 2442,1786 2356,1841 2283,1809 2134,1831 2043,1782 1820,1852 1730,1814 1678,1833"/>
                <Baseline points="1686,1884 1737,1878 1789,1874 1841,1870 1893,1868 1945,1866 1997,1865 2049,1865 2101,1865 2153,1865 2205,1865 2256,1866 2308,1866 2360,1866 2412,1868 2464,1866 2516,1866 2568,1865 2620,1863 2672,1860 2724,1857"/>
                <TextEquiv>
                    <Unicode>uff einem pferdt nacher huß gefürt</Unicode>
                </TextEquiv>
            </TextLine>
            <TextLine id="r2l20" custom="readingOrder {index:19;}">
                <Coords points="1685,1979 1822,1987 1859,1953 1956,1999 2179,1968 2347,2004 2706,1972 2718,1926 2621,1871 2511,1917 2443,1881 2280,1920 1997,1867 1940,1905 1898,1872 1813,1927 1684,1924"/>
                <Baseline points="1692,1965 1745,1963 1799,1962 1852,1961 1906,1959 1960,1959 2013,1959 2067,1958 2121,1958 2174,1958 2228,1958 2281,1958 2335,1958 2389,1958 2442,1956 2496,1956 2550,1956 2603,1955 2657,1953 2711,1952"/>
                <TextEquiv>
                    <Unicode>worden. abe innelheitl uuster</Unicode>
                </TextEquiv>
            </TextLine>
            <TextLine id="r2l21" custom="readingOrder {index:20;}">
                <Coords points="1694,2069 2253,2058 2413,2107 2471,2062 2608,2095 2728,2054 2727,1995 2690,2012 2637,1974 2447,2017 2388,1980 2294,2025 2179,1968 2014,2031 1891,2037 1774,1982 1693,2004"/>
                <Baseline points="1701,2058 1754,2056 1808,2054 1861,2054 1915,2054 1969,2054 2022,2054 2076,2054 2130,2055 2183,2055 2237,2057 2290,2057 2344,2057 2398,2057 2451,2055 2505,2054 2559,2052 2612,2049 2666,2045 2720,2040"/>
                <TextEquiv>
                    <Unicode>ersucht, einen seckel mit gelt by eina</Unicode>
                </TextEquiv>
            </TextLine>
            <TextLine id="r2l22" custom="readingOrder {index:21;}">
                <Coords points="1688,2195 1783,2151 1876,2209 2033,2147 2116,2195 2184,2152 2503,2165 2672,2143 2672,2084 2475,2124 2307,2082 2189,2121 2043,2072 1687,2096"/>
                <Baseline points="1694,2153 1742,2149 1791,2145 1839,2144 1888,2142 1937,2141 1985,2141 2034,2141 2082,2142 2131,2144 2180,2144 2228,2145 2277,2147 2325,2147 2374,2147 2423,2146 2471,2145 2520,2142 2568,2140 2617,2136 2666,2130"/>
                <TextEquiv>
                    <Unicode>gefunden unnd zum anderen mal</Unicode>
                </TextEquiv>
            </TextLine>
            <TextLine id="r2l23" custom="readingOrder {index:22;}">
                <Coords points="1682,2268 1793,2273 1853,2235 1951,2278 2015,2260 2057,2301 2131,2239 2555,2226 2634,2264 2736,2236 2735,2200 2663,2180 2257,2150 2118,2198 2065,2159 1966,2164 1849,2220 1763,2164 1681,2216"/>
                <Baseline points="1688,2238 1740,2238 1792,2238 1844,2238 1896,2238 1948,2237 2000,2235 2052,2234 2104,2233 2156,2232 2208,2230 2260,2229 2312,2228 2364,2226 2416,2226 2468,2226 2520,2225 2572,2226 2624,2226 2676,2228 2729,2231"/>
                <TextEquiv>
                    <Unicode>zn ihme gespruchen und nüt namenge</Unicode>
                </TextEquiv>
            </TextLine>
            <TextLine id="r2l24" custom="readingOrder {index:23;}">
                <Coords points="1628,2346 1943,2367 2125,2316 2706,2337 2705,2286 2597,2239 2415,2286 2311,2244 2214,2299 1980,2294 1835,2241 1742,2290 1627,2274"/>
                <Baseline points="1634,2319 1687,2321 1740,2321 1793,2321 1847,2321 1900,2322 1953,2322 2006,2322 2060,2321 2113,2321 2166,2321 2219,2321 2273,2320 2326,2319 2379,2319 2432,2318 2486,2318 2539,2316 2592,2316 2645,2315 2699,2315"/>
                <TextEquiv>
                    <Unicode>ramseten, as er mit rechten sachen</Unicode>
                </TextEquiv>
            </TextLine>
            <TextLine id="r2l25" custom="readingOrder {index:24;}">
                <Coords points="1682,2427 1859,2426 1904,2460 1955,2411 2241,2410 2309,2472 2389,2424 2520,2471 2606,2402 2697,2410 2697,2374 2590,2314 2185,2377 2103,2334 1980,2375 1681,2363"/>
                <Baseline points="1688,2403 1738,2405 1788,2405 1838,2406 1888,2408 1938,2408 1988,2408 2038,2408 2088,2408 2138,2408 2189,2408 2239,2407 2289,2406 2339,2406 2389,2405 2439,2404 2489,2403 2539,2402 2589,2402 2639,2400 2690,2399"/>
                <TextEquiv>
                    <Unicode>embgangen. Er wol zu stod fallen</Unicode>
                </TextEquiv>
            </TextLine>
            <TextLine id="r2l26" custom="readingOrder {index:25;}">
                <Coords points="1687,2556 1839,2562 1880,2532 1912,2562 2006,2522 2064,2568 2149,2509 2281,2530 2492,2500 2562,2543 2686,2505 2684,2410 2583,2418 2519,2472 2371,2443 2311,2485 2246,2423 2172,2473 2100,2436 1991,2473 1935,2429 1882,2478 1684,2425"/>
                <Baseline points="1692,2508 1741,2508 1790,2508 1840,2507 1889,2507 1938,2507 1988,2507 2037,2506 2086,2505 2136,2505 2185,2504 2234,2504 2284,2502 2333,2501 2382,2499 2432,2498 2481,2495 2530,2493 2580,2490 2629,2487 2679,2484"/>
                <TextEquiv>
                    <Unicode>sollen Ires hienebet alles verzelt</Unicode>
                </TextEquiv>
            </TextLine>
            <TextLine id="r2l27" custom="readingOrder {index:26;}">
                <Coords points="1669,2613 1869,2623 1925,2666 2070,2614 2285,2618 2340,2662 2399,2619 2498,2659 2576,2610 2689,2614 2688,2546 2539,2532 2412,2566 2362,2518 2299,2544 2170,2513 2065,2571 2030,2537 1668,2553"/>
                <Baseline points="1676,2597 1726,2600 1776,2601 1826,2601 1877,2601 1927,2601 1977,2601 2028,2601 2078,2600 2128,2598 2179,2597 2229,2595 2279,2594 2329,2592 2380,2591 2430,2589 2480,2588 2531,2587 2581,2586 2631,2586 2682,2586"/>
                <TextEquiv>
                    <Unicode>vnd angehaltten, söliches zeuerschwygen</Unicode>
                </TextEquiv>
            </TextLine>
            <TextLine id="r2l28" custom="readingOrder {index:27;}">
                <Coords points="1616,2728 2041,2697 2288,2739 2358,2698 2688,2683 2687,2650 2583,2610 2500,2659 2402,2620 2343,2667 2291,2621 2166,2643 2133,2613 1966,2629 1895,2678 1669,2609 1614,2649"/>
                <Baseline points="1622,2700 1677,2699 1733,2697 1789,2697 1844,2696 1900,2696 1956,2694 2012,2694 2067,2693 2123,2693 2179,2691 2235,2690 2290,2690 2346,2688 2402,2687 2458,2684 2513,2682 2569,2679 2625,2677 2681,2673"/>
                <TextEquiv>
                    <Unicode>daß vberblibne geltwyler ver¬</Unicode>
                </TextEquiv>
            </TextLine>
            <TextLine id="r2l29" custom="readingOrder {index:28;}">
                <Coords points="1676,2805 1946,2848 2012,2801 2130,2822 2446,2783 2479,2809 2629,2775 2704,2817 2713,2693 2537,2683 2409,2756 2310,2726 2220,2757 2138,2710 2026,2745 1931,2710 1674,2735"/>
                <Baseline points="1682,2781 1733,2784 1784,2786 1835,2787 1887,2789 1938,2789 1989,2789 2041,2789 2092,2789 2143,2789 2195,2787 2246,2786 2297,2784 2348,2783 2400,2780 2451,2778 2502,2776 2554,2774 2605,2771 2656,2767 2708,2763"/>
                <TextEquiv>
                    <Unicode>einte zusterfben) nach sein em tödtlichen</Unicode>
                </TextEquiv>
            </TextLine>
            <TextLine id="r2l30" custom="readingOrder {index:29;}">
                <Coords points="1669,2937 1744,2944 1809,2890 1975,2914 2021,2889 2074,2928 2203,2879 2407,2869 2498,2910 2613,2856 2690,2874 2688,2799 2480,2813 2439,2782 2093,2834 1994,2804 1890,2862 1825,2818 1665,2811"/>
                <Baseline points="1674,2879 1724,2880 1774,2881 1825,2882 1875,2882 1926,2882 1976,2882 2026,2880 2077,2879 2127,2877 2178,2876 2228,2874 2278,2873 2329,2870 2379,2868 2430,2865 2480,2862 2530,2860 2581,2858 2631,2856 2682,2853"/>
                <TextEquiv>
                    <Unicode>hiusheitt ac sein gebürend art zu desto</Unicode>
                </TextEquiv>
            </TextLine>
            <TextLine id="r2l31" custom="readingOrder {index:30;}">
                <Coords points="1664,3000 1998,3000 2111,2966 2206,2990 2376,2955 2435,2992 2472,2960 2688,2955 2686,2900 2609,2869 2498,2910 2457,2875 2365,2926 2264,2888 2070,2929 2020,2898 1819,2896 1744,2945 1662,2940"/>
                <Baseline points="1670,2976 1720,2976 1771,2976 1821,2976 1872,2976 1922,2976 1973,2975 2023,2973 2074,2972 2124,2970 2175,2969 2226,2967 2276,2964 2327,2963 2377,2961 2428,2958 2478,2956 2529,2954 2579,2951 2630,2948 2681,2946"/>
                <TextEquiv>
                    <Unicode>munderem nnachtheil seiner hr seelen</Unicode>
                </TextEquiv>
            </TextLine>
            <TextLine id="r2l32" custom="readingOrder {index:31;}">
                <Coords points="1630,3091 1945,3054 2045,3121 2133,3066 2243,3099 2397,3039 2574,3091 2655,3034 2711,3059 2707,2972 2601,2996 2532,2960 2382,3002 2233,2962 1941,3016 1627,3013"/>
                <Baseline points="1637,3077 1690,3075 1743,3073 1796,3070 1850,3068 1903,3066 1956,3063 2009,3062 2063,3060 2116,3057 2169,3056 2222,3053 2276,3051 2329,3049 2382,3047 2435,3045 2489,3042 2542,3041 2595,3038 2648,3036 2702,3033"/>
                <TextEquiv>
                    <Unicode>Heyl und seligkeit zuuerschaffen ganz</Unicode>
                </TextEquiv>
            </TextLine>
            <TextLine id="r2l33" custom="readingOrder {index:32;}">
                <Coords points="1707,3186 1920,3184 1974,3218 2154,3150 2187,3179 2273,3144 2338,3173 2420,3125 2541,3160 2578,3123 2671,3116 2668,3061 2575,3091 2520,3049 2466,3074 2402,3038 2035,3123 1863,3084 1804,3129 1745,3074 1703,3099"/>
                <Baseline points="1712,3153 1759,3155 1807,3155 1854,3155 1902,3155 1949,3153 1997,3152 2044,3151 2092,3149 2139,3146 2187,3144 2235,3141 2282,3139 2330,3137 2377,3132 2425,3130 2472,3127 2520,3123 2567,3120 2615,3116 2663,3113"/>
                <TextEquiv>
                    <Unicode>er trungenlich gebäten, weliches</Unicode>
                </TextEquiv>
            </TextLine>
            <TextLine id="r2l34" custom="readingOrder {index:33;}">
                <Coords points="1667,3260 2000,3289 2087,3242 2209,3294 2267,3236 2309,3259 2364,3222 2606,3212 2692,3257 2685,3139 2625,3158 2579,3125 2530,3168 2441,3144 2359,3190 2265,3158 1974,3218 1925,3184 1664,3213"/>
                <Baseline points="1673,3243 1723,3245 1773,3246 1824,3246 1874,3246 1925,3244 1975,3243 2025,3241 2076,3239 2126,3236 2177,3233 2227,3229 2277,3226 2328,3222 2378,3218 2429,3213 2479,3209 2529,3204 2580,3200 2630,3194 2681,3189"/>
                <TextEquiv>
                    <Unicode>er schod schiengr auch zu thun understand</Unicode>
                </TextEquiv>
            </TextLine>
            <TextLine id="r2l35" custom="readingOrder {index:34;}">
                <Coords points="1610,3343 1666,3329 1770,3393 1829,3337 1911,3325 2033,3330 2104,3379 2266,3310 2406,3335 2482,3296 2542,3335 2643,3275 2641,3227 2363,3224 2302,3266 2266,3237 2212,3292 2146,3257 2089,3298 1606,3261"/>
                <Baseline points="1617,3333 1670,3330 1724,3328 1777,3326 1831,3324 1885,3323 1938,3321 1992,3320 2046,3318 2099,3317 2153,3314 2206,3312 2260,3311 2314,3306 2367,3303 2421,3298 2475,3293 2528,3286 2582,3280 2636,3272"/>
                <TextEquiv>
                    <Unicode>und In willens ghan falben jedoth</Unicode>
                </TextEquiv>
            </TextLine>
            <TextEquiv>
                <Unicode>22
1649
habe er jrez geantwortet nach dem
e vermerkt, das er sein gesepte lächen zu
vilbringen abtretten künste, dieserlichen
hinßeo uffgeschlagen, sölich gelt pfefr gar
Wolfende woth erwart habe, hiesint
einen begangnen diebstal verdeket
behalten, unzit uf vese shinen zerenhiggen
tag märit, dda er sich mit wys
wolbeladen und volgentssich uf den
heimbweg begeben wollen, sye er
zwyffels Nb zu enterk und offen
borung uß sonderbarer fürsechung
gottes wregen sölicher ebten shänt.
liches that by dem underen vorschaupt,
ligen Ich der Statt graben hin abgefallen,
Nachdem, aber er durch die syniges
uff einem pferdt nacher huß gefürt
worden. abe innelheitl uuster
ersucht, einen seckel mit gelt by eina
gefunden unnd zum anderen mal
zn ihme gespruchen und nüt namenge
ramseten, as er mit rechten sachen
embgangen. Er wol zu stod fallen
sollen Ires hienebet alles verzelt
vnd angehaltten, söliches zeuerschwygen
daß vberblibne geltwyler ver¬
einte zusterfben) nach sein em tödtlichen
hiusheitt ac sein gebürend art zu desto
munderem nnachtheil seiner hr seelen
Heyl und seligkeit zuuerschaffen ganz
er trungenlich gebäten, weliches
er schod schiengr auch zu thun understand
und In willens ghan falben jedoth</Unicode>
            </TextEquiv>
        </TextRegion>
    </Page>
</PcGts>
