3024 4032
952 144 1218 288 1649.
637 220 1601 528 den tir erlien
652 315 1570 576 söliches dem wirt fu Ruderswel
608 381 1569 656 Dauon ur zu semen thel 1h lh 1
644 482 1581 766 dertihent ehen
640 613 1582 831 26sohmidt yses gknamnen und enteent
651 681 1580 897 soliches hernach dem scheind zu Hintel
660 763 1604 996 banchh, das bfund e st leüge  kust
632 906 1593 1169 Undr er von Rugsauwn habend sy beit.
626 1045 1598 1233 zuscreyen und erelidenlichen galen, wi
593 1116 1587 1324 Stub ysenzüg, als Kettmnes Nagel und
645 1198 1577 1379 andern dergleichen mehr, vermithen
625 1298 1593 1467 wliches alles, one daß was sy spasten
602 1372 1578 1556 verkaufft by uns far einemheentfer
642 1452 1574 1632 wroßet und söliches durch seines gestag
638 1551 1592 1706 nacher Ranfli geschaffet worden und
632 1622 1583 1798 vom pfundt 3 Jerützer erlösten
612 1702 1246 1833 und hiemit 32tz erlösten.
604 1797 1558 1973 So habe er einzig zu Mötschwyl auch
629 1907 1564 2063 etwas ysenst entzwrackt und selbiges
621 1993 1182 2141 umb 20 b verkauft.
591 2124 1582 2301 zu Hub und im krauhthal jederen i
617 2244 1578 2364 und eins und zu Watschwyl zeysi
625 2315 1571 2453 habe er entflambdet, Vnd selbige den
592 2397 1549 2578 Schmidt zu Fraufthel Haßli Gkauft
564 2550 1561 2749 em h vogt iu Förberg habe er sich de
569 2639 1564 2840 Schneeg ein setti entragen selbige auch
571 2742 1555 2912 Dem schmid zu Haßli das pfindt et 3f
603 2857 876 2978 klust
553 2924 1566 3148 Dene mit halt seines gesoanen des witts
578 3025 1548 3276 Hoberbut gs zu Bursdarf Gesey bed
587 3108 1553 3358 genamen und selbige Ich feln deß wi
589 3234 1111 3445 huß getragen,
1986 246 2264 344 1649.
1750 369 2774 562 ferners mit hilf hievorgedachten im
1729 447 2781 642 horst wonenden Hanses seines gselleß
1755 504 2797 691 habes er umb mitnacht zu csterfnfundigen
1752 598 2223 747 ein schaf gennen
1693 716 2789 922 Deßgleichen ouch zu Bumplih, vnderzwep
1778 829 2808 948 mal alwegen jeder ein schaaf genamß
1744 891 2794 1029 und weggefüet, darunder eis dem ju
1726 968 2296 1124 daselbstlgehert habe.
1681 1129 2811 1271 Demnach solye er einzis nacher rüfmacht
1750 1213 2790 1362 gangen und daselbsten ub einer schünfz
1696 1280 2470 1456 Zwer schaf entfrankdtten
1737 1435 2790 1601 Du eißwyl by der Müli habe er auch ein
1741 1544 2520 1687 Schafgenamen, vnd entragen,
1708 1702 2815 1867 Dne abermaler zu Warb zwey und hennach
1745 1808 2788 1948 mit hilf farstre Hanses zu Allmendingen
1747 1870 2560 2026 auch ihrer schaf entfrämbdeten
1742 2067 2775 2217 So habe er sich leider auch mit volgend
1738 2168 2770 2301 ernen ß unluterkeit und Hurey ver
1744 2250 2492 2375 tragt und versundiget
1696 2365 2736 2515 Die erste nambse sich Barbli, so ein land
1719 2475 2705 2604 herumb züchen und sich vilzeits zm Boll
1721 2549 2739 2647 uid leße, habe Brunkhar sye ungfar
1729 2610 2730 2739 10 jar alt und zu Ellenberg ob Lühel.
1718 2698 2089 2828 Fludahammb,
1728 2801 2753 2946 Die andere Barbli sonst Hirinwürstlignn
1727 2894 2743 3018 uß der vogtey Brands die sye schwarz
1744 2972 2712 3113 bsein. Habe zuuar schon zwey unehrliche
1691 3052 2134 3184 Kinder gehebt,
2744 195 2857 281 36
