3024 4032
933 188 1236 307 1650
725 296 1652 591 Süsen lete e
702 391 1620 633 san beheidt gebet, daß haßs sun
717 481 1624 701 meldesen, anne vor eosten und schädoge
702 563 1646 755 anerhätt dansen sye auch hut minde
720 615 1639 855 un das sein lachterfuag, sein wybe
730 701 1636 920 mnales schnäder als zußerzeit, da
735 791 1641 1014 er by beß gearbeittet, der das an
748 860 1642 1117 eine ferren stäth übel epattiert gehaltn
728 939 1091 1129 wordenetc.
717 1089 1629 1272 Weß dan anlanget, das Babst der
730 1192 1623 1343 anfmerman jnni heß zumsarren
719 1249 1644 1418 yfenden spalen. Zeigter ad er könne
712 1325 1625 1492 sich nit serineren, das er den geßen
716 1407 1627 1576 gemalet zum warres angetraffen
709 1472 1607 1664 und der Gleich vorhme gestehn habe,
650 1714 1619 1838 Hans gth zeigt an, er von seiner
707 1793 1616 1918 fr schwiger ghört, sagen, das h
644 1867 1638 1989 Stagar sein spprechr so sich erklagt, das
682 1941 1641 2075 er uß dm sthulherr seckel byjo
658 2017 1621 2155 verloren habe, wär aber sölich gelte
701 2109 1636 2258 genammes, wüße sy die fr aut, allein
644 2196 1614 2353 habe man uf ein seit by nachtli
693 2293 1623 2435 Fryl hinden jahrs ins 18 ß genache.
688 2363 1637 2511 aber vnbrechen wollen, o samnt
691 2455 1626 2656 Irerlochter, so den fr von Rönistal
691 2560 1629 2768 gehept sich vssh gerüsch under dh sfe
609 2614 1629 2841 begeben, vnnd den Jhenngen, versagt
671 2762 1611 2929 aber jnne wegen dr finstern nit
684 2821 1608 3038 erkennen mögen, Jedoch Ires be¬
688 2937 1622 3149 dunkens es ei persob gsin sye.
685 3069 1434 3252 alß wie heß getroffe
631 3179 1633 3441 Hoß ist an die warth erkent worden
1685 1204 1793 1340 2
2811 288 2928 393 59.
2088 325 2392 430 1650
1873 441 2694 637 Hans Annen vndt
1982 580 2651 701 Maria Schmide von Sancz
1822 699 2893 860 die wylen derselbig mit obiger wybs
1870 792 2899 957 pfar als seiger vorigen laus ich gebracht.
1861 855 2856 1004 und gehopten tirnen, sich weder jigbe
1814 947 2922 1113 Gatz auch über beschethne warnung eit
1891 993 2939 1161 ein anderen unbefelgterwyß vrhnraten,
1849 1067 2924 1257 hettend zwar Sgdli ursach geterte, die
1868 1156 2903 1304 schedigung ergehrn zu laßen, ußbe
1873 1229 2941 1404 prächtliches ursachet aber erkent worden.
1805 1305 2911 1468 Daß 17 also ehelich by einanderen ver-
1874 1399 2934 1569 byseo magnid zur straff aber söllchen
1829 1464 2930 1597 schantliches falers und übersechens
1861 1557 2895 1704 sy beide mist dem eydt, wie shiemit
1869 1633 2869 1782 beschechen, ewig und one mnhe gnad,
1889 1730 2938 1876 vor dr gdi statt und landes verwisen
1888 1817 2863 1942 werden sollent Actum 25hb
2034 2224 2684 2459 Ster Rosenuels
1809 2540 2832 2682 chere Ist des 2. Macti von tres
1874 2637 2831 2764 begangfe, unnd mit sich befubleten
1864 2711 2893 2863 dastes Hurenfalers zwegen, was zugden
1861 2790 2822 2955 statt unnd land verwißen worden.
1866 2863 2461 3002 biß uf gnad inghr.
