3024 4032
899 162 1092 264 16
1119 213 1201 288 9.
641 283 1580 603 Aonnrelien di
736 434 1547 647 nit gewüst andegeben von Blantschi
725 487 1557 710 mann im blass pürtig irl
738 753 1495 971 Cathimna Jussvon
967 877 1150 1005 13.
664 975 1587 1190 Hiewyl disere zaro zm landlerunb
622 1105 1588 1271 Steychende stagkese hlenen Verlichesten
629 1186 1603 1359 ahmer tages zu Lagistem sy einem gisen
627 1271 1596 1423 Fürenhuß ad einem worten zum preste
644 1349 1599 1501 hinuß ein leib broth ergriffn und gfüen
607 1431 1595 1591 Daher sy als verdechtige sih zfenklich
647 1513 1589 1679 alfarr gebracht worden und hauferlich
619 1612 1578 1741 Daß gemelte Tatrina Huß by einem
649 1690 1587 1852 Gwrüßen bubes Klein hauß genat,
667 1789 1598 1919 ein unehelich kind vor 3 swez ersih
651 1883 1582 2028 aber doch gleichwol by suen mit¬
664 1971 1578 2120 anders uf sy gebracht werden mach
583 2068 1591 2199 Alßo sind sy alb ein unnüzer zulen
628 2166 1574 2333 uff ein gute censur widerumb s se
635 2254 1563 2427 hennet gewisen worden Atut
712 2501 1487 2737 Arahum Senlec.
760 2651 1510 2818 der schulmeister zu Trißwyle
650 2819 1565 3011 iser ist von seines bekantes Hurn.
648 2921 1548 3126 Pfülers weches den 93. ectebris ach dem
633 3000 1558 3249 psatz mit dem lydt von stett knnt
595 3125 1360 3323 hand verwisen worden.
2748 197 2866 281 34.
1998 253 2223 366 649.
1761 339 2705 591 ilzem Waldspurger
1784 567 2855 804 Iher ist auch gleicher gstalten den 15 pebris
1806 679 2791 849 d seiches bekantliche driten huren
1687 757 2779 940 Sfälers wegen mit dem eydt von stutt
1706 838 2502 1034 und land verwißen worde.
1773 910 2745 1085 disem Is vnhet Galle, tag Cermn
1783 1033 2213 1190 versoct worden.
1710 1367 2614 1551 Haus Jacob Schuffner
1890 1500 2259 1608 vo Brugg.
1712 1620 2796 1791 Diser ist den 20. sepembris vos seines begangnen
1711 1734 2769 1874 Hhurgnfälers wegen. Was er eden statt
1661 1802 2713 1959 und kandt lydtlich verwiset worden
1739 2108 2607 2320 aus Ausolpstuiid
1845 2230 2562 2357 Vold burger der stattder
1717 2314 2715 2464 Diewyl diser so einer vinfuchte vf die
1719 2413 2730 2557 acht kommen und Bannel Mertolf al
1720 2493 2630 2631 fürgesezter der wacht ungestumee
1710 2561 2619 2715 vmecftlich zugredt und abgeißen, ouch
1711 2633 2632 2748 dem ungebarlich �b buff alß ist
1736 2700 2658 2858 1 pnediger dorwol bienterstraff
1667 2772 2631 2930 ußgestandner bfangenschaff d mant
1709 2870 2515 3013 jer statt undage bnogered
1672 2924 2625 3088 Bises warden A  9t o
