<?xml version="1.0" encoding="UTF-8" standalone="yes"?>
<PcGts xmlns="http://schema.primaresearch.org/PAGE/gts/pagecontent/2013-07-15" xmlns:xsi="http://www.w3.org/2001/XMLSchema-instance" xsi:schemaLocation="http://schema.primaresearch.org/PAGE/gts/pagecontent/2013-07-15 http://schema.primaresearch.org/PAGE/gts/pagecontent/2013-07-15/pagecontent.xsd">
    <Metadata>
        <Creator>prov=University of Rostock/Institute of Mathematics/CITlab|PLANET AI GmbH/Gundram Leifert/gundram.leifert@planet-ai.de:name=German_Kurrent_XVI-XVIII_M1(htr_id=19584)::::v=2.6.6
prov=University of Rostock/Institute of Mathematics/CITlab|PLANET AI GmbH/Tobias Gruening/tobias.gruening@planet-ai.de:name=de.uros.citlab.module.baseline2polygon.B2PSeamMultiOriented:v=2.6.6
prov=University of Rostock/Institute of Mathematics/CITlab|PLANET AI GmbH/Tobias Gruening/tobias.gruening@planet-ai.de:name=/net_tf/LA73_249_0mod360.pb:de.uros.citlab.segmentation.CITlab_LA_ML:v=2.6.6
Transkribus</Creator>
        <Created>2020-10-05T11:30:01.794+02:00</Created>
        <LastChange>2022-09-12T14:38:37.715+02:00</LastChange>
        <TranskribusMetadata docId="1334827" pageId="52360532" pageNr="40" tsid="114642295" status="IN_PROGRESS" userId="9570" imgUrl="https://files.transkribus.eu/Get?id=PGBCSNZTJZEJGCQRYCNTXXPD&amp;fileType=view" xmlUrl="https://files.transkribus.eu/Get?id=NIFFNHSAPOCZBGEKKWYGEYXN" imageId="16042983"/>
    </Metadata>
    <Page imageFilename="IMG_7734.JPG" imageWidth="3024" imageHeight="4032">
        <ReadingOrder>
            <OrderedGroup id="ro_1687513747692" caption="Regions reading order">
                <RegionRefIndexed index="0" regionRef="r1"/>
                <RegionRefIndexed index="1" regionRef="r2"/>
                <RegionRefIndexed index="2" regionRef="r3"/>
                <RegionRefIndexed index="3" regionRef="r4"/>
            </OrderedGroup>
        </ReadingOrder>
        <TextRegion orientation="0.0" id="r1" custom="readingOrder {index:0;}">
            <Coords points="512,277 512,3406 1538,3406 1538,277"/>
            <TextLine id="r1l1" custom="readingOrder {index:0;}">
                <Coords points="910,322 929,330 994,314 1026,323 1055,353 1075,349 1090,365 1139,362 1144,292 1115,276 1076,293 1044,268 1025,271 1000,254 914,273"/>
                <Baseline points="918,318 945,320 972,320 999,323 1026,326 1053,327 1080,330 1107,331 1134,332"/>
                <TextEquiv>
                    <Unicode>1649</Unicode>
                </TextEquiv>
            </TextLine>
            <TextLine id="r1l2" custom="readingOrder {index:1;} person {offset:0; length:16;}">
                <Coords points="507,495 851,439 1210,484 1444,553 1457,414 1396,361 1263,422 1213,380 1139,404 1045,378 994,323 796,385 600,282 525,304"/>
                <Baseline points="519,437 565,435 611,435 657,435 703,435 749,437 795,438 841,440 887,444 933,446 979,451 1025,456 1071,461 1117,466 1163,473 1209,480 1255,490 1301,497 1347,508 1393,517 1439,528"/>
                <TextEquiv>
                    <Unicode>Hans Hattibergen</Unicode>
                </TextEquiv>
            </TextLine>
            <TextLine id="r1l3" custom="readingOrder {index:2;} person {offset:10; length:17;}">
                <Coords points="698,512 1179,538 1239,548 1289,603 1378,581 1417,602 1451,561 1210,485 705,444"/>
                <Baseline points="705,506 741,506 778,506 815,506 852,507 888,508 925,510 962,512 999,515 1035,517 1072,521 1109,526 1146,530 1182,536 1219,542 1256,547 1293,554 1329,562 1366,570 1403,579 1440,590"/>
                <TextEquiv>
                    <Unicode>elter und Cristina Zellerin</Unicode>
                </TextEquiv>
            </TextLine>
            <TextLine id="r1l4" custom="readingOrder {index:3;} place {offset:4; length:4;}">
                <Coords points="867,599 965,596 1004,627 1057,615 1082,641 1165,601 1200,625 1253,629 1258,558 1239,545 1142,560 1096,517 1067,538 1034,527 1001,546 872,533"/>
                <Baseline points="876,582 902,582 929,582 955,582 982,582 1008,582 1035,585 1062,586 1088,587 1115,589 1141,592 1168,596 1194,599 1221,604 1248,608"/>
                <TextEquiv>
                    <Unicode>von Warb.</Unicode>
                </TextEquiv>
            </TextLine>
            <TextLine id="r1l5" custom="readingOrder {index:4;} person {offset:29; length:6; continued:true;}">
                <Coords points="515,740 978,733 1015,773 1098,740 1527,842 1540,709 1342,726 1230,671 1071,680 953,641 838,691 734,628 627,682 522,670"/>
                <Baseline points="525,716 574,716 624,718 674,719 724,720 774,722 823,723 873,726 923,728 973,731 1023,734 1072,739 1122,743 1172,749 1222,756 1272,764 1321,774 1371,785 1421,797 1471,810 1521,825"/>
                <TextEquiv>
                    <Unicode>4. Sach dem Verschiner Jages Hanß H</Unicode>
                </TextEquiv>
            </TextLine>
            <TextLine id="r1l6" custom="readingOrder {index:5;} person {offset:0; length:6; continued:true;} person {offset:23; length:8;}">
                <Coords points="561,807 859,796 925,844 1038,814 1071,852 1124,812 1167,839 1266,824 1471,913 1527,902 1532,846 1246,763 1140,781 1063,739 986,777 907,728 696,758 568,730"/>
                <Baseline points="570,788 617,789 665,789 712,791 760,792 807,793 855,795 902,797 950,799 997,802 1045,805 1093,810 1140,815 1188,820 1235,827 1283,834 1330,842 1378,851 1425,862 1473,873 1521,887"/>
                <TextEquiv>
                    <Unicode>berger und sein ehewyb Cristing alle</Unicode>
                </TextEquiv>
            </TextLine>
            <TextLine id="r1l7" custom="readingOrder {index:6;}">
                <Coords points="566,896 689,867 986,913 1094,886 1155,946 1191,917 1225,951 1410,920 1539,989 1546,912 1329,848 1234,876 1124,811 1071,852 1038,815 978,855 743,791 573,826"/>
                <Baseline points="576,873 626,872 676,872 727,872 777,872 828,873 878,875 929,878 979,881 1030,884 1080,888 1131,893 1181,899 1232,905 1282,912 1333,920 1383,928 1434,937 1484,946 1535,957"/>
                <TextEquiv>
                    <Unicode>Jos Worb Wegen sy s großen aggen</Unicode>
                </TextEquiv>
            </TextLine>
            <TextLine id="r1l8" custom="readingOrder {index:7;}">
                <Coords points="551,973 667,941 869,983 920,955 963,989 1034,960 1122,1000 1397,1007 1535,1080 1549,1005 1445,944 1410,966 1283,922 1224,950 1190,917 1154,948 1095,886 1022,924 950,892 899,921 833,875 558,894"/>
                <Baseline points="561,948 609,948 658,948 707,949 756,950 805,951 854,953 902,955 951,958 1000,960 1049,965 1098,970 1147,974 1196,979 1244,987 1293,994 1342,1002 1391,1012 1440,1023 1489,1034 1538,1046"/>
                <TextEquiv>
                    <Unicode>und bösen verdacht. Alß soltes so sah</Unicode>
                </TextEquiv>
            </TextLine>
            <TextLine id="r1l9" custom="readingOrder {index:8;}">
                <Coords points="544,1055 740,1033 845,1088 901,1047 981,1078 1066,1051 1122,1090 1180,1056 1524,1136 1528,1076 1362,1001 1288,1031 1235,986 1156,1011 1080,969 964,991 923,958 792,1007 663,945 548,995"/>
                <Baseline points="552,1043 600,1041 648,1040 696,1040 745,1038 793,1038 841,1038 890,1040 938,1041 986,1043 1035,1045 1083,1048 1131,1052 1179,1057 1228,1063 1276,1068 1324,1076 1373,1084 1421,1093 1469,1103 1518,1115"/>
                <TextEquiv>
                    <Unicode>des seinen kurzabgeloffen sitz glich</Unicode>
                </TextEquiv>
            </TextLine>
            <TextLine id="r1l10" custom="readingOrder {index:9;} person {offset:15; length:16;}">
                <Coords points="553,1123 691,1155 743,1123 941,1120 1023,1174 1152,1131 1539,1220 1543,1164 1488,1118 1328,1068 1204,1091 1162,1059 1110,1094 1076,1062 1002,1089 889,1054 843,1089 669,1028 616,1072 557,1067"/>
                <Baseline points="560,1125 608,1125 657,1124 705,1122 754,1122 803,1122 851,1122 900,1122 949,1124 997,1125 1046,1128 1095,1131 1143,1134 1192,1139 1241,1144 1289,1151 1338,1157 1387,1166 1435,1175 1484,1186 1533,1197"/>
                <TextEquiv>
                    <Unicode>Deh enteruhnen Hanß Hattiberger uu</Unicode>
                </TextEquiv>
            </TextLine>
            <TextLine id="r1l11" custom="readingOrder {index:10;} place {offset:13; length:4;}">
                <Coords points="505,1225 605,1267 775,1201 844,1253 1073,1208 1143,1261 1177,1233 1249,1263 1432,1241 1520,1297 1536,1240 1410,1168 1293,1197 1180,1135 1028,1175 967,1131 883,1174 763,1130 700,1177 509,1145"/>
                <Baseline points="512,1211 562,1211 613,1209 664,1209 715,1209 765,1209 816,1209 867,1209 918,1209 968,1211 1019,1212 1070,1214 1121,1217 1171,1220 1222,1224 1273,1231 1324,1237 1374,1244 1425,1253 1476,1264 1527,1275"/>
                <TextEquiv>
                    <Unicode>sohn, daß zu Worb entfrämborte w</Unicode>
                </TextEquiv>
            </TextLine>
            <TextLine id="r1l12" custom="readingOrder {index:11;}">
                <Coords points="575,1312 716,1302 770,1348 826,1299 874,1327 932,1295 995,1333 1161,1304 1513,1357 1530,1295 1297,1234 1238,1272 1179,1233 1144,1262 817,1229 768,1261 577,1258"/>
                <Baseline points="582,1298 631,1298 680,1298 730,1298 779,1299 829,1299 878,1299 927,1299 977,1301 1026,1301 1076,1302 1125,1304 1175,1306 1224,1309 1273,1313 1323,1317 1372,1321 1422,1326 1471,1333 1521,1341"/>
                <TextEquiv>
                    <Unicode>mehretheils, jo er der beich ehemante</Unicode>
                </TextEquiv>
            </TextLine>
            <TextLine id="r1l13" custom="readingOrder {index:12;}">
                <Coords points="557,1450 955,1383 1067,1441 1196,1397 1535,1448 1538,1350 1255,1315 1189,1369 1057,1302 963,1358 827,1300 770,1349 691,1307 561,1345"/>
                <Baseline points="566,1386 614,1386 662,1386 710,1386 758,1386 806,1385 854,1385 903,1385 951,1385 999,1385 1047,1386 1095,1388 1143,1389 1191,1391 1240,1393 1288,1398 1336,1401 1384,1407 1432,1413 1480,1420 1529,1428"/>
                <TextEquiv>
                    <Unicode>huß widerumb gefundenen reiße</Unicode>
                </TextEquiv>
            </TextLine>
            <TextLine id="r1l14" custom="readingOrder {index:13;}">
                <Coords points="568,1494 679,1517 741,1466 938,1469 1004,1520 1115,1471 1184,1538 1313,1492 1527,1534 1538,1449 1240,1404 1081,1450 978,1384 805,1446 716,1410 658,1455 570,1457"/>
                <Baseline points="575,1485 622,1481 670,1478 718,1475 765,1473 813,1471 861,1470 908,1470 956,1470 1004,1470 1052,1473 1099,1475 1147,1478 1195,1481 1242,1485 1290,1489 1338,1494 1385,1500 1433,1507 1481,1513 1529,1521"/>
                <TextEquiv>
                    <Unicode>auch weil und hmeinschafft gehert </Unicode>
                </TextEquiv>
            </TextLine>
            <TextLine id="r1l15" custom="readingOrder {index:14;}">
                <Coords points="572,1599 785,1569 957,1605 1065,1565 1533,1598 1534,1534 1487,1514 1234,1499 1187,1539 1114,1471 1004,1519 972,1492 863,1523 751,1466 668,1519 574,1494"/>
                <Baseline points="579,1574 626,1570 673,1568 721,1565 768,1563 815,1562 863,1560 910,1559 957,1559 1005,1559 1052,1560 1099,1562 1147,1563 1194,1565 1241,1569 1289,1571 1336,1575 1383,1580 1431,1584 1478,1590 1526,1596"/>
                <TextEquiv>
                    <Unicode>von hren rnd leghend mit  eh</Unicode>
                </TextEquiv>
            </TextLine>
            <TextLine id="r1l16" custom="readingOrder {index:15;}">
                <Coords points="589,1662 772,1690 810,1658 953,1684 1108,1651 1214,1689 1357,1664 1460,1705 1531,1687 1533,1600 1385,1594 1341,1636 1263,1580 1163,1610 1136,1587 1019,1629 983,1594 843,1619 785,1568 736,1611 706,1586 590,1606"/>
                <Baseline points="596,1656 642,1655 688,1653 735,1652 781,1652 828,1650 874,1650 920,1650 967,1652 1013,1652 1060,1653 1106,1654 1152,1656 1199,1658 1245,1660 1292,1662 1338,1665 1384,1668 1431,1671 1477,1676 1524,1679"/>
                <TextEquiv>
                    <Unicode>neben seinem baachtshrybed, in gfenk</Unicode>
                </TextEquiv>
            </TextLine>
            <TextLine id="r1l17" custom="readingOrder {index:16;}">
                <Coords points="580,1772 627,1803 725,1760 859,1799 948,1764 1239,1758 1294,1796 1359,1750 1430,1809 1537,1776 1538,1684 1372,1710 1234,1672 1109,1711 900,1680 826,1710 751,1670 635,1702 580,1673"/>
                <Baseline points="587,1752 634,1750 681,1749 728,1746 775,1745 822,1742 869,1740 917,1740 964,1739 1011,1739 1058,1739 1105,1739 1152,1739 1199,1740 1247,1742 1294,1744 1341,1747 1388,1750 1435,1753 1482,1758 1530,1763"/>
                <TextEquiv>
                    <Unicode>verhafftung genamet volgents diß</Unicode>
                </TextEquiv>
            </TextLine>
            <TextLine id="r1l18" custom="readingOrder {index:17;}">
                <Coords points="594,1859 904,1840 1012,1850 1051,1887 1098,1848 1251,1901 1317,1855 1521,1854 1521,1819 1465,1785 1427,1810 1359,1750 1294,1796 1263,1766 1154,1790 996,1761 863,1803 807,1769 595,1811"/>
                <Baseline points="602,1845 647,1842 693,1839 738,1838 784,1836 830,1834 875,1833 921,1833 966,1832 1012,1832 1058,1833 1103,1833 1149,1835 1194,1835 1240,1838 1286,1839 1331,1841 1377,1843 1422,1845 1468,1849 1514,1851"/>
                <TextEquiv>
                    <Unicode>gwarsamlich alhar geschierten, das</Unicode>
                </TextEquiv>
            </TextLine>
            <TextLine id="r1l19" custom="readingOrder {index:18;}">
                <Coords points="568,1966 729,1936 881,2007 1019,1942 1067,1969 1265,1933 1475,1978 1530,1965 1529,1864 1317,1856 1251,1902 1155,1855 1064,1890 915,1850 812,1885 754,1854 567,1880"/>
                <Baseline points="575,1952 622,1947 669,1943 717,1941 764,1937 812,1935 859,1934 906,1934 954,1932 1001,1932 1049,1932 1096,1933 1143,1934 1191,1935 1238,1935 1286,1937 1333,1938 1380,1940 1428,1941 1475,1942 1523,1943"/>
                <TextEquiv>
                    <Unicode>das uß singh und Oberes beuelch da</Unicode>
                </TextEquiv>
            </TextLine>
            <TextLine id="r1l20" custom="readingOrder {index:19;} person {offset:27; length:10; continued:true;}">
                <Coords points="589,2055 937,2029 1092,2069 1131,2038 1530,2039 1530,1980 1386,1947 1314,1973 1185,1944 1047,2005 963,1962 876,2007 726,1942 652,1986 589,1977"/>
                <Baseline points="597,2051 643,2045 689,2042 735,2039 782,2037 828,2035 874,2034 921,2033 967,2033 1013,2033 1060,2033 1106,2033 1152,2034 1198,2034 1245,2034 1291,2035 1337,2036 1384,2036 1430,2036 1476,2034 1523,2033"/>
                <TextEquiv>
                    <Unicode>die ehrenuesten etc. Herrn Cristoffel</Unicode>
                </TextEquiv>
            </TextLine>
            <TextLine id="r1l21" custom="readingOrder {index:20;} person {offset:0; length:11; continued:true;}">
                <Coords points="579,2183 673,2146 862,2137 934,2168 999,2130 1290,2122 1360,2175 1424,2127 1527,2132 1525,2048 1462,2074 1381,2041 1274,2089 1139,2039 1091,2070 936,2031 576,2077"/>
                <Baseline points="585,2153 631,2147 678,2143 725,2139 772,2136 818,2133 865,2132 912,2130 959,2129 1005,2129 1052,2127 1099,2127 1146,2127 1192,2127 1239,2127 1286,2126 1333,2126 1379,2124 1426,2123 1473,2121 1520,2120"/>
                <TextEquiv>
                    <Unicode>hellenbergk deß kleinen, abgemelten</Unicode>
                </TextEquiv>
            </TextLine>
            <TextLine id="r1l22" custom="readingOrder {index:21;} person {offset:5; length:11;} person {offset:19; length:13;}">
                <Coords points="576,2252 718,2228 824,2261 979,2224 1056,2276 1161,2222 1286,2256 1379,2210 1505,2223 1532,2139 1390,2148 1343,2193 1247,2135 1178,2134 1116,2180 999,2130 928,2170 740,2145 678,2190 613,2158 574,2186"/>
                <Baseline points="582,2247 629,2241 676,2236 723,2231 770,2228 818,2225 865,2223 912,2222 959,2220 1006,2220 1054,2220 1101,2219 1148,2219 1195,2219 1242,2217 1290,2216 1337,2214 1384,2213 1431,2211 1478,2206 1526,2202"/>
                <TextEquiv>
                    <Unicode>herr lechenderss ) Abroham Mannt</Unicode>
                </TextEquiv>
            </TextLine>
            <TextLine id="r1l23" custom="readingOrder {index:22;} person {offset:6; length:19;}">
                <Coords points="585,2349 693,2348 745,2394 931,2308 995,2353 1037,2317 1191,2305 1279,2370 1354,2304 1526,2306 1522,2218 1410,2217 1357,2269 1144,2226 1072,2278 968,2224 864,2229 794,2296 750,2257 581,2252"/>
                <Baseline points="591,2339 637,2333 683,2328 730,2324 776,2321 822,2317 869,2314 915,2312 961,2310 1008,2309 1054,2306 1100,2306 1147,2304 1193,2303 1239,2301 1286,2300 1332,2298 1378,2297 1425,2295 1471,2292 1518,2289"/>
                <TextEquiv>
                    <Unicode>und h Hanß Jacob Durhembs des</Unicode>
                </TextEquiv>
            </TextLine>
            <TextLine id="r1l24" custom="readingOrder {index:23;}">
                <Coords points="589,2495 676,2491 744,2427 809,2453 851,2425 950,2481 1058,2403 1207,2440 1252,2398 1510,2393 1514,2305 1422,2299 1364,2355 1278,2370 1188,2321 1144,2353 1065,2312 995,2353 961,2322 838,2336 747,2393 681,2350 581,2350"/>
                <Baseline points="593,2436 638,2432 684,2429 730,2424 776,2421 822,2418 868,2417 914,2414 960,2411 1006,2410 1052,2408 1097,2405 1143,2403 1189,2402 1235,2399 1281,2397 1327,2393 1373,2391 1419,2388 1465,2384 1511,2381"/>
                <TextEquiv>
                    <Unicode>großes ratths i gegenanetig </Unicode>
                </TextEquiv>
            </TextLine>
            <TextLine id="r1l25" custom="readingOrder {index:24;} person {offset:13; length:9;}">
                <Coords points="506,2578 828,2509 897,2533 1115,2503 1200,2571 1276,2491 1524,2483 1518,2412 1462,2398 1307,2456 1038,2476 986,2446 948,2482 866,2432 772,2498 667,2442 579,2438 542,2481 496,2458"/>
                <Baseline points="512,2564 562,2555 612,2548 662,2541 712,2535 762,2529 812,2525 863,2521 913,2517 963,2514 1013,2510 1063,2507 1113,2504 1163,2501 1214,2497 1264,2493 1314,2489 1364,2485 1414,2480 1464,2474 1515,2468"/>
                <TextEquiv>
                    <Unicode>H Großweibel tsharners j</Unicode>
                </TextEquiv>
            </TextLine>
            <TextLine id="r1l26" custom="readingOrder {index:25;}">
                <Coords points="587,2650 695,2629 824,2662 881,2614 951,2641 1110,2591 1192,2642 1540,2565 1537,2522 1399,2473 1288,2508 1212,2576 1147,2528 1012,2561 932,2515 868,2577 582,2566"/>
                <Baseline points="594,2643 643,2636 692,2631 742,2624 791,2620 841,2617 890,2613 939,2612 989,2609 1038,2607 1088,2606 1137,2603 1187,2601 1236,2598 1285,2596 1335,2592 1384,2588 1434,2582 1483,2576 1533,2568"/>
                <TextEquiv>
                    <Unicode>dieners abnermaßen, den 5t febris</Unicode>
                </TextEquiv>
            </TextLine>
            <TextLine id="r1l27" custom="readingOrder {index:26;}">
                <Coords points="581,2761 699,2766 780,2720 1059,2755 1197,2699 1303,2747 1346,2695 1459,2729 1535,2669 1528,2581 1415,2651 1320,2604 1246,2675 1109,2601 1052,2648 882,2614 792,2677 572,2642"/>
                <Baseline points="588,2753 637,2744 686,2737 736,2731 785,2727 835,2722 884,2719 933,2717 983,2714 1032,2712 1082,2709 1131,2708 1181,2705 1230,2701 1279,2697 1329,2692 1378,2685 1428,2678 1477,2669 1527,2658"/>
                <TextEquiv>
                    <Unicode>diß jars droben ich der gfangenschaff</Unicode>
                </TextEquiv>
            </TextLine>
            <TextLine id="r1l28" custom="readingOrder {index:27;}">
                <Coords points="596,2852 799,2845 829,2812 1083,2835 1132,2796 1455,2825 1541,2802 1532,2674 1392,2760 1288,2731 1238,2774 1150,2747 1110,2770 874,2731 764,2801 688,2758 591,2778"/>
                <Baseline points="603,2849 649,2841 695,2834 742,2829 788,2824 835,2820 881,2817 928,2815 974,2813 1021,2810 1067,2809 1113,2807 1160,2805 1206,2802 1253,2799 1299,2796 1346,2792 1392,2787 1439,2781 1485,2774 1532,2765"/>
                <TextEquiv>
                    <Unicode>mit ernstlichem zuwrecht, auch by</Unicode>
                </TextEquiv>
            </TextLine>
            <TextLine id="r1l29" custom="readingOrder {index:28;}">
                <Coords points="590,2970 717,2979 846,2926 946,2971 1006,2925 1112,2960 1229,2914 1329,2931 1523,2880 1532,2804 1416,2812 1295,2872 1041,2834 870,2901 581,2855"/>
                <Baseline points="597,2960 643,2952 690,2945 736,2938 783,2934 830,2929 876,2925 923,2922 970,2919 1016,2916 1063,2913 1110,2912 1156,2909 1203,2907 1250,2902 1296,2899 1343,2894 1390,2889 1436,2882 1483,2876 1530,2867"/>
                <TextEquiv>
                    <Unicode>betr�üehtung er snbrter jedoch</Unicode>
                </TextEquiv>
            </TextLine>
            <TextLine id="r1l30" custom="readingOrder {index:29;}">
                <Coords points="583,3094 762,3027 910,3057 953,3019 1121,3051 1178,3011 1375,3016 1525,2970 1518,2884 1406,2950 1235,2919 1120,2962 1005,2926 944,2974 874,2930 823,2976 759,2957 698,2999 575,3003"/>
                <Baseline points="587,3065 633,3054 680,3044 726,3038 773,3032 819,3027 866,3023 912,3020 959,3017 1005,3015 1052,3013 1098,3011 1145,3009 1191,3007 1238,3004 1284,3001 1331,2996 1377,2991 1424,2984 1470,2977 1517,2967"/>
                <TextEquiv>
                    <Unicode>jedes abhänderlich exqminert</Unicode>
                </TextEquiv>
            </TextLine>
            <TextLine id="r1l31" custom="readingOrder {index:30;}">
                <Coords points="588,3182 730,3184 777,3140 837,3185 1019,3128 1526,3062 1517,2983 1422,2985 1356,3039 1301,3012 1158,3063 964,3022 912,3068 841,3034 752,3085 685,3044 578,3093"/>
                <Baseline points="594,3173 640,3162 686,3153 732,3146 778,3138 824,3133 870,3128 917,3123 963,3119 1009,3114 1055,3111 1101,3108 1147,3105 1193,3100 1240,3096 1286,3091 1332,3086 1378,3078 1424,3072 1470,3062 1517,3053"/>
                <TextEquiv>
                    <Unicode>befragt worden, mit der luter</Unicode>
                </TextEquiv>
            </TextLine>
            <TextLine id="r1l32" custom="readingOrder {index:31;} person {offset:4; length:6;}">
                <Coords points="574,3289 646,3265 751,3288 856,3240 1240,3189 1290,3216 1338,3175 1412,3193 1528,3153 1520,3092 1403,3080 1297,3139 1204,3111 1114,3171 839,3187 777,3140 731,3185 562,3186"/>
                <Baseline points="579,3276 626,3266 673,3257 720,3248 767,3241 814,3234 861,3229 908,3223 955,3218 1002,3214 1049,3210 1096,3205 1143,3201 1190,3196 1237,3191 1284,3185 1331,3180 1378,3172 1425,3166 1472,3156 1520,3146"/>
                <TextEquiv>
                    <Unicode>und Jonren warheit an zu seiget,</Unicode>
                </TextEquiv>
            </TextLine>
            <TextLine id="r1l33" custom="readingOrder {index:32;}">
                <Coords points="572,3422 777,3340 1084,3332 1128,3287 1284,3326 1323,3290 1460,3273 1532,3222 1524,3162 1479,3188 1341,3173 1290,3216 1242,3189 1049,3217 942,3285 853,3246 753,3288 638,3276 558,3324"/>
                <Baseline points="573,3386 620,3372 668,3360 715,3350 763,3340 811,3332 858,3327 906,3321 954,3316 1001,3311 1049,3306 1097,3302 1144,3297 1192,3291 1240,3287 1287,3280 1335,3272 1383,3263 1430,3254 1478,3242 1526,3228"/>
                <TextEquiv>
                    <Unicode>Ob sy nit auch s disem kibstal</Unicode>
                </TextEquiv>
            </TextLine>
            <TextEquiv>
                <Unicode>1649
Hans Hattibergen
elter und Cristina Zellerin
von Warb.
4. Sach dem Verschiner Jages Hanß H
berger und sein ehewyb Cristing alle
Jos Worb Wegen sy s großen aggen
und bösen verdacht. Alß soltes so sah
des seinen kurzabgeloffen sitz glich
Deh enteruhnen Hanß Hattiberger uu
sohn, daß zu Worb entfrämborte w
mehretheils, jo er der beich ehemante
huß widerumb gefundenen reiße
auch weil und hmeinschafft gehert 
von hren rnd leghend mit  eh
neben seinem baachtshrybed, in gfenk
verhafftung genamet volgents diß
gwarsamlich alhar geschierten, das
das uß singh und Oberes beuelch da
die ehrenuesten etc. Herrn Cristoffel
hellenbergk deß kleinen, abgemelten
herr lechenderss ) Abroham Mannt
und h Hanß Jacob Durhembs des
großes ratths i gegenanetig 
H Großweibel tsharners j
dieners abnermaßen, den 5t febris
diß jars droben ich der gfangenschaff
mit ernstlichem zuwrecht, auch by
betr�üehtung er snbrter jedoch
jedes abhänderlich exqminert
befragt worden, mit der luter
und Jonren warheit an zu seiget,
Ob sy nit auch s disem kibstal</Unicode>
            </TextEquiv>
        </TextRegion>
        <TextRegion orientation="0.0" id="r2" custom="readingOrder {index:1;}">
            <Coords points="1544,2260 1544,2422 1604,2422 1604,2260"/>
            <TextLine id="r2l1" custom="readingOrder {index:0;}">
                <Coords points="1539,2380 1547,2377 1569,2389 1575,2388 1587,2371 1598,2376 1604,2370 1613,2369 1595,2283 1585,2287 1579,2285 1572,2294 1557,2286 1533,2316 1526,2317"/>
                <Baseline points="1544,2372 1574,2369 1604,2360"/>
                <TextEquiv>
                    <Unicode>1</Unicode>
                </TextEquiv>
            </TextLine>
            <TextEquiv>
                <Unicode>1</Unicode>
            </TextEquiv>
        </TextRegion>
        <TextRegion orientation="0.0" id="r3" custom="readingOrder {index:2;}">
            <Coords points="1590,3119 1590,3272 1620,3272 1620,3119"/>
            <TextLine id="r3l1" custom="readingOrder {index:0;}">
                <Coords points="1585,3234 1596,3233 1613,3247 1629,3242 1617,3125 1602,3129 1587,3124 1581,3132 1574,3132"/>
                <Baseline points="1590,3222 1620,3219"/>
                <TextEquiv>
                    <Unicode></Unicode>
                </TextEquiv>
            </TextLine>
            <TextEquiv>
                <Unicode></Unicode>
            </TextEquiv>
        </TextRegion>
        <TextRegion orientation="0.0" id="r4" custom="readingOrder {index:3;}">
            <Coords points="1587,193 1587,3319 2745,3319 2745,193"/>
            <TextLine id="r4l1" custom="readingOrder {index:0;}">
                <Coords points="2637,262 2649,265 2658,259 2669,267 2686,249 2715,250 2732,239 2720,158 2705,162 2676,188 2665,204 2654,203 2638,221 2631,222"/>
                <Baseline points="2643,249 2670,243 2697,240 2724,237"/>
                <TextEquiv>
                    <Unicode>16.</Unicode>
                </TextEquiv>
            </TextLine>
            <TextLine id="r4l2" custom="readingOrder {index:1;}">
                <Coords points="1864,379 1897,367 1906,374 1931,357 2011,370 2079,398 2093,383 2146,390 2166,378 2155,280 2119,264 2080,286 1995,272 1936,321 1907,303 1895,319 1858,323"/>
                <Baseline points="1869,363 1894,361 1920,358 1946,354 1972,350 1998,347 2024,344 2050,340 2076,338 2102,336 2128,335 2154,336"/>
                <TextEquiv>
                    <Unicode>1649.</Unicode>
                </TextEquiv>
            </TextLine>
            <TextLine id="r4l3" custom="readingOrder {index:2;}">
                <Coords points="1642,611 1922,518 2034,535 2079,494 2715,442 2725,371 2176,388 2014,429 1920,502 1778,474 1630,535"/>
                <Baseline points="1646,596 1700,579 1754,564 1808,551 1862,538 1916,527 1970,517 2024,508 2078,499 2132,492 2186,484 2240,476 2294,471 2348,464 2402,459 2456,453 2510,447 2564,441 2618,436 2672,429 2726,423"/>
                <TextEquiv>
                    <Unicode>wie vnd zu waß Zeiten derselbig beschechen</Unicode>
                </TextEquiv>
            </TextLine>
            <TextLine id="r4l4" custom="readingOrder {index:3;}">
                <Coords points="1642,700 1798,614 1838,632 2245,541 2608,526 2644,510 2636,451 2577,437 2463,506 2273,471 2034,536 1852,537 1633,640"/>
                <Baseline points="1644,669 1693,653 1743,638 1792,624 1842,612 1892,601 1941,592 1991,583 2040,575 2090,569 2140,561 2189,555 2239,550 2288,545 2338,540 2388,534 2437,529 2487,524 2536,518 2586,511 2636,504"/>
                <TextEquiv>
                    <Unicode>gewüst habind und inen solliches alles</Unicode>
                </TextEquiv>
            </TextLine>
            <TextLine id="r4l5" custom="readingOrder {index:4;}">
                <Coords points="1642,757 1809,733 1867,772 1954,674 2159,653 2256,691 2390,616 2621,611 2669,592 2663,548 2547,520 2238,548 2190,601 2088,568 1883,605 1852,642 1798,615 1750,679 1701,657 1636,719"/>
                <Baseline points="1646,743 1696,727 1747,712 1798,698 1848,687 1899,676 1950,667 2000,659 2051,650 2102,644 2153,637 2203,632 2254,626 2305,621 2355,616 2406,612 2457,606 2507,602 2558,596 2609,589 2660,582"/>
                <TextEquiv>
                    <Unicode>allegshanseches nach wol bekant usin.</Unicode>
                </TextEquiv>
            </TextLine>
            <TextLine id="r4l6" custom="readingOrder {index:5;}">
                <Coords points="1650,819 1657,815 1681,827 1689,813 1715,806 1721,794 1757,790 1773,781 1754,710 1746,713 1736,708 1718,732 1705,738 1668,735 1650,755 1634,761"/>
                <Baseline points="1656,813 1683,804 1711,797 1738,790 1766,782"/>
                <TextEquiv>
                    <Unicode>sin</Unicode>
                </TextEquiv>
            </TextLine>
            <TextLine id="r4l7" custom="readingOrder {index:6;}">
                <Coords points="1594,963 1860,878 2635,819 2680,799 2668,711 2573,696 2342,801 2179,755 2099,817 2035,780 1986,828 1824,806 1588,924"/>
                <Baseline points="1599,956 1652,938 1706,920 1759,907 1813,894 1867,882 1920,872 1974,865 2028,857 2081,851 2135,844 2189,839 2242,834 2296,830 2350,825 2403,821 2457,816 2511,811 2564,807 2618,801 2672,794"/>
                <TextEquiv>
                    <Unicode>habent sy geantwortet. Sp heigend von</Unicode>
                </TextEquiv>
            </TextLine>
            <TextLine id="r4l8" custom="readingOrder {index:7;}">
                <Coords points="1592,1035 1682,1044 1732,997 1802,1034 1949,953 2135,921 2175,946 2550,888 2689,946 2737,921 2725,823 2607,852 2433,819 2014,861 1960,908 1803,887 1586,984"/>
                <Baseline points="1599,1031 1655,1013 1711,997 1767,983 1823,971 1880,960 1936,950 1992,943 2048,935 2104,929 2161,924 2217,917 2273,913 2329,909 2385,905 2442,900 2498,895 2554,890 2610,884 2666,878 2723,870"/>
                <TextEquiv>
                    <Unicode>diser gutfrömboetes rleißliselt in einachen</Unicode>
                </TextEquiv>
            </TextLine>
            <TextLine id="r4l9" custom="readingOrder {index:8;}">
                <Coords points="1632,1107 1699,1134 1752,1068 2031,1017 2179,1048 2235,1007 2488,988 2566,1024 2609,973 2679,975 2668,884 2533,950 2318,918 2208,968 2137,920 2026,977 1935,959 1844,1027 1626,1054"/>
                <Baseline points="1638,1098 1689,1082 1741,1069 1792,1056 1844,1046 1895,1037 1947,1028 1998,1021 2050,1016 2101,1010 2153,1006 2205,1000 2256,997 2308,993 2359,989 2411,984 2462,980 2514,976 2565,971 2617,964 2669,957"/>
                <TextEquiv>
                    <Unicode>weg niemales uütit gewüht, weniger</Unicode>
                </TextEquiv>
            </TextLine>
            <TextLine id="r4l10" custom="readingOrder {index:9;}">
                <Coords points="1614,1215 1712,1155 1804,1192 1881,1122 1991,1160 2054,1096 2176,1080 2302,1132 2376,1073 2497,1100 2526,1065 2698,1052 2692,1000 2625,983 2562,1024 2487,989 2402,1032 2250,1006 2176,1051 2081,1014 1605,1137"/>
                <Baseline points="1617,1184 1670,1166 1724,1152 1777,1140 1831,1128 1885,1118 1938,1110 1992,1103 2046,1098 2099,1093 2153,1088 2207,1084 2260,1081 2314,1077 2368,1074 2421,1070 2475,1066 2529,1061 2582,1055 2636,1049 2690,1041"/>
                <TextEquiv>
                    <Unicode>Irem sohn darzu verhalffen daß er</Unicode>
                </TextEquiv>
            </TextLine>
            <TextLine id="r4l11" custom="readingOrder {index:10;}">
                <Coords points="1633,1312 1786,1215 1942,1224 2063,1175 2374,1151 2500,1213 2598,1125 2677,1167 2733,1127 2725,1054 2498,1099 2383,1072 2302,1133 2176,1079 2054,1154 1883,1123 1803,1192 1723,1162 1623,1216"/>
                <Baseline points="1635,1256 1689,1241 1744,1229 1798,1217 1853,1207 1907,1199 1962,1191 2016,1184 2071,1179 2125,1174 2180,1170 2235,1166 2289,1161 2344,1158 2398,1154 2453,1152 2507,1148 2562,1143 2616,1138 2671,1133 2726,1127"/>
                <TextEquiv>
                    <Unicode>soliches gelt ined linderankt, is ir haß</Unicode>
                </TextEquiv>
            </TextLine>
            <TextLine id="r4l12" custom="readingOrder {index:11;}">
                <Coords points="1580,1353 2146,1255 2715,1246 2708,1176 2597,1126 2497,1216 2427,1173 2311,1217 2065,1177 1943,1224 1810,1210 1576,1304"/>
                <Baseline points="1587,1352 1645,1334 1704,1320 1763,1306 1822,1295 1881,1285 1940,1276 1999,1269 2058,1263 2117,1259 2175,1254 2234,1250 2293,1247 2352,1244 2411,1242 2470,1240 2529,1238 2588,1236 2647,1233 2706,1232"/>
                <TextEquiv>
                    <Unicode>verstetk ulnd verstoßen habe, War</Unicode>
                </TextEquiv>
            </TextLine>
            <TextLine id="r4l13" custom="readingOrder {index:12;}">
                <Coords points="1641,1438 1759,1389 1817,1424 1900,1362 2180,1345 2251,1393 2309,1345 2689,1313 2683,1243 2598,1289 2519,1244 2443,1301 2367,1259 2230,1257 2171,1299 2017,1279 1888,1326 1840,1294 1634,1352"/>
                <Baseline points="1646,1418 1697,1403 1749,1391 1801,1381 1853,1372 1904,1364 1956,1358 2008,1353 2060,1349 2111,1346 2163,1342 2215,1340 2267,1338 2318,1336 2370,1334 2422,1331 2474,1329 2525,1326 2577,1322 2629,1316 2681,1311"/>
                <TextEquiv>
                    <Unicode>sye, daß nach dem ir sohn war etwas</Unicode>
                </TextEquiv>
            </TextLine>
            <TextLine id="r4l14" custom="readingOrder {index:13;}">
                <Coords points="1622,1558 1704,1481 1798,1528 1890,1452 2059,1443 2143,1498 2219,1438 2463,1417 2578,1429 2657,1488 2752,1420 2747,1344 2651,1321 2531,1325 2369,1403 2169,1348 1999,1362 1879,1423 1614,1420"/>
                <Baseline points="1626,1496 1684,1484 1743,1473 1802,1464 1861,1457 1920,1451 1979,1445 2038,1442 2097,1437 2156,1434 2214,1432 2273,1430 2332,1428 2391,1427 2450,1424 2509,1422 2568,1419 2627,1416 2686,1413 2745,1409"/>
                <TextEquiv>
                    <Unicode>zeits alsie ds schanzgnaben ein bosen fahl</Unicode>
                </TextEquiv>
            </TextLine>
            <TextLine id="r4l15" custom="readingOrder {index:14;}">
                <Coords points="1602,1604 1643,1623 1698,1560 1796,1545 1979,1534 2058,1569 2130,1529 2438,1514 2514,1554 2577,1513 2737,1514 2732,1439 2655,1488 2575,1429 2333,1478 2274,1436 2235,1471 2193,1447 2143,1498 2072,1452 2042,1487 1899,1457 1798,1529 1688,1497 1640,1547 1598,1529"/>
                <Baseline points="1608,1586 1664,1574 1720,1564 1776,1555 1832,1547 1888,1542 1944,1536 2000,1532 2056,1529 2112,1526 2168,1523 2224,1521 2280,1520 2336,1518 2392,1517 2448,1515 2504,1515 2560,1512 2616,1511 2672,1508 2729,1505"/>
                <TextEquiv>
                    <Unicode>gethan, habe er vermeldet, das mit etwas</Unicode>
                </TextEquiv>
            </TextLine>
            <TextLine id="r4l16" custom="readingOrder {index:15;}">
                <Coords points="1633,1717 1698,1663 1855,1627 2301,1645 2368,1608 2522,1665 2570,1617 2695,1610 2693,1570 2546,1572 2420,1524 2204,1535 2152,1570 1909,1545 1857,1584 1795,1545 1628,1617"/>
                <Baseline points="1637,1664 1689,1655 1742,1649 1794,1643 1847,1637 1899,1633 1952,1629 2004,1625 2057,1622 2109,1620 2162,1617 2214,1616 2267,1614 2319,1613 2372,1612 2424,1610 2477,1609 2529,1607 2582,1605 2634,1604 2687,1602"/>
                <TextEquiv>
                    <Unicode>gelts versehen und uff ir befragen</Unicode>
                </TextEquiv>
            </TextLine>
            <TextLine id="r4l17" custom="readingOrder {index:16;}">
                <Coords points="1626,1770 2037,1702 2106,1752 2193,1698 2408,1735 2542,1698 2631,1754 2680,1712 2747,1763 2742,1614 2521,1666 2436,1607 2202,1661 1884,1625 1822,1668 1768,1640 1665,1693 1623,1673"/>
                <Baseline points="1631,1736 1686,1730 1741,1725 1797,1719 1852,1715 1907,1712 1963,1709 2018,1706 2073,1704 2129,1704 2184,1703 2239,1701 2295,1701 2350,1700 2405,1700 2461,1698 2516,1697 2571,1697 2627,1695 2682,1693 2738,1691"/>
                <TextEquiv>
                    <Unicode>hats fürgeben, daß ers uf seinem gehobten</Unicode>
                </TextEquiv>
            </TextLine>
            <TextLine id="r4l18" custom="readingOrder {index:17;}">
                <Coords points="1601,1830 1761,1877 1903,1798 2091,1833 2163,1793 2340,1871 2488,1809 2730,1790 2728,1704 2625,1758 2557,1706 2261,1757 2188,1701 2030,1768 1942,1722 1811,1768 1600,1757"/>
                <Baseline points="1608,1823 1663,1816 1719,1809 1775,1805 1831,1800 1886,1797 1942,1795 1998,1793 2054,1792 2109,1791 2165,1791 2221,1791 2277,1791 2332,1791 2388,1791 2444,1791 2500,1791 2555,1791 2611,1791 2667,1790 2723,1788"/>
                <TextEquiv>
                    <Unicode>läche in vilbringeß fürgeschlagen unnd</Unicode>
                </TextEquiv>
            </TextLine>
            <TextLine id="r4l19" custom="readingOrder {index:18;}">
                <Coords points="1624,1928 1817,1886 2150,1937 2272,1882 2536,1906 2584,1871 2706,1877 2705,1795 2440,1868 2395,1829 2329,1869 2172,1801 2076,1859 2008,1811 1941,1843 1890,1807 1838,1845 1777,1811 1623,1837"/>
                <Baseline points="1631,1896 1684,1893 1737,1890 1791,1889 1844,1887 1898,1887 1951,1887 2004,1887 2058,1887 2111,1887 2165,1887 2218,1887 2271,1887 2325,1887 2378,1887 2432,1886 2485,1884 2538,1882 2592,1880 2645,1875 2699,1872"/>
                <TextEquiv>
                    <Unicode>erübriget habe, schwar sye auch nit</Unicode>
                </TextEquiv>
            </TextLine>
            <TextLine id="r4l20" custom="readingOrder {index:19;}">
                <Coords points="1652,1985 1782,2024 1839,1977 1920,1998 1971,1968 2075,2009 2424,1968 2560,1999 2690,1975 2690,1924 2471,1890 2407,1928 2343,1893 2233,1949 1984,1902 1652,1926"/>
                <Baseline points="1659,1973 1710,1971 1761,1970 1812,1970 1863,1970 1914,1970 1965,1970 2017,1971 2068,1973 2119,1973 2170,1974 2221,1976 2272,1977 2323,1977 2375,1978 2426,1979 2477,1977 2528,1977 2579,1976 2630,1973 2682,1971"/>
                <TextEquiv>
                    <Unicode>weilger. Dan. G. gemelter Ir Sohn</Unicode>
                </TextEquiv>
            </TextLine>
            <TextLine id="r4l21" custom="readingOrder {index:20;}">
                <Coords points="1653,2101 1870,2061 1912,2094 1984,2051 2050,2103 2249,2062 2345,2099 2431,2072 2529,2123 2737,2064 2738,1983 2706,1973 2568,2022 2423,1968 2193,2033 2035,1973 1769,2035 1655,1984"/>
                <Baseline points="1661,2060 1714,2056 1767,2054 1821,2052 1874,2051 1928,2051 1981,2052 2034,2054 2088,2055 2141,2058 2195,2060 2248,2063 2301,2064 2355,2066 2408,2067 2462,2069 2515,2069 2568,2067 2622,2066 2675,2063 2729,2057"/>
                <TextEquiv>
                    <Unicode>segame zeits dahar vil selts fin und</Unicode>
                </TextEquiv>
            </TextLine>
            <TextLine id="r4l22" custom="readingOrder {index:21;}">
                <Coords points="1648,2184 1917,2145 2095,2187 2194,2163 2275,2205 2372,2153 2499,2207 2621,2131 2389,2086 2309,2123 2247,2084 2206,2113 2111,2081 2049,2102 1990,2053 1924,2099 1869,2060 1794,2111 1649,2115"/>
                <Baseline points="1655,2154 1702,2151 1750,2148 1798,2147 1846,2145 1894,2145 1942,2145 1990,2145 2038,2147 2086,2148 2134,2150 2181,2151 2229,2153 2277,2154 2325,2156 2373,2157 2421,2157 2469,2159 2517,2159 2565,2157 2613,2156"/>
                <TextEquiv>
                    <Unicode>wider verhedlett und desswegen.</Unicode>
                </TextEquiv>
            </TextLine>
            <TextLine id="r4l23" custom="readingOrder {index:22;}">
                <Coords points="1652,2249 1822,2279 2199,2233 2369,2301 2676,2239 2677,2170 2564,2221 2420,2156 2276,2205 2186,2161 2065,2210 1936,2158 1653,2184"/>
                <Baseline points="1659,2243 1709,2240 1760,2238 1810,2237 1861,2237 1911,2237 1962,2237 2012,2238 2063,2238 2113,2240 2164,2241 2214,2243 2265,2246 2315,2246 2366,2247 2416,2249 2467,2249 2517,2249 2568,2247 2618,2246 2669,2244"/>
                <TextEquiv>
                    <Unicode>schwysflet, as er mit rechten sacher nit</Unicode>
                </TextEquiv>
            </TextLine>
            <TextLine id="r4l24" custom="readingOrder {index:23;}">
                <Coords points="1628,2340 1739,2371 1868,2333 2271,2335 2398,2396 2447,2350 2723,2347 2649,2264 2326,2306 2260,2253 2186,2295 2082,2247 1823,2301 1725,2244 1629,2271"/>
                <Baseline points="1635,2328 1689,2328 1743,2328 1797,2328 1851,2328 1905,2330 1959,2330 2013,2331 2067,2331 2121,2333 2175,2333 2229,2334 2283,2334 2337,2336 2391,2337 2445,2337 2499,2337 2553,2339 2607,2339 2661,2339 2715,2339"/>
                <TextEquiv>
                    <Unicode>unbgange und inne darin bebethalten.</Unicode>
                </TextEquiv>
            </TextLine>
            <TextLine id="r4l25" custom="readingOrder {index:24;}">
                <Coords points="1621,2458 1672,2479 1814,2432 1986,2465 2072,2426 2346,2465 2506,2433 2606,2500 2678,2437 2734,2449 2734,2378 2617,2386 2535,2338 2399,2397 2274,2349 2190,2396 2094,2362 2061,2390 2020,2349 1741,2373 1695,2336 1622,2369"/>
                <Baseline points="1629,2424 1683,2426 1738,2427 1793,2427 1848,2429 1903,2430 1958,2432 2013,2432 2068,2433 2123,2433 2178,2433 2232,2433 2287,2433 2342,2433 2397,2433 2452,2433 2507,2433 2562,2433 2617,2432 2672,2432 2727,2430"/>
                <TextEquiv>
                    <Unicode>hebint, Vnd dye snez den Elters dergleich</Unicode>
                </TextEquiv>
            </TextLine>
            <TextLine id="r4l26" custom="readingOrder {index:25;}">
                <Coords points="1621,2527 1678,2555 1971,2531 2020,2564 2091,2532 2721,2546 2685,2439 2604,2502 2502,2444 2260,2472 2071,2426 1808,2483 1622,2457"/>
                <Baseline points="1628,2522 1682,2523 1736,2523 1790,2525 1845,2526 1899,2526 1953,2528 2008,2528 2062,2529 2116,2529 2171,2531 2225,2531 2279,2531 2333,2532 2388,2532 2442,2532 2496,2532 2551,2532 2605,2532 2659,2532 2714,2532"/>
                <TextEquiv>
                    <Unicode>bschechnen die bstal, vnd böse hat hertzlich</Unicode>
                </TextEquiv>
            </TextLine>
            <TextLine id="r4l27" custom="readingOrder {index:26;}">
                <Coords points="1642,2667 1749,2626 2687,2635 2697,2552 2585,2585 2445,2565 2403,2603 2332,2546 2207,2581 2116,2542 2045,2576 2001,2544 1642,2553"/>
                <Baseline points="1649,2615 1701,2616 1753,2618 1805,2619 1857,2621 1909,2622 1961,2624 2013,2625 2065,2625 2117,2627 2169,2627 2221,2628 2273,2628 2325,2628 2377,2627 2429,2625 2481,2624 2533,2622 2585,2618 2637,2615 2690,2610"/>
                <TextEquiv>
                    <Unicode>Nid. Gittend derohalben, hochermelt</Unicode>
                </TextEquiv>
            </TextLine>
            <TextLine id="r4l28" custom="readingOrder {index:27;}">
                <Coords points="1618,2736 1776,2776 1901,2716 1950,2743 2212,2715 2347,2777 2464,2706 2670,2737 2671,2651 2436,2658 2392,2619 2289,2683 2169,2629 2070,2668 1842,2633 1704,2674 1619,2613"/>
                <Baseline points="1626,2696 1677,2702 1729,2706 1781,2711 1833,2714 1885,2716 1937,2718 1988,2720 2040,2720 2092,2720 2144,2720 2196,2720 2248,2718 2300,2717 2351,2716 2403,2715 2455,2714 2507,2712 2559,2711 2611,2711 2663,2709"/>
                <TextEquiv>
                    <Unicode>sngdi sy deßer üühit zuentgelt laßen,</Unicode>
                </TextEquiv>
            </TextLine>
            <TextLine id="r4l29" custom="readingOrder {index:28;}">
                <Coords points="1594,2829 1677,2802 1949,2835 2080,2803 2290,2849 2385,2805 2614,2830 2653,2812 2654,2736 2599,2772 2464,2707 2348,2778 2285,2728 2195,2729 2025,2786 1921,2730 1776,2776 1690,2773 1640,2723 1595,2743"/>
                <Baseline points="1601,2786 1653,2792 1705,2795 1757,2799 1810,2802 1862,2804 1914,2807 1966,2808 2019,2808 2071,2808 2123,2808 2175,2808 2228,2808 2280,2807 2332,2805 2384,2805 2437,2804 2489,2802 2541,2801 2593,2799 2646,2798"/>
                <TextEquiv>
                    <Unicode>Sondars die eintndt und alter auch</Unicode>
                </TextEquiv>
            </TextLine>
            <TextLine id="r4l30" custom="readingOrder {index:29;}">
                <Coords points="1649,2885 2046,2898 2082,2930 2634,2880 2555,2831 2465,2850 2378,2810 2289,2862 2240,2820 2061,2808 1947,2850 1700,2819 1649,2848"/>
                <Baseline points="1656,2879 1704,2882 1753,2885 1801,2888 1850,2890 1898,2891 1947,2893 1995,2894 2044,2894 2092,2895 2141,2895 2190,2894 2238,2894 2287,2892 2335,2891 2384,2890 2432,2889 2481,2887 2529,2885 2578,2883 2627,2882"/>
                <TextEquiv>
                    <Unicode>anderlich das daß slyb umb etwas</Unicode>
                </TextEquiv>
            </TextLine>
            <TextLine id="r4l31" custom="readingOrder {index:30;}">
                <Coords points="1631,2989 1958,2974 2005,3006 2179,2971 2478,3015 2577,2958 2669,2983 2703,2908 2627,2880 2543,2934 2314,2890 2150,2933 1977,2899 1892,2943 1826,2886 1714,2910 1629,2880"/>
                <Baseline points="1637,2972 1690,2974 1743,2976 1796,2978 1849,2979 1902,2979 1955,2981 2008,2981 2061,2979 2114,2979 2167,2978 2220,2976 2273,2974 2326,2972 2379,2970 2432,2967 2485,2965 2538,2962 2591,2960 2644,2957 2697,2954"/>
                <TextEquiv>
                    <Unicode>priumsiert Ignach ansef und gwüßlich</Unicode>
                </TextEquiv>
            </TextLine>
            <TextLine id="r4l32" custom="readingOrder {index:31;}">
                <Coords points="1639,3110 1699,3059 1969,3104 2040,3055 2264,3069 2323,3039 2414,3105 2480,3049 2543,3079 2582,3041 2723,3041 2720,2965 2638,2996 2592,2957 2479,3015 2232,3005 2179,2970 2114,3012 1950,2973 1865,3017 1788,2982 1636,3013"/>
                <Baseline points="1644,3051 1697,3056 1751,3060 1804,3062 1858,3064 1911,3065 1965,3065 2018,3063 2072,3062 2125,3060 2179,3057 2233,3055 2286,3051 2340,3048 2393,3045 2447,3042 2500,3038 2554,3035 2607,3032 2661,3030 2715,3029"/>
                <TextEquiv>
                    <Unicode>glauben, das syy in einichen weg hieras kein</Unicode>
                </TextEquiv>
            </TextLine>
            <TextLine id="r4l33" custom="readingOrder {index:32;}">
                <Coords points="1639,3207 1767,3142 2012,3188 2630,3109 2696,3156 2709,3062 2479,3049 2417,3106 2322,3039 2133,3087 2037,3061 1971,3101 1861,3074 1797,3106 1696,3064 1635,3108"/>
                <Baseline points="1643,3134 1696,3137 1749,3141 1802,3143 1855,3144 1908,3143 1961,3143 2014,3141 2067,3139 2120,3137 2173,3134 2226,3132 2279,3128 2332,3126 2385,3122 2438,3120 2491,3117 2544,3114 2597,3113 2650,3113 2703,3111"/>
                <TextEquiv>
                    <Unicode>schuld in ain arbe tden.</Unicode>
                </TextEquiv>
            </TextLine>
            <TextLine id="r4l34" custom="readingOrder {index:33;}">
                <Coords points="1642,3275 1742,3230 1817,3263 1878,3231 2314,3237 2674,3192 2670,3122 2630,3110 2422,3167 2284,3137 2185,3189 2134,3154 1942,3191 1885,3150 1852,3178 1776,3148 1638,3190"/>
                <Baseline points="1646,3221 1697,3225 1748,3228 1799,3231 1850,3233 1901,3233 1952,3233 2003,3231 2054,3230 2105,3227 2156,3223 2207,3220 2258,3216 2309,3211 2360,3207 2411,3203 2462,3198 2513,3194 2564,3189 2615,3184 2666,3180"/>
                <TextEquiv>
                    <Unicode>sumb gestelt haben, mit jnes dißorts</Unicode>
                </TextEquiv>
            </TextLine>
            <TextLine id="r4l35" custom="readingOrder {index:34;}">
                <Coords points="1613,3317 1658,3310 1735,3379 1781,3341 1961,3364 2021,3306 2381,3302 2445,3346 2599,3262 2700,3284 2696,3203 2586,3181 2255,3246 2193,3221 2073,3273 1992,3247 1803,3284 1680,3223 1611,3256"/>
                <Baseline points="1619,3284 1672,3290 1726,3296 1779,3299 1833,3302 1887,3302 1940,3302 1994,3302 2047,3300 2101,3297 2155,3294 2208,3290 2262,3285 2315,3281 2369,3277 2423,3272 2476,3266 2530,3261 2583,3256 2637,3253 2691,3249"/>
                <TextEquiv>
                    <Unicode>fürzunemen. Was dero belieben werde etc.</Unicode>
                </TextEquiv>
            </TextLine>
            <TextEquiv>
                <Unicode>16.
1649.
wie vnd zu waß Zeiten derselbig beschechen
gewüst habind und inen solliches alles
allegshanseches nach wol bekant usin.
sin
habent sy geantwortet. Sp heigend von
diser gutfrömboetes rleißliselt in einachen
weg niemales uütit gewüht, weniger
Irem sohn darzu verhalffen daß er
soliches gelt ined linderankt, is ir haß
verstetk ulnd verstoßen habe, War
sye, daß nach dem ir sohn war etwas
zeits alsie ds schanzgnaben ein bosen fahl
gethan, habe er vermeldet, das mit etwas
gelts versehen und uff ir befragen
hats fürgeben, daß ers uf seinem gehobten
läche in vilbringeß fürgeschlagen unnd
erübriget habe, schwar sye auch nit
weilger. Dan. G. gemelter Ir Sohn
segame zeits dahar vil selts fin und
wider verhedlett und desswegen.
schwysflet, as er mit rechten sacher nit
unbgange und inne darin bebethalten.
hebint, Vnd dye snez den Elters dergleich
bschechnen die bstal, vnd böse hat hertzlich
Nid. Gittend derohalben, hochermelt
sngdi sy deßer üühit zuentgelt laßen,
Sondars die eintndt und alter auch
anderlich das daß slyb umb etwas
priumsiert Ignach ansef und gwüßlich
glauben, das syy in einichen weg hieras kein
schuld in ain arbe tden.
sumb gestelt haben, mit jnes dißorts
fürzunemen. Was dero belieben werde etc.</Unicode>
            </TextEquiv>
        </TextRegion>
    </Page>
</PcGts>
