3024 4032
920 170 1247 300 1648.
674 225 1548 566 lale
683 383 1621 655 In anhören und sgegenwürtigkeit
686 462 1609 748 venteft ingeshen
652 554 1605 825 Hrren hrs ursagg inrt zechenderst
693 651 1614 910 daß kleinen, Hr. Johanß Dissles unnd
654 729 1617 1010 d. Friderich Ercharnerss vom grosen
674 847 1621 1087 Stathe sy sohl sßernhart ischa
666 921 1611 1168 Graßweisbels und etlicher sheiken
711 1043 1592 1245 in g herrn und oberen dieneren, den
690 1086 1572 1297 forderlicher maßen espammert.
709 1202 1596 1400 worden, da dan erstlichen beruet
662 1291 1604 1499 Rudolph Coni verzachen und beket
685 1389 1587 1620 auch söliches an der Marter erhalten
679 1494 1228 1649 und bestettiget c.
697 1710 1597 1891 amlichen daß er in keines weg ven
698 1817 1580 1932 eien kan nach dem erenn
683 1894 1584 2051 sein ernerlose muter des complot.
679 1984 1574 2107 mit einanderren gemacht, das er
649 2060 1594 2226 haruf Cristenlicher biebe zu wider
617 2170 1605 2315 und sonderlichen der thrüwn und pflis
638 2256 1572 2389 so er mehrgedachter seiner ehefru
663 2342 1591 2498 var gottlein allmechtigen und ei
659 2436 1587 2572 cristenlichen gmeindt mit handun
597 2530 1573 2664 amuh versprachen uß umblaßungde
645 2610 1597 2774 bößen ceists und sangerefter sein
645 2704 1579 2867 vererenten muter, alß weliche
597 2774 1572 2975 edigem zu frey getragnem herzen
579 2898 1570 3092 Damit erse erselben seiner frouw
615 2998 1573 3168 deren er auch keeinen guten willen
625 3065 1559 3252 fragen, abkamen machte, daß gist
609 3137 1567 3418 gehauff und fur zuselt und e
2166 337 2425 420 1649.
2783 324 2886 422 51.
1846 437 2776 589 söliches irey fum anderen mal in
1843 538 2806 664 sel müßeren gnäßes gegeben
1845 588 2857 764 und sich hierderurch entledigen und
1831 660 2790 846 w�llen, sy umb ir läben brinen w�llen,
1814 785 2866 978 Dauersin Sye auch nit wreinger, das
1849 915 2859 1029 als Barbel Mani sein erstes ehewyb
1858 976 2826 1107 er getragne lybsgrücht uff die welt
1770 1043 2856 1184 bringen wöllen und sich derferigen, gantz
1809 1128 2842 1258 Krankmütig In ir Ruerbelch leben und
1836 1206 2804 1356 begeben mußet, und damalz zweyer
1786 1291 2814 1418 kiden, deß eisen tad deß anderen aber
1816 1364 2881 1507 lebendig. durch die gnad gottes erlediget
1809 1448 2852 1567 und entbuuder worden abe innor
1859 1526 2847 1682 im muter under dem schyn cristenlichen
1841 1606 2803 1742 flydens und gutthätigkeit jreß ein
1793 1685 2799 1817 Supren gekochet und volgents selbige
1789 1763 2796 1907 Eß Nëdigem bösem sie iren geshegten
1845 1851 2824 2008 herzen ime daber antwortet unnd
1832 1952 2822 2104 benolchet söliche gesagter seiner frauwen
1806 2044 2824 2210 zuzebringen, welcches er (wëliser nit
1834 2134 2813 2263 getrüft das gifft darin ware) gethan
1748 2221 2821 2350 Nachtem und aber angeregt sein syb
1825 2299 2790 2448 die süppen gegäsen und ames solchs
1840 2405 2773 2523 son muter grossenbaret, habe
1837 2479 2798 2617 darumb beschalten und darneben sert
1762 2572 2811 2739 muter zueerschonen darzugeschwigen
1775 2671 2824 2819 Alß aber snder deße geahts sein fr
1829 2758 2799 2906 als ein dreyfägige kudt bettehen lut
1823 2843 2783 2983 großem geschwalnem lüb und ingleich
1801 2931 2740 3054 da kind tads verscheiden und deßwosen
1813 3014 2778 3158 zur huf dieselbs d lothenbang jener,
1784 3084 2796 3267 hasfen angesenant worden. Habe sy die
