3024 4032
787 251 984 357 1648
379 286 1344 529 verhörter gezügen mund befunden
449 384 1377 632 sy eoses peiter und elar, gang
449 491 1366 689 überzüget worde, daß nanhlich
453 570 1282 711 dieh gemel ten adle stimbafinren
454 666 1379 853 nit nur allei, fn inei täglich
452 737 1370 923 vnd lollen Guttloßen, Eobte3 la
425 833 1371 1003 irer armes alten vertribnen unde
470 906 1372 1071 widerumb ins ellent verschickt
479 993 1358 1159 gaüwenlich gefluchet, sy verachte
437 1058 1376 1247 lestenet geschensten und gschmecht,
473 1163 1380 1313 besch zu gleich der selbes zu under
469 1249 1345 1399 lichedr zeites Stäß und streichen
469 1329 1354 1477 und bby übel cosctiert habe, so
383 1847 1393 2032 N soliche ir der gedachten Wadl, su
450 1952 1380 2084 Brunerin hochhs grobe und schwäre
480 2029 1390 2138 beides wider dieserste und anderen
478 2101 1390 2231 Tafeles heyliger sachet gebotte,
491 2175 1378 2322 mißhandluntgen etc Haben
472 2277 1383 2423 gehampt angh und obers
426 2340 1382 2497 Spalteiß dia h und burger diser
465 2437 1381 2599 Cieß Spatt Bern unh ires tit
487 2530 1351 2687 richt erkent und gesprachen.
417 2682 1391 2846 Daß mas sy dem Nachrichter beu
477 2769 1388 2925 der sy obenuß uf gwanliche rüst
462 2841 1397 3001 küren. Daselbst ir haupt abschihn
474 2937 1388 3105 und also mit dere schwart ulf
492 3034 1386 3194 zum thad nach keiserlichem rechte
469 3128 1380 3276 statt Ber rechtest hinricht solle
473 3236 1394 3448 Den 19. oembri623 l dise wolhes
456 3378 1167 3549 Iren erstattet schrorfl.
1113 3412 1185 3553 2
1436 1888 1490 1992 C
2163 297 2320 380 1648
1602 347 2267 529 Claude Sudsigr
1654 463 2280 596 von Brsantz im Bargund
1822 563 2036 664 unnd
1591 644 2375 812 Margaritte Bushi de
1675 752 2119 890 de ta Besorti
1462 832 2590 1066 ach dem disere zwo psonen vf verthuen
1509 929 2598 1136 cuenemarit, weliche hhn und bar gespacht,
1525 1026 2626 1191 wo etwan die mäntlüth geft gehelt, daß
1526 1078 2602 1282 sy denselben soliches erkannen mächtinß
1530 1137 2624 1347 ie auch die hybs psas durch die franosen
1526 1237 2620 1444 so gesechen, das speiner dlaußp sohn die hand
1505 1310 2588 1516 uß seinem pettersack gezogen ergriffen.
1516 1427 2614 1578 worden, dieselben gefenklich angenommen,
1528 1496 2552 1668 unnd deß halfen den 27. ccmbr dit ecebris.
1497 1574 2593 1763 Jars Gurch den E. f. f. f. wysen heres
1464 1664 2630 1837 Sammel Frischin Bnehrl fram rath d Groß
1521 1740 2623 1880 weibel ppharners so wol ernttwarth
1525 1819 2641 1956 alß vyglych uß s gden beuelch fraumiets
2206 1902 2276 1952 ß
1537 1900 2637 2018 und befracht worden anzuseigt wie lang
1546 1968 2653 2124 slichs Guerg s gat  knd s de selig
1493 2043 2056 2196 verricht ehrbind etc.
1503 2132 2641 2268 habend sy niemanden den seckel geaumtt
1522 2230 2558 2362 oder gar genamen zu haben nit gestendts
1551 2309 2605 2439 ein wellen. Haben auch einanderen die¬
1546 2377 2569 2499 malen bekänt, nach gesechen, vngeacht, die
1532 2448 2592 2576 wirt zum Wildenmad (enes sy sonder
1540 2523 2629 2640 angen gestelt und die wybs fh endtlich
1522 2592 2630 2723 bekantlich worden) mit einandern im daslben
1453 2661 2559 2788 gmorgen gaßen habend unnd die wylich
1534 2742 2565 2874 sun wohnermntlich das söliche landt
1537 2810 2574 2942 strychende psones sich mit liebstalen und
1519 2864 2613 2998 handeren dergleichhen ungebütlichen mitlen
1540 2957 2577 3084 erhaltind und also der undertane be
1497 3025 2613 3164 Pirerlichi davend zurch, dieselben beid
1518 3102 2544 3251 pfanrer von dero statt und land müt
1548 3176 2600 3305 einer Starcken sensur, und Starker ver¬
1552 3245 2584 3413 manng an eyde statt verwyßen laßen.
1540 3336 2476 3489 Er ist 2 kär e m mit demstein ueßgezoben
1556 3407 1705 3469 word
1539 3421 2489 3595 sy das ist dunket worden cter ut sichea
2544 255 2609 324 8
