3024 4032
1020 253 1221 329 1640
576 226 1329 464 Mibli Siellem
555 363 1305 516 sonst genant Hennen von
750 429 1192 550 Päterkinden,
526 502 1385 762 Ha dan Kurhalgeos
1358 689 1451 779 11
534 651 1426 811 tagen Barbli Stettlerin sonst genam
516 715 1423 923 Hinmnen von Päter kinden seselch
520 801 1452 996 der Haperey halb berüchtiget worden.
540 854 1437 1038 beuelch inpeder gnedigen. Herrn und
519 939 1444 1115 von der amptsman zu landtshut
525 1022 1443 1198 pfencklich alhar geschickt, und d
442 1105 1435 1266 Deß letstes und Auss ssti und 133 a
536 1176 1442 1349 diß 1645 jars Is gegenwentig ki
533 1273 1446 1432 eiß woltermelts herr Ninlaub
532 1360 1442 1497 deß kleinen raths, H. Rnd. Jenner
520 1437 1440 1584 Baubgelters von Burgeren h Has
487 1520 1439 1661 SAdolpl Würstenbergers Groß
525 1605 1446 1774 und etlicher beßeikles mah dieser
562 1694 1451 1832 ß hochermelt ) gel beüelch Jogen
512 1777 1436 1905 strecken thurn examiniert worden
490 1862 1435 2000 Datt dieselbe hernach geschribne
544 1944 1453 2095 und schwere aiß llandfungen
521 2045 1436 2166 und auch volgent mit den marteh
552 2133 1152 2270 unnd bestettiget tc.
478 2304 1444 2480 Camlichen und deß ersten d
550 2415 1433 2552 sy in der thüren zeit mit sveilen fu
537 2493 1433 2642 beladen usin und mit denselben
502 2570 1432 2714 Kummer dem allmußen nachgeso
535 2648 1435 2813 Ine dieselben mit angst und nath
465 2740 1434 2919 elich erhalten, vnd durchh bringen mit
530 2793 1444 2981 sye er ußert und neben demselb
476 2906 1441 3082 vilzeits, sonderlichen aber, sed
523 2979 1435 3181 wenig brott heimbgebracht, von
499 3061 1430 3293 Ehrman vberstractiert, vnd v
526 3144 1447 3345 worden, Daneihar ds sölchen s
532 3231 1440 3433 zustandt, der leidige Tüfel aufs
444 3329 1428 3566 oses nachzusetzen und sy endtliche
466 3568 568 3705 A
449 3680 627 3770 lA
294 3719 579 3885 C
2580 98 2664 173 4
1784 324 1930 416 1643
1562 225 2658 584 den elt
1590 317 2651 652 t
1535 372 2665 735 mnee
1558 448 2678 795 eite e ene
1579 528 2682 863 erer
1548 634 2630 923 bemeint, dem also han wurdt, Is welichem
1588 708 2648 976 seinem lugenhafftes fürgeben, sy sich so wyth
1594 774 2624 1047 beredet und verfüßen laßes, as sy
1591 875 2682 1119 endtlichen leider dahin geratchen und sichflage
1564 974 2674 1200 hallen deß bößen Geists, gentzlicher ergeben,
1574 1058 2578 1245 gott Jreß Erlößer und seligmacher
1581 1103 2627 1374 gleichermaßer ime hienar vermeldet, wer
1571 1227 2495 1451 laugnet und dem süfel geglaubt etc.
1510 1327 2629 1559 aauf der boßgeist, Iren zu Päterkiiden,
1587 1426 2664 1615 als sy daselbsten vf dem Kkilchof Laub stoffge¬
1595 1503 2612 1665 matht. is ein ei schwarzenkleidt, by der
1542 1592 2637 1755 Gaßen, alwo sy das laub sëber den Haag
1583 1683 2659 1844 geschültet, erschinen, mit iren gespräch ge
1577 1765 2630 1922 halten, Alßhaber drey manßpsonen. So
1553 1855 2613 2010 Galda Zunes willen, dahar behangen, Er
1583 1947 2323 2097 alß bald verschwunden sye,
1561 2090 2694 2231 Dene vor ungefar 1 jaren als sy mit einer
1574 2181 2643 2318 anderen wibsppsaz is Buchiberg gangen,
1570 2248 2641 2432 daß allmußen zehauwschen, ye der böß
1570 2324 2695 2495 geist bim Kyburgstahg mit einem grauwen
1518 2406 2676 2592 huth kleid und gut an einem wryßen stekli
1550 2486 2706 2700 gestanden, mit sten abermalen vefl gesprachs
1505 2566 2678 2811 gehalten und under anderem auch guts genug
1525 2637 2479 2869 verheisen, vnd daruf verschundet etc.
1560 2790 2703 3056 zuo knäüwligen by der Beugg, were der böß
1574 2904 2658 3126 geist umb etwas annor is gehtmelter
1553 2958 2679 3226 zeist, dres abermalen ingesagtem sabiet
1556 3020 2647 3302 begegnet, iren vil guts versprachen aber nüt
1547 3103 2651 3403 gehalten onhers fredsanstat de selben
1527 3179 2621 3477 Des hut ab den kopf genomen, sich damit
1538 3248 2673 3571 Hespreg gemacht, daß sy denselben nit mer
1561 3332 2000 3480 shl habe
