3024 4032
415 2570 506 2674 1
375 3132 510 3234 10
434 1291 525 1412 7.
433 2001 546 2084 8
879 140 998 214 16
1030 170 1143 254 29.
671 227 1574 510 ertenanbee
668 307 1608 608 ahet ee
652 371 1589 642 ugelaht imesharuf ein huth zugestelt.
666 481 1589 733 vorabens gsüch verschineet eb alß
652 532 1597 790 zumstronetz die walheit mit einandren
648 633 1598 854 zuhalten und dem weigt fürzugeben, a
649 685 1598 931 ab sy zu Bremgaet, eder slichgangten
668 791 1596 1010 lricht und sich uf slichen schankich be
667 868 1563 1074 jrng hein ins pißderland zegeben,
654 960 1587 1187 illens ihm, ir läben allerten mit ein
658 1040 1326 1196 anderes zeuerschlysen,
1284 1177 1395 1303 C
650 1183 1596 1408 zu pütigkasses mit einem andr wer
649 1309 1588 1480 Imn landherumb Schweistench fmng umb
633 1378 1573 1543 kantel Bätler fr habe er kich aber
673 1467 1576 1638 malen I Hurer vnd Ehebruch ver¬
635 1554 1227 1705 fangd
652 1823 1584 1978 fr letst hingewihner wnnd zuzr
631 1918 1571 2039 Darf Ebeer äbenmeßig mit einer
643 2009 1581 2137 imme unbekanten wybspsohn, welche
595 2085 1575 2231 hen Ruders wylschachen hlahemib Hury
624 2162 1280 2305 und zenznicht getriben,
1125 2269 1311 2403 i.
627 2338 1569 2510 Duter zeit als er by silhelen suin
598 2432 1553 2607 zu Goenkand gehünmeret, habe sie
662 2515 1562 2679 auch mit desselbigen dienstnagt soh
604 2606 1564 2765 Wolf genant Fleischliches vergangen.
1168 2728 1431 2833 eodor
603 2810 1564 2994 Im krauchtal als er dselbstin siner
607 2877 1564 3093 und uf einzeit wol bezäiht  dem
585 2963 1537 3190 Harberg nach r herbrig gegangen,
650 3047 1553 3264 sichgleichfals mit einer ir vote
639 3164 1481 3350 ewuet, weliche hievor enein von
644 3219 1463 3410 wyl ein unehrlich kinde geben, ds
609 3319 1415 3494 nacht In untnsheit verdropt
1610 1478 1656 1537 13
2786 168 2863 237 39
2042 228 2265 317 1649
1717 313 2869 536 abermalen mit des Arzets dochter zu Vertg¬
1705 408 2834 592 Eesi gent dero Espmac sezund knechtswrys
1747 473 2827 678 zus schund handterbs dienet, habe er auch
1736 556 2613 730 mit unküschenwerken sich befleckt.
1680 745 2800 935 Denne, als er zu vechingen ein spycherselffen
1685 847 2845 1001 anneren und machet habe er gleichffals mit
1688 936 2870 1092 Deß sigristen sschwöstern daselbsten Barbli ennt
1694 1000 2173 1168 sgrs geteiles,
1674 1201 2784 1363 Bfaners mit einer andr tirnen uß der
1724 1291 2806 1432 vortey Brandis Barbli sonst Hirfwürstli
1725 1379 2806 1532 geatt, weliche zuuor zweyh uneheliche kind
1660 1444 2778 1612 gehabt, habe er sich auch abenmeßig s
1646 1525 2374 1693 Denrnschen thates vergessen,
1676 1733 2815 1875 Abermalen mit einer ande umbscherei ffenk
1704 1838 2822 1966 Kirnen von Vnzefar 20 Jaren Ires alters
1732 1913 2773 2038 Barbli gent by Ellebberg ob küzelflü
1623 1950 1679 2022 4
1708 1988 2745 2103 dahemmb, habe er sich auch mit veligen
1715 2062 2441 2199 fleischlich werken vergangen.
1690 2216 2749 2385 Soff eid zeit, als er von einem langnauwer
1722 2336 2691 2457 märit, nacher ruderswyl ganget.
1600 2406 2784 2533 . Habe er ein scwarz bubes dirnes offli gent
1726 2481 2762 2579 mit ime gefürten mit welichers er sich da-
1695 2557 2718 2700 selbsten zu Ruderswyl dn Hurey und
1709 2639 2315 2791 Erbauch verhündiget
1738 2830 2746 2981 anthin vor vngefar 3 Jaren habe er sich
1737 2911 2703 3039 abermaln mit einer ehrnes im Bienbat
1581 2977 2716 3123 16. Daseim6. weliche sienar ly Uli Gräüb
1749 3050 2750 3178 einem gesoanen ein unehelich kind erzühet
1744 3123 2712 3278 eipmal In Hurer und ehebruch dract
