3024 4032
939 181 1232 319 1649.
632 222 1561 557 nd in as li sis li
622 356 1572 624 Ime das örffelmüßli fürgehalten, oder
615 453 1581 742 Shettene en nsan
635 532 1573 769 wollen habe es söliches viemalen
651 620 1582 853 andet, sondern spilschwygliges alsolten
633 689 1576 917 blybes laßen. Alß über sy die frhen
620 776 1569 992 darumb zu red gestelt hoff den also s
621 862 1567 1072 und ob er solichs gethan, habe er ih
639 936 1560 1125 vil anders daruk gesagt, weder
648 1035 1560 1215 allein vermeldet goft, sol ih darnan
637 1112 880 1268 bhürten.
542 1231 1543 1417 Berners zeigtauch an, daß frey tha
651 1333 1560 1521 soliches zum dritenmals widerscharen,
645 1426 1541 1596 allem ob es ire schwiger di sea
622 1517 1562 1708 das nit woll an sye) oder aber se
628 1594 1560 1777 gethan haben, möge sy nit wüßen
645 1697 1550 1839 allein sy gedenke wol, das sy einam
631 1793 1531 1965 gehölffen habind, wie das sy se
634 1899 1561 2030 dem jenges fürgetrißfnet wusn nach
341 1928 631 2020 4 und in iren
370 1991 595 2091 trag geheben.
643 1985 1564 2117 Mras Wyser Matepu, so die hro d
628 2063 1547 2236 und appotteker aisenitam Hansen
625 2159 1537 2321 funden. Wär aber dise Materi darih
626 2253 1388 2434 gethan mage sy nit wüshe.
581 2475 1543 2661 Darh dem nun uof sölichen brücht
630 2582 1538 2742 wol die muter, salß auch ir solten
611 2641 1541 2827 oß wolermelt jr geh beuselch gfenkn
595 2743 1546 2947 yntogen worden Hat hochgeßant
604 2856 1535 3049 Igch. belieben wöllen, Herr Mir
596 2902 1536 3161 Lehender, daß raths in befelcht
604 3001 1546 3241 tragen, volgende psones alß wl
616 3105 1536 3328 loher vgifftwrg halben wtard e
606 3175 1529 3481 sen gasteo beicht
2716 226 2821 315 45.
1997 262 2239 381 1649.
2706 318 2816 416 a
1751 380 2846 535 Informations wyß zeuernemmen, esend
1730 415 2863 605 hierüber des 2f. ocbris nachgeschribnes beicht
1712 530 2281 706 Iegelicht worde,
1671 614 2854 818 Enstlich meldet mm Jacob Höfli dr Bader am
1736 720 2768 898 spitz, daß nach dem vor wegns tagen an
1767 781 2806 949 einem donstag laus fr ein ölffelmüßli
1735 864 2800 1044 In seinem huß alwo ehr jucs beich schafttn
1683 940 2783 1099 vnd thermen bewilligett gekochet habe
1744 1030 2781 1168 die pr nach irei fürgeben, das eiber
1734 1113 2789 1263 blibege, deß vormelte Coffelmüßlins am
1722 1199 2797 1340 sambstag darnach widerumb gewrermet
1733 1281 2817 1435 und volgents daßelbig ufelo sich gestelt
1744 1370 2804 1528 alß sy aber gesehen, das etwas Meyßen
1705 1463 2748 1601 Piluers darin geweßen, habe sy er
1670 1534 2754 1715 Mahann gefragt, Waß das sein machten
1747 1636 2779 1811 Der irey geantwortet, Es nnr kolch
1744 1733 2740 1864 syn so von der Lili herab gefallen,
1755 1827 2770 1964 Waruf die fr dauas genomen unnd
1751 1913 2746 2053 gäßen, jedach gleich hernach sich gantz
1698 1996 2727 2153 brankmütig und übel umb ir hertz
1737 2086 2791 2190 befunden, Entlich aber Reu sich erburtn
1713 2171 2764 2278 und erbrechen müßen, Morgens aber
1750 2254 2779 2385 sye söliches frez, Is die Glider solicher
1751 2335 2753 2475 maßen geschlagen, das sy nit mehr
1714 2421 2731 2550 Wacdlen konnen, ime gezüsgen auch
1757 2501 2735 2634 ein körnli ungfahr nir rysins groß
1739 2570 2747 2718 weliches sy so vermeltem efelmußge
1737 2677 2727 2806 funden zugebracht und begeet, das er
1743 2769 2682 2905 ires stagen solte, was es weren.
1747 2843 2722 2971 weliches er res anzuzeihn nüt gewüsten
1729 2907 2693 3081 War habe er Höfli sölich Körnli mit
1759 3004 2678 3162 einen lendes zerbißen und es wider
1747 3091 2704 3248 alß bald heruß gehöürt. Habe aber
