3024 4032
851 157 964 261 16
997 182 1140 271 19.
732 271 1456 534 Anna Hang von
950 422 1159 544 ige
616 477 1552 755 siyl ed lishen ven
617 632 1554 855 land übersgerbürliche zeit und zu spath
599 702 1546 884 dem Vatter desselben vbergeken vnnd
617 769 1540 957 also hierin generd brucht.Alß
612 850 1549 1018 sr h troluerdienter straff eseit
604 925 1552 1096 haltn ins Schallenwerkh verschuffet und
573 980 1561 1180 agefeitlet worden Actomab. 76 ebr.
620 1337 1511 1512 udis Jacob Schaffner
898 1455 1232 1583 von Brugg.
567 1590 1532 1756 e3 19. novembris ist diser nach dem gsahen
597 1713 1556 1826 von deß gaites begangnes Hurenfälers
619 1771 1537 1911 wegeß biß uf gnad mit dem fhit von
589 1856 1524 1967 statt und lnd verwisen: jedaß
615 1935 1566 2091 unzit Martini cermin bewilliget worden
785 2214 1361 2383 Alli ingolste
769 2316 1311 2464 ußem ampt Bang
539 2493 1556 2696 Wiewol uf eine stegeg zußrech endt
585 2622 1525 2815 Ingald uff eintösing keil nach seyden
546 2706 1530 2892 beuelch, deß eidtlink sralterten wall
541 2761 1514 2974 So ist er zelah durch die frauw vn us
577 2850 1517 3048 die Branzen gefart und ieme darby
581 2905 1539 3128 yngescherafft worden, das war er uber
592 2973 1546 3235 2 ß sich widerumb ins land laßes wd
501 3081 1528 3294 anan seine soliches für gleichwol füren
581 3141 1515 3405 eidts vbeetrettung rechnen werde,
537 3315 897 3483 A56
2737 223 2845 319 42
1985 247 2234 332 1649.
1834 320 2567 503 Chaus Geyßbuler.
1949 443 2389 559 von Obers fr
1756 537 2800 705 lachdem verschiner tagen hieuorge
1766 629 2821 760 melter hauß Fund und er anderen seines
1756 681 2810 873 unthates bekent, Daß Clans Geyßbuler
1730 762 2813 916 der geweßne Wiet zu Eberbung, Ime etwas
1718 848 2799 1006 sbwerths helffen entfrämbden, und so ver-
1733 922 2754 1077 kauffung deßelben ouch seines antheil
1729 1002 2779 1173 uß erlößen solt bekonet. Labend
1741 1081 2737 1245 mughrs und oberen gut sein erachtet,
1584 1131 1676 1256 6
1743 1171 2740 1319 nach ermeltem geißbüsser ze stellen
1600 1253 2815 1465 sh und sy beid deßenhhalben, gegen ein andersn
1722 1345 2736 1508 Insisonticren gellaßen, welicher dan¬
1710 1444 2751 1574 vor etwas tagen warhamlich alhar
1699 1519 2797 1689 D. Jagd bandes gebracht, und volgents
1708 1617 2780 1750 Dß wolermelt ioch gden benelch durch die
1665 1689 2738 1858 Erenneste ff j wyser hren hrr Vinrent
1708 1773 2761 1928 Ußagner daß Kleines stathr herren Grath
1704 1869 2781 2005 Ludwig Stüeler deß Annn de rathhuß.
1718 1947 2781 2086 Is bittem herren Großweisel Tharners
1650 2022 2748 2174 vnd etlicher J g dieneren der Weiblen,
1689 2136 2779 2257 So wol mit ernsthafftes worten und zusprechen
1708 2207 2734 2340 alß auch mit jsunlicher martter esa
1725 2291 2735 2421 imipicien lassen, Da er dan verzohln
1647 2360 2353 2500 und bekent alß volgete
1654 2468 2755 2601 Namlich, wie mit wreniger, das daß obge¬
1732 2562 2740 2658 melter Hanß Fund vor etwas knotz ab
1707 2633 2736 2768 gelofner Zeiht, sampt einer by sich geherten
1647 2703 2659 2836 Nirnen nacher Oberburg als er nach
1701 2783 2689 2929 gewirttet in sein ersament kommen und
1655 2857 2689 3004 Dein Schuftho sy alda gemehget vnd gates
1713 2924 2676 3062 mit gebracht und hernach villmalto by
1695 3003 2661 3146 ime yngekert und gezächet., habe er
1602 3087 2674 3238 Ger tbuler. nach vnd nach Kundtsamen
