<?xml version="1.0" encoding="UTF-8" standalone="yes"?>
<PcGts xmlns="http://schema.primaresearch.org/PAGE/gts/pagecontent/2013-07-15" xmlns:xsi="http://www.w3.org/2001/XMLSchema-instance" xsi:schemaLocation="http://schema.primaresearch.org/PAGE/gts/pagecontent/2013-07-15 http://schema.primaresearch.org/PAGE/gts/pagecontent/2013-07-15/pagecontent.xsd">
    <Metadata>
        <Creator>prov=University of Rostock/Institute of Mathematics/CITlab|PLANET AI GmbH/Gundram Leifert/gundram.leifert@planet-ai.de:name=German_Kurrent_XVI-XVIII_M1(htr_id=19584)::::v=2.6.6
prov=University of Rostock/Institute of Mathematics/CITlab|PLANET AI GmbH/Tobias Gruening/tobias.gruening@planet-ai.de:name=de.uros.citlab.module.baseline2polygon.B2PSeamMultiOriented:v=2.6.6
prov=University of Rostock/Institute of Mathematics/CITlab|PLANET AI GmbH/Tobias Gruening/tobias.gruening@planet-ai.de:name=/net_tf/LA73_249_0mod360.pb:de.uros.citlab.segmentation.CITlab_LA_ML:v=2.6.6
Transkribus</Creator>
        <Created>2020-10-05T11:30:02.865+02:00</Created>
        <LastChange>2022-09-12T14:39:19.057+02:00</LastChange>
        <TranskribusMetadata docId="1334827" pageId="52360678" pageNr="65" tsid="114642445" status="IN_PROGRESS" userId="9570" imgUrl="https://files.transkribus.eu/Get?id=PWYUKXNSRUWVHYGHBFNPOHRO&amp;fileType=view" xmlUrl="https://files.transkribus.eu/Get?id=BRPEWRFJYRSOWLOCQHKFJDWZ" imageId="16043073"/>
    </Metadata>
    <Page imageFilename="IMG_7759.JPG" imageWidth="3024" imageHeight="4032">
        <ReadingOrder>
            <OrderedGroup id="ro_1687513748568" caption="Regions reading order">
                <RegionRefIndexed index="0" regionRef="r1"/>
                <RegionRefIndexed index="1" regionRef="r2"/>
            </OrderedGroup>
        </ReadingOrder>
        <TextRegion orientation="0.0" id="r1" custom="readingOrder {index:0;}">
            <Coords points="350,171 350,3819 1590,3819 1590,171"/>
            <TextLine id="r1l1" custom="readingOrder {index:0;}">
                <Coords points="926,249 946,247 980,261 1045,246 1053,254 1085,253 1099,264 1137,260 1170,281 1181,231 1151,217 1134,197 1098,197 1086,182 1037,204 1006,166 962,184 943,171"/>
                <Baseline points="942,209 967,212 992,217 1018,224 1043,231 1068,238 1094,244 1119,249 1144,251 1170,252"/>
                <TextEquiv>
                    <Unicode>1649.</Unicode>
                </TextEquiv>
            </TextLine>
            <TextLine id="r1l2" custom="readingOrder {index:1;}">
                <Coords points="619,343 752,390 1052,404 1152,455 1320,449 1576,575 1593,488 1379,361 1288,383 1222,314 748,334 672,245 635,257"/>
                <Baseline points="624,353 671,357 719,362 766,366 814,371 861,376 909,381 956,388 1004,393 1051,400 1099,409 1147,417 1194,426 1242,437 1289,448 1337,461 1384,474 1432,489 1479,505 1527,524 1575,543"/>
                <TextEquiv>
                    <Unicode>benrdenit sich gute heue</Unicode>
                </TextEquiv>
            </TextLine>
            <TextLine id="r1l3" custom="readingOrder {index:2;} person {offset:20; length:11;}">
                <Coords points="642,424 929,463 980,524 1066,480 1221,539 1337,526 1553,619 1573,568 1233,430 1109,456 1054,404 904,423 820,376 760,407 652,365"/>
                <Baseline points="648,429 693,433 739,438 784,442 830,447 876,452 921,457 967,462 1012,468 1058,475 1104,481 1149,489 1195,497 1240,508 1286,517 1332,528 1377,539 1423,553 1468,566 1514,582 1560,599"/>
                <TextEquiv>
                    <Unicode>sy vor deenig tages Hans Liemas </Unicode>
                </TextEquiv>
            </TextLine>
            <TextLine id="r1l4" custom="readingOrder {index:3;}">
                <Coords points="630,517 828,525 890,577 969,540 1212,568 1275,591 1351,700 1486,647 1589,728 1606,634 1404,549 1330,527 1259,555 1187,503 1076,488 978,522 929,464 845,500 748,442 646,432"/>
                <Baseline points="641,498 688,504 735,510 783,515 830,521 878,526 925,532 973,537 1020,543 1068,550 1115,557 1162,564 1210,573 1257,583 1305,592 1352,604 1400,617 1447,631 1495,646 1542,664 1590,683"/>
                <TextEquiv>
                    <Unicode>bete pete e ent st</Unicode>
                </TextEquiv>
            </TextLine>
            <TextLine id="r1l5" custom="readingOrder {index:4;}">
                <Coords points="633,591 668,613 728,588 798,660 917,607 1004,640 1095,635 1141,686 1194,691 1243,665 1301,677 1309,615 1211,567 1071,575 950,540 891,577 831,528 773,522 693,555 665,520 641,526"/>
                <Baseline points="642,581 674,582 707,584 740,587 772,589 805,592 838,595 870,597 903,602 936,606 969,610 1001,614 1034,619 1067,624 1099,628 1132,634 1165,638 1197,645 1230,649 1263,655 1296,660"/>
                <TextEquiv>
                    <Unicode>mäßarbs unterackt</Unicode>
                </TextEquiv>
            </TextLine>
            <TextLine id="r1l6" custom="readingOrder {index:5;}">
                <Coords points="630,763 765,760 903,810 989,784 1062,838 1223,813 1538,902 1566,898 1579,807 1491,808 1434,745 1281,763 1226,729 1159,771 1010,664 771,731 639,701"/>
                <Baseline points="639,752 685,755 731,758 777,761 823,764 869,767 915,771 961,774 1007,779 1053,783 1099,788 1145,795 1191,802 1237,809 1283,817 1329,827 1375,838 1421,850 1467,863 1513,875 1559,891"/>
                <TextEquiv>
                    <Unicode>dernach zu volligen, als sy bend den h</Unicode>
                </TextEquiv>
            </TextLine>
            <TextLine id="r1l7" custom="readingOrder {index:6;}">
                <Coords points="649,833 782,873 862,860 910,899 998,858 1085,915 1179,872 1388,901 1575,983 1584,914 1477,865 1394,880 1367,846 1296,863 1219,817 1059,837 990,784 904,817 790,765 658,767"/>
                <Baseline points="657,827 702,831 748,834 794,839 839,842 885,846 931,849 976,852 1022,855 1068,860 1114,864 1159,869 1205,875 1251,881 1296,888 1342,897 1388,906 1433,918 1479,929 1525,943 1571,959"/>
                <TextEquiv>
                    <Unicode>aselbsten getroschen, seihe ein müt dies</Unicode>
                </TextEquiv>
            </TextLine>
            <TextLine id="r1l8" custom="readingOrder {index:7;}">
                <Coords points="631,935 704,973 874,923 919,973 989,933 1214,952 1416,990 1576,1069 1586,988 1384,903 1311,936 1252,887 1211,919 1085,914 1034,866 909,899 642,846"/>
                <Baseline points="642,906 688,910 735,912 781,915 828,917 874,920 921,923 967,925 1014,929 1060,933 1107,938 1153,942 1200,948 1246,955 1293,963 1339,972 1386,982 1432,994 1479,1009 1525,1023 1572,1040"/>
                <TextEquiv>
                    <Unicode>ud e meß haber entwent und solche</Unicode>
                </TextEquiv>
            </TextLine>
            <TextLine id="r1l9" custom="readingOrder {index:8;}">
                <Coords points="633,1012 762,993 868,1039 936,1009 1193,1031 1505,1115 1556,1113 1565,1032 1388,1035 1325,973 1256,1006 1178,948 1126,990 1038,947 918,975 853,922 705,973 639,956"/>
                <Baseline points="642,998 687,999 732,1001 778,1002 823,1004 869,1005 914,1007 959,1010 1005,1014 1050,1016 1096,1022 1141,1026 1186,1031 1232,1037 1277,1045 1323,1052 1368,1061 1413,1071 1459,1082 1504,1094 1550,1107"/>
                <TextEquiv>
                    <Unicode>dem jeziges sternen wirt an besahnt</Unicode>
                </TextEquiv>
            </TextLine>
            <TextLine id="r1l10" custom="readingOrder {index:9;}">
                <Coords points="639,1146 774,1082 832,1131 883,1102 1006,1160 1157,1116 1281,1184 1428,1143 1566,1218 1565,1092 1527,1121 1333,1064 1277,1102 1138,1032 1039,1076 967,1030 820,1059 755,1000 655,1018"/>
                <Baseline points="654,1079 699,1080 744,1083 789,1086 835,1089 880,1091 925,1094 971,1096 1016,1100 1061,1103 1107,1107 1152,1111 1197,1117 1242,1123 1288,1131 1333,1139 1378,1149 1424,1159 1469,1173 1514,1187 1560,1202"/>
                <TextEquiv>
                    <Unicode>schuldiges zergelts zugebracht, w</Unicode>
                </TextEquiv>
            </TextLine>
            <TextLine id="r1l11" custom="readingOrder {index:10;}">
                <Coords points="639,1184 1171,1196 1450,1243 1585,1308 1574,1221 1426,1211 1368,1152 1275,1190 1188,1137 1136,1168 1006,1160 888,1103 832,1131 771,1082 643,1152"/>
                <Baseline points="648,1169 694,1170 741,1170 787,1172 834,1175 881,1176 927,1179 974,1182 1021,1185 1067,1189 1114,1194 1161,1199 1207,1206 1254,1213 1301,1220 1347,1229 1394,1238 1441,1247 1487,1258 1534,1271 1581,1284"/>
                <TextEquiv>
                    <Unicode>ainkel ime pe 48 ß der haber das maß</Unicode>
                </TextEquiv>
            </TextLine>
            <TextLine id="r1l12" custom="readingOrder {index:11;}">
                <Coords points="614,1286 997,1277 1077,1348 1212,1313 1307,1373 1395,1329 1491,1377 1499,1269 1437,1241 1275,1260 1170,1194 1084,1231 974,1176 857,1208 826,1174 727,1233 619,1218"/>
                <Baseline points="623,1266 666,1265 709,1265 752,1265 796,1265 839,1266 882,1266 925,1268 969,1270 1012,1272 1055,1274 1098,1277 1142,1281 1185,1284 1228,1289 1271,1294 1315,1300 1358,1307 1401,1314 1444,1320 1488,1329"/>
                <TextEquiv>
                    <Unicode>p 10 krüher angeschlagen habind</Unicode>
                </TextEquiv>
            </TextLine>
            <TextLine id="r1l13" custom="readingOrder {index:12;}">
                <Coords points="615,1498 681,1468 727,1499 1079,1476 1213,1545 1322,1495 1569,1546 1573,1472 1395,1419 1306,1430 1228,1386 982,1433 910,1383 624,1349"/>
                <Baseline points="624,1472 673,1473 722,1473 772,1473 821,1474 871,1475 920,1476 969,1478 1019,1479 1068,1482 1118,1484 1167,1487 1217,1490 1266,1494 1315,1499 1365,1503 1414,1510 1464,1516 1513,1523 1563,1530"/>
                <TextEquiv>
                    <Unicode>Abermales mit lilf gedachten hanter</Unicode>
                </TextEquiv>
            </TextLine>
            <TextLine id="r1l14" custom="readingOrder {index:13;} place {offset:10; length:13;}">
                <Coords points="621,1565 1135,1550 1306,1612 1435,1580 1559,1638 1548,1536 1371,1530 1333,1496 1220,1542 1134,1534 1084,1485 1033,1510 625,1495"/>
                <Baseline points="630,1548 676,1548 722,1548 768,1548 814,1548 861,1549 907,1550 953,1550 999,1551 1045,1553 1092,1554 1138,1556 1184,1558 1230,1561 1276,1565 1323,1569 1369,1573 1415,1579 1461,1584 1507,1592 1554,1599"/>
                <TextEquiv>
                    <Unicode>Hanßen zu Ostereundusen eins zu</Unicode>
                </TextEquiv>
            </TextLine>
            <TextLine id="r1l15" custom="readingOrder {index:14;} place {offset:0; length:7;}">
                <Coords points="630,1646 933,1629 1028,1672 1093,1638 1177,1708 1279,1641 1550,1680 1560,1645 1438,1581 1305,1618 1250,1588 1148,1614 1049,1572 925,1587 866,1548 634,1564"/>
                <Baseline points="639,1617 684,1620 730,1622 775,1623 821,1626 867,1626 912,1628 958,1629 1003,1630 1049,1631 1095,1632 1140,1632 1186,1635 1231,1637 1277,1639 1323,1642 1368,1646 1414,1650 1459,1655 1505,1662 1551,1668"/>
                <TextEquiv>
                    <Unicode>Bnmoliz unßer zwegen malen vr</Unicode>
                </TextEquiv>
            </TextLine>
            <TextLine id="r1l16" custom="readingOrder {index:15;}">
                <Coords points="637,1730 819,1697 1113,1743 1192,1718 1567,1744 1568,1683 1530,1665 1349,1652 1156,1703 1120,1665 1080,1697 995,1642 895,1674 822,1629 782,1659 686,1631 639,1659"/>
                <Baseline points="645,1712 690,1712 736,1712 782,1712 828,1710 873,1710 919,1712 965,1712 1011,1712 1056,1713 1102,1713 1148,1715 1194,1716 1239,1717 1285,1719 1331,1721 1377,1722 1422,1725 1468,1728 1514,1730 1560,1734"/>
                <TextEquiv>
                    <Unicode>Schaaft darunn eins de junser</Unicode>
                </TextEquiv>
            </TextLine>
            <TextLine id="r1l17" custom="readingOrder {index:16;} place {offset:3; length:6;}">
                <Coords points="637,1859 838,1798 955,1810 1025,1859 1094,1819 1370,1851 1463,1811 1549,1841 1562,1746 1491,1731 1451,1760 1355,1728 1301,1765 1194,1719 1054,1756 977,1710 877,1758 774,1714 639,1730"/>
                <Baseline points="645,1805 690,1799 735,1794 781,1791 826,1790 872,1788 917,1788 963,1788 1008,1790 1054,1790 1099,1793 1144,1794 1190,1797 1235,1799 1281,1800 1326,1803 1372,1806 1417,1807 1463,1809 1508,1809 1554,1811"/>
                <TextEquiv>
                    <Unicode>zu Smpliz gewesen, entfränckdet</Unicode>
                </TextEquiv>
            </TextLine>
            <TextLine id="r1l18" custom="readingOrder {index:17;}">
                <Coords points="604,2073 1031,2036 1561,2069 1561,1991 1452,2001 1395,1965 1142,2011 1065,1953 738,2001 604,1968"/>
                <Baseline points="611,2051 658,2049 705,2048 752,2045 799,2045 846,2043 893,2042 941,2042 988,2042 1035,2042 1082,2042 1129,2042 1176,2043 1223,2043 1271,2045 1318,2045 1365,2046 1412,2049 1459,2049 1506,2051 1554,2054"/>
                <TextEquiv>
                    <Unicode>Endtlich, so habe er einzig und allein</Unicode>
                </TextEquiv>
            </TextLine>
            <TextLine id="r1l19" custom="readingOrder {index:18;} place {offset:3; length:10;} place {offset:23; length:6;}">
                <Coords points="625,2138 832,2126 919,2160 964,2120 1157,2145 1289,2111 1490,2163 1550,2124 1549,2069 1393,2054 625,2060"/>
                <Baseline points="632,2129 677,2126 723,2124 768,2121 814,2120 859,2118 905,2118 950,2117 996,2117 1041,2115 1087,2115 1132,2115 1178,2115 1223,2116 1269,2117 1314,2118 1360,2119 1405,2120 1451,2123 1496,2124 1542,2126"/>
                <TextEquiv>
                    <Unicode>zu stüfenacht zwey. zu deisey</Unicode>
                </TextEquiv>
            </TextLine>
            <TextLine id="r1l20" custom="readingOrder {index:19;} place {offset:12; length:4;}">
                <Coords points="604,2236 696,2209 828,2244 925,2203 1056,2222 1216,2193 1270,2224 1367,2201 1406,2235 1467,2200 1520,2232 1542,2136 1419,2161 1287,2111 1168,2158 1127,2122 988,2144 964,2120 919,2160 848,2139 603,2195"/>
                <Baseline points="611,2219 657,2216 703,2213 749,2210 796,2207 842,2204 888,2202 934,2201 981,2198 1027,2196 1073,2196 1119,2195 1166,2195 1212,2195 1258,2195 1304,2196 1351,2198 1397,2200 1443,2203 1489,2206 1536,2210"/>
                <TextEquiv>
                    <Unicode>umb item zu Worb zweysschaf,</Unicode>
                </TextEquiv>
            </TextLine>
            <TextLine id="r1l21" custom="readingOrder {index:20;} place {offset:18; length:3;}">
                <Coords points="649,2314 1039,2287 1142,2348 1221,2281 1558,2300 1543,2218 1391,2240 1250,2209 1070,2240 973,2198 828,2254 648,2226"/>
                <Baseline points="656,2301 700,2299 745,2296 790,2294 835,2292 879,2290 924,2288 969,2286 1014,2285 1058,2283 1103,2282 1148,2282 1193,2280 1237,2280 1282,2280 1327,2280 1372,2282 1416,2283 1461,2285 1506,2286 1551,2289"/>
                <TextEquiv>
                    <Unicode>und hiemit an der Jal uberal 1 s</Unicode>
                </TextEquiv>
            </TextLine>
            <TextLine id="r1l22" custom="readingOrder {index:21;}">
                <Coords points="644,2406 1299,2356 1469,2396 1543,2375 1541,2301 1399,2284 1270,2323 1233,2291 1068,2307 1035,2284 962,2333 909,2293 642,2340"/>
                <Baseline points="650,2393 694,2389 738,2384 782,2380 827,2376 871,2373 915,2370 960,2369 1004,2367 1048,2366 1093,2364 1137,2363 1181,2363 1225,2363 1270,2363 1314,2363 1358,2363 1403,2363 1447,2364 1491,2364 1536,2366"/>
                <TextEquiv>
                    <Unicode>und stuk entfr�mbden helffen, so</Unicode>
                </TextEquiv>
            </TextLine>
            <TextLine id="r1l23" custom="readingOrder {index:22;} place {offset:11; length:8;}">
                <Coords points="643,2490 812,2467 893,2512 961,2468 1016,2495 1107,2457 1380,2470 1478,2440 1555,2467 1567,2380 1363,2391 1299,2356 1132,2410 1069,2378 902,2389 787,2440 681,2396 639,2416"/>
                <Baseline points="650,2486 695,2479 741,2474 786,2469 832,2465 878,2462 923,2459 969,2458 1014,2456 1060,2454 1106,2453 1151,2453 1197,2451 1242,2450 1288,2450 1334,2448 1379,2447 1425,2445 1470,2442 1516,2439 1562,2435"/>
                <TextEquiv>
                    <Unicode>seye er zu Pßistorf und uf der ist</Unicode>
                </TextEquiv>
            </TextLine>
            <TextLine id="r1l24" custom="readingOrder {index:23;}">
                <Coords points="629,2591 723,2566 839,2610 897,2557 983,2544 1275,2579 1339,2540 1550,2546 1546,2467 1492,2449 1372,2463 1321,2509 1214,2459 1176,2490 1062,2466 1007,2512 901,2516 833,2471 731,2525 675,2481 624,2492"/>
                <Baseline points="636,2582 681,2574 726,2567 771,2563 817,2556 862,2553 907,2549 953,2546 998,2544 1043,2543 1089,2541 1134,2540 1179,2539 1224,2538 1270,2537 1315,2535 1360,2534 1406,2532 1451,2529 1496,2526 1542,2523"/>
                <TextEquiv>
                    <Unicode>da er vermeint schaff zu entwendet</Unicode>
                </TextEquiv>
            </TextLine>
            <TextLine id="r1l25" custom="readingOrder {index:24;}">
                <Coords points="636,2680 751,2724 912,2669 1068,2662 1124,2703 1230,2637 1547,2641 1525,2542 1469,2570 1337,2543 1276,2578 1118,2542 1053,2590 994,2554 889,2562 834,2610 790,2586 753,2620 632,2604"/>
                <Baseline points="642,2673 686,2667 731,2660 776,2655 821,2651 866,2646 910,2643 955,2641 1000,2639 1045,2636 1090,2634 1134,2633 1179,2631 1224,2630 1269,2628 1314,2627 1358,2625 1403,2622 1448,2619 1493,2616 1538,2612"/>
                <TextEquiv>
                    <Unicode>versagt und abgestriben worden.</Unicode>
                </TextEquiv>
            </TextLine>
            <TextLine id="r1l26" custom="readingOrder {index:25;}">
                <Coords points="568,3026 701,3001 759,2946 858,2962 931,2926 1286,2896 1340,2927 1561,2854 1550,2773 1429,2837 1284,2783 1196,2822 831,2839 740,2901 552,2873"/>
                <Baseline points="570,2972 619,2965 668,2958 717,2950 766,2945 816,2940 865,2934 914,2929 963,2925 1012,2921 1062,2917 1111,2912 1160,2908 1209,2904 1258,2899 1308,2894 1357,2889 1406,2883 1455,2877 1504,2870 1554,2862"/>
                <TextEquiv>
                    <Unicode>Vnsch dussölichen sein daßgedacht se</Unicode>
                </TextEquiv>
            </TextLine>
            <TextLine id="r1l27" custom="readingOrder {index:26;}">
                <Coords points="641,3081 782,3027 1075,3005 1116,3035 1210,2979 1259,3009 1310,2968 1488,2978 1543,2937 1539,2894 1384,2896 1339,2928 1241,2903 1124,2907 1090,2938 931,2927 743,3010 661,2987 633,3009"/>
                <Baseline points="644,3047 688,3039 733,3032 777,3027 822,3021 867,3017 911,3012 956,3008 1000,3005 1045,3001 1090,2997 1134,2993 1179,2991 1223,2987 1268,2981 1313,2976 1357,2970 1402,2963 1446,2956 1491,2947 1536,2936"/>
                <TextEquiv>
                    <Unicode>hundes bekente diebstähl und einde</Unicode>
                </TextEquiv>
            </TextLine>
            <TextLine id="r1l28" custom="readingOrder {index:27;}">
                <Coords points="635,3145 942,3091 1019,3110 1137,3067 1303,3104 1348,3053 1486,3064 1536,3012 1531,2966 1329,3017 1209,2980 1120,3039 1035,3005 629,3085"/>
                <Baseline points="642,3135 686,3126 730,3117 775,3110 819,3105 864,3099 908,3093 952,3089 997,3085 1041,3081 1086,3078 1130,3074 1174,3070 1219,3066 1263,3062 1308,3056 1352,3051 1396,3045 1441,3037 1485,3029 1530,3020"/>
                <TextEquiv>
                    <Unicode>die andere Tafelen keyliger sehen</Unicode>
                </TextEquiv>
            </TextLine>
            <TextLine id="r1l29" custom="readingOrder {index:28;}">
                <Coords points="621,3235 811,3200 902,3248 961,3210 1071,3217 1136,3162 1224,3204 1388,3117 1543,3098 1529,3019 1487,3064 1440,3047 1337,3103 1200,3072 1120,3122 757,3113 614,3178"/>
                <Baseline points="627,3225 672,3214 717,3205 762,3196 808,3189 853,3183 898,3178 943,3174 989,3169 1034,3165 1079,3161 1124,3157 1170,3152 1215,3147 1260,3142 1305,3134 1351,3126 1396,3116 1441,3106 1486,3092 1532,3077"/>
                <TextEquiv>
                    <Unicode>vilfaltige begangne ehebruch und mih</Unicode>
                </TextEquiv>
            </TextLine>
            <TextLine id="r1l30" custom="readingOrder {index:29;}">
                <Coords points="1180,3282 1255,3264 1297,3226 1332,3241 1352,3227 1411,3231 1451,3255 1470,3240 1498,3246 1548,3188 1523,3077 1487,3122 1443,3110 1387,3117 1335,3171 1271,3174 1250,3193 1200,3170 1162,3201"/>
                <Baseline points="1182,3260 1207,3251 1232,3244 1257,3238 1283,3232 1308,3226 1333,3223 1359,3218 1384,3212 1409,3208 1434,3202 1460,3196 1485,3188 1510,3179 1536,3168"/>
                <TextEquiv>
                    <Unicode> Herbend sost</Unicode>
                </TextEquiv>
            </TextLine>
            <TextLine id="r1l31" custom="readingOrder {index:30;}">
                <Coords points="640,3361 723,3307 757,3315 798,3300 899,3335 922,3306 952,3312 988,3283 1038,3269 1034,3228 1000,3233 961,3210 940,3230 874,3244 811,3199 745,3211 729,3199 630,3267"/>
                <Baseline points="641,3300 667,3299 693,3297 719,3294 745,3291 771,3288 797,3284 823,3280 849,3278 875,3275 901,3271 927,3270 953,3267 979,3266 1005,3264 1031,3263"/>
                <TextEquiv>
                    <Unicode>handlunger</Unicode>
                </TextEquiv>
            </TextLine>
            <TextLine id="r1l32" custom="readingOrder {index:31;}">
                <Coords points="345,3783 422,3754 575,3752 589,3737 625,3756 723,3716 856,3735 842,3629 750,3614 600,3699 545,3674 501,3700 336,3713"/>
                <Baseline points="350,3765 376,3763 402,3761 428,3758 454,3755 480,3752 506,3749 532,3746 558,3742 584,3739 610,3735 636,3731 662,3728 688,3724 714,3722 740,3718 766,3714 792,3711 818,3708 845,3705"/>
                <TextEquiv>
                    <Unicode>die diebstäl so er bbent</Unicode>
                </TextEquiv>
            </TextLine>
            <TextLine id="r1l33" custom="readingOrder {index:32;}">
                <Coords points="365,3817 537,3806 563,3786 616,3800 707,3765 778,3770 885,3745 881,3717 849,3737 759,3715 669,3750 592,3738 359,3772"/>
                <Baseline points="371,3809 396,3808 421,3806 447,3804 472,3801 497,3799 523,3795 548,3792 573,3789 599,3785 624,3780 649,3776 675,3773 700,3769 725,3764 751,3762 776,3760 801,3757 827,3755 852,3753 878,3753"/>
                <TextEquiv>
                    <Unicode>es aufetsin wagher 65 35 l</Unicode>
                </TextEquiv>
            </TextLine>
            <TextEquiv>
                <Unicode>1649.
benrdenit sich gute heue
sy vor deenig tages Hans Liemas 
bete pete e ent st
mäßarbs unterackt
dernach zu volligen, als sy bend den h
aselbsten getroschen, seihe ein müt dies
ud e meß haber entwent und solche
dem jeziges sternen wirt an besahnt
schuldiges zergelts zugebracht, w
ainkel ime pe 48 ß der haber das maß
p 10 krüher angeschlagen habind
Abermales mit lilf gedachten hanter
Hanßen zu Ostereundusen eins zu
Bnmoliz unßer zwegen malen vr
Schaaft darunn eins de junser
zu Smpliz gewesen, entfränckdet
Endtlich, so habe er einzig und allein
zu stüfenacht zwey. zu deisey
umb item zu Worb zweysschaf,
und hiemit an der Jal uberal 1 s
und stuk entfr�mbden helffen, so
seye er zu Pßistorf und uf der ist
da er vermeint schaff zu entwendet
versagt und abgestriben worden.
Vnsch dussölichen sein daßgedacht se
hundes bekente diebstähl und einde
die andere Tafelen keyliger sehen
vilfaltige begangne ehebruch und mih
 Herbend sost
handlunger
die diebstäl so er bbent
es aufetsin wagher 65 35 l</Unicode>
            </TextEquiv>
        </TextRegion>
        <TextRegion orientation="0.0" id="r2" custom="readingOrder {index:1;}">
            <Coords points="1652,265 1652,2988 2834,2988 2834,265"/>
            <TextLine id="r2l1" custom="readingOrder {index:0;}">
                <Coords points="2737,337 2754,337 2773,326 2780,324 2784,327 2801,320 2813,326 2823,325 2818,269 2809,269 2800,262 2782,260 2774,254 2769,256 2765,253 2753,256 2750,253 2742,262 2730,260"/>
                <Baseline points="2742,309 2778,306 2814,303"/>
                <TextEquiv>
                    <Unicode>41</Unicode>
                </TextEquiv>
            </TextLine>
            <TextLine id="r2l2" custom="readingOrder {index:1;}">
                <Coords points="1990,344 2027,340 2045,351 2099,325 2133,351 2154,342 2190,363 2226,363 2235,360 2235,295 2219,293 2190,268 2172,283 2137,275 2120,288 2089,291 2063,265 2033,294 1989,290"/>
                <Baseline points="1997,330 2022,326 2048,323 2074,322 2099,321 2125,321 2151,323 2176,323 2202,324 2228,324"/>
                <TextEquiv>
                    <Unicode>1649.</Unicode>
                </TextEquiv>
            </TextLine>
            <TextLine id="r2l3" custom="readingOrder {index:2;}">
                <Coords points="1907,471 2165,473 2336,433 2435,467 2546,434 2765,460 2764,407 2645,353 2521,392 2483,364 2352,386 2238,351 2153,388 1906,413"/>
                <Baseline points="1914,465 1956,461 1998,458 2040,453 2082,451 2124,449 2166,447 2209,445 2251,444 2293,443 2335,443 2377,443 2419,443 2461,443 2504,443 2546,443 2588,444 2630,445 2672,446 2714,447 2757,449"/>
                <TextEquiv>
                    <Unicode>nedig herrn und oberen herren</Unicode>
                </TextEquiv>
            </TextLine>
            <TextLine id="r2l4" custom="readingOrder {index:3;}">
                <Coords points="1692,608 1787,566 1834,587 1881,539 1951,565 2141,518 2462,536 2489,504 2656,529 2748,511 2745,466 2606,437 2572,470 2464,449 2337,481 2262,447 2003,456 1897,505 1767,502 1689,563"/>
                <Baseline points="1698,597 1750,578 1802,564 1854,551 1906,539 1958,530 2010,524 2063,518 2115,513 2167,510 2219,509 2271,507 2323,506 2375,506 2428,506 2480,506 2532,506 2584,506 2636,506 2688,503 2741,501"/>
                <TextEquiv>
                    <Unicode>Schultheiß Räth und Burger diser Freyen</Unicode>
                </TextEquiv>
            </TextLine>
            <TextLine id="r2l5" custom="readingOrder {index:4;} place {offset:17; length:4;}">
                <Coords points="1763,652 2169,584 2358,630 2395,590 2655,620 2729,662 2812,600 2810,514 2687,553 2513,506 2429,539 2140,518 1761,578"/>
                <Baseline points="1770,638 1821,623 1873,610 1925,600 1976,593 2028,587 2080,582 2131,580 2183,579 2235,578 2287,579 2338,579 2390,581 2442,582 2493,584 2545,585 2597,585 2648,584 2700,583 2752,580 2804,575"/>
                <TextEquiv>
                    <Unicode>vor wihest statt Berr seh jrrg tylle zu necht</Unicode>
                </TextEquiv>
            </TextLine>
            <TextLine id="r2l6" custom="readingOrder {index:5;}">
                <Coords points="1793,705 2007,666 2101,735 2171,695 2233,730 2340,709 2397,656 2473,675 2470,608 2394,591 2359,628 2152,585 1946,626 1846,613 1791,651"/>
                <Baseline points="1800,690 1833,683 1866,676 1899,670 1933,664 1966,661 1999,657 2032,654 2066,652 2099,650 2132,648 2165,648 2199,648 2232,648 2265,648 2298,650 2332,650 2365,651 2398,652 2431,653 2465,654"/>
                <TextEquiv>
                    <Unicode>ekent und gesprochen,</Unicode>
                </TextEquiv>
            </TextLine>
            <TextLine id="r2l7" custom="readingOrder {index:6;}">
                <Coords points="1724,940 2155,887 2417,926 2710,898 2811,939 2840,819 2328,839 2238,801 1926,845 1857,818 1723,887"/>
                <Baseline points="1731,933 1786,924 1841,917 1896,911 1951,905 2006,900 2061,897 2117,894 2172,893 2227,891 2282,891 2337,891 2392,891 2447,893 2503,893 2558,894 2613,896 2668,897 2723,899 2778,901 2834,902"/>
                <TextEquiv>
                    <Unicode>Daß mas jnne den nachrichter benälchen</Unicode>
                </TextEquiv>
            </TextLine>
            <TextLine id="r2l8" custom="readingOrder {index:7;}">
                <Coords points="1691,1070 1758,1017 1992,1017 2139,963 2286,1048 2436,967 2839,1014 2837,934 2695,914 2265,894 2117,944 2017,889 1821,973 1689,943"/>
                <Baseline points="1698,1019 1754,1009 1811,1001 1867,994 1924,988 1981,983 2037,979 2094,977 2151,974 2207,972 2264,972 2321,972 2377,972 2434,974 2491,975 2547,977 2604,978 2661,980 2717,982 2774,984 2831,987"/>
                <TextEquiv>
                    <Unicode>des jnne abenns uff geanliche richtstatten</Unicode>
                </TextEquiv>
            </TextLine>
            <TextLine id="r2l9" custom="readingOrder {index:8;}">
                <Coords points="1739,1116 2083,1059 2167,1092 2477,1058 2546,1110 2650,1119 2709,1064 2782,1071 2781,1027 2648,1023 2576,972 2276,1041 2104,985 1887,1042 1737,1026"/>
                <Baseline points="1746,1089 1797,1083 1848,1078 1900,1074 1951,1071 2003,1068 2054,1064 2105,1062 2157,1061 2208,1059 2260,1059 2311,1058 2362,1058 2414,1058 2465,1058 2517,1059 2568,1059 2619,1059 2671,1061 2722,1061 2774,1062"/>
                <TextEquiv>
                    <Unicode>führen. Daselbstes sein hauptschlache.</Unicode>
                </TextEquiv>
            </TextLine>
            <TextLine id="r2l10" custom="readingOrder {index:9;}">
                <Coords points="1688,1188 1850,1152 2073,1174 2126,1141 2288,1173 2414,1134 2503,1172 2612,1130 2740,1159 2790,1146 2788,1081 2711,1065 2649,1117 2477,1058 2189,1094 2127,1067 1686,1123"/>
                <Baseline points="1695,1181 1749,1172 1803,1166 1858,1160 1912,1155 1967,1151 2021,1147 2075,1145 2130,1142 2184,1139 2239,1139 2293,1137 2347,1137 2402,1136 2456,1136 2511,1137 2565,1137 2619,1139 2674,1139 2728,1140 2783,1142"/>
                <TextEquiv>
                    <Unicode>und also mit dem schwirt vom läben,</Unicode>
                </TextEquiv>
            </TextLine>
            <TextLine id="r2l11" custom="readingOrder {index:10;}">
                <Coords points="1723,1283 1771,1248 1911,1279 2046,1232 2102,1266 2185,1237 2240,1283 2425,1226 2766,1225 2765,1171 2612,1130 2512,1182 2262,1152 2001,1200 1926,1158 1721,1171"/>
                <Baseline points="1730,1257 1781,1253 1832,1246 1884,1242 1935,1239 1987,1236 2038,1233 2090,1232 2141,1230 2193,1229 2244,1228 2295,1227 2347,1227 2398,1227 2450,1227 2501,1227 2553,1227 2604,1229 2656,1229 2707,1229 2759,1229"/>
                <TextEquiv>
                    <Unicode>aumn thad nach keiserlichen und diser</Unicode>
                </TextEquiv>
            </TextLine>
            <TextLine id="r2l12" custom="readingOrder {index:11;}">
                <Coords points="1712,1340 1912,1331 2078,1377 2218,1344 2290,1385 2483,1320 2540,1353 2724,1355 2724,1272 2460,1237 2253,1288 2172,1239 2101,1265 2057,1235 2001,1277 1764,1260 1712,1296"/>
                <Baseline points="1719,1335 1768,1332 1818,1328 1868,1325 1918,1322 1968,1319 2018,1317 2068,1316 2118,1314 2168,1313 2218,1311 2267,1311 2317,1311 2367,1313 2417,1314 2467,1316 2517,1318 2567,1322 2617,1325 2667,1330 2717,1335"/>
                <TextEquiv>
                    <Unicode>Satt  Rechten, hinrichten solle tc.</Unicode>
                </TextEquiv>
            </TextLine>
            <TextLine id="r2l13" custom="readingOrder {index:12;}">
                <Coords points="1739,1670 1851,1706 2150,1686 2200,1717 2337,1697 2592,1735 2679,1718 2682,1628 2433,1574 2245,1632 2194,1598 2094,1624 2030,1580 1945,1625 1855,1584 1740,1630"/>
                <Baseline points="1746,1671 1792,1673 1838,1676 1885,1677 1931,1679 1977,1682 2024,1683 2070,1685 2116,1686 2163,1688 2209,1689 2255,1691 2302,1692 2348,1694 2394,1695 2441,1695 2487,1697 2533,1698 2580,1700 2626,1700 2673,1701"/>
                <TextEquiv>
                    <Unicode>Den 13. ocebris. Ist disere urtheil as</Unicode>
                </TextEquiv>
            </TextLine>
            <TextLine id="r2l14" custom="readingOrder {index:13;}">
                <Coords points="1691,1809 1829,1813 1911,1763 2060,1757 2129,1816 2336,1827 2367,1818 2368,1714 2283,1722 2239,1696 2198,1727 2149,1687 2106,1711 1928,1685 1893,1719 1762,1685 1692,1735"/>
                <Baseline points="1698,1767 1731,1763 1764,1760 1797,1759 1830,1757 1863,1754 1896,1754 1929,1752 1962,1752 1995,1752 2029,1752 2062,1752 2095,1754 2128,1755 2161,1756 2194,1758 2227,1760 2260,1763 2293,1765 2326,1768 2360,1770"/>
                <TextEquiv>
                    <Unicode>Ime erstattet wrorfes,</Unicode>
                </TextEquiv>
            </TextLine>
            <TextLine id="r2l15" custom="readingOrder {index:14;}">
                <Coords points="1645,1895 1710,1877 1763,1890 1798,1876 1819,1884 1840,1868 1887,1882 1897,1879 1896,1839 1876,1841 1815,1803 1767,1828 1729,1795 1711,1809 1686,1807 1654,1837 1643,1837"/>
                <Baseline points="1652,1877 1678,1874 1704,1872 1731,1871 1757,1869 1783,1869 1810,1868 1836,1868 1862,1866 1889,1865"/>
                <TextEquiv>
                    <Unicode></Unicode>
                </TextEquiv>
            </TextLine>
            <TextLine id="r2l16" custom="readingOrder {index:15;} person {offset:0; length:12;}">
                <Coords points="1717,2537 1822,2578 1925,2520 2004,2557 2073,2516 2239,2514 2307,2542 2505,2509 2504,2464 2312,2396 2205,2426 2179,2409 2117,2459 1982,2457 1944,2487 1716,2469"/>
                <Baseline points="1725,2531 1763,2527 1802,2525 1840,2522 1879,2520 1918,2518 1956,2517 1995,2516 2034,2514 2072,2513 2111,2513 2150,2513 2188,2511 2227,2511 2266,2511 2304,2510 2343,2509 2382,2508 2420,2507 2459,2505 2498,2504"/>
                <TextEquiv>
                    <Unicode>uigrels Frey von</Unicode>
                </TextEquiv>
            </TextLine>
            <TextLine id="r2l17" custom="readingOrder {index:16;} place {offset:0; length:10;}">
                <Coords points="1961,2627 1990,2640 2037,2637 2048,2627 2074,2638 2135,2614 2165,2623 2187,2601 2218,2598 2216,2525 2185,2536 2138,2516 2110,2536 2073,2516 2037,2552 2020,2544 2007,2553 1988,2535 1959,2540"/>
                <Baseline points="1967,2582 1994,2579 2021,2578 2048,2575 2075,2574 2102,2573 2129,2573 2156,2573 2183,2573 2210,2576"/>
                <TextEquiv>
                    <Unicode>Er lenbach</Unicode>
                </TextEquiv>
            </TextLine>
            <TextLine id="r2l18" custom="readingOrder {index:17;}">
                <Coords points="1653,2690 1671,2692 1683,2689 1687,2693 1695,2694 1705,2609 1694,2606 1678,2610 1662,2608"/>
                <Baseline points="1662,2678 1689,2681"/>
                <TextEquiv>
                    <Unicode>E</Unicode>
                </TextEquiv>
            </TextLine>
            <TextLine id="r2l19" custom="readingOrder {index:18;}">
                <Coords points="1670,2760 1895,2773 1961,2734 2145,2780 2218,2735 2369,2768 2435,2735 2665,2757 2678,2691 2536,2636 2447,2671 2258,2630 2026,2653 1975,2705 1870,2657 1744,2725 1669,2714"/>
                <Baseline points="1676,2744 1725,2744 1775,2742 1825,2741 1875,2741 1925,2741 1974,2739 2024,2738 2074,2738 2124,2736 2174,2736 2223,2736 2273,2735 2323,2735 2373,2735 2423,2735 2472,2735 2522,2735 2572,2736 2622,2736 2672,2738"/>
                <TextEquiv>
                    <Unicode>isere Ist den 26. pembris von sres dritten</Unicode>
                </TextEquiv>
            </TextLine>
            <TextLine id="r2l20" custom="readingOrder {index:19;}">
                <Coords points="1694,2841 2679,2806 2678,2752 2505,2743 2368,2768 2281,2738 2142,2778 2099,2744 1939,2736 1887,2776 1755,2744 1693,2775"/>
                <Baseline points="1700,2820 1748,2817 1797,2813 1845,2810 1894,2808 1943,2807 1991,2805 2040,2804 2088,2804 2137,2804 2186,2804 2234,2804 2283,2804 2331,2804 2380,2804 2429,2804 2477,2804 2526,2804 2574,2802 2623,2802 2672,2801"/>
                <TextEquiv>
                    <Unicode>Hhurensfälers wegen von ir gehe statte</Unicode>
                </TextEquiv>
            </TextLine>
            <TextLine id="r2l21" custom="readingOrder {index:20;}">
                <Coords points="1720,2910 2677,2883 2676,2838 2606,2808 2474,2803 2435,2838 2346,2806 2195,2848 2122,2806 2059,2840 1777,2818 1719,2849"/>
                <Baseline points="1727,2894 1774,2891 1821,2887 1868,2885 1915,2882 1962,2880 2009,2878 2056,2877 2103,2876 2150,2874 2198,2874 2245,2873 2292,2873 2339,2873 2386,2873 2433,2873 2480,2873 2527,2873 2574,2873 2621,2873 2669,2873"/>
                <TextEquiv>
                    <Unicode>Landen, vnd gebotten mit dem Teit ver¬</Unicode>
                </TextEquiv>
            </TextLine>
            <TextLine id="r2l22" custom="readingOrder {index:21;}">
                <Coords points="1751,2989 1778,3002 1812,2985 1844,3006 1866,2984 1893,2995 2022,2982 2123,3004 2144,2995 2141,2910 2065,2920 2049,2910 2022,2926 1949,2914 1927,2929 1886,2922 1841,2889 1777,2925 1748,2922"/>
                <Baseline points="1757,2967 1782,2969 1807,2969 1832,2969 1858,2968 1883,2966 1908,2965 1933,2963 1959,2961 1984,2958 2009,2957 2034,2957 2060,2957 2085,2957 2110,2959 2136,2961"/>
                <TextEquiv>
                    <Unicode>isen worden.</Unicode>
                </TextEquiv>
            </TextLine>
            <TextEquiv>
                <Unicode>41
1649.
nedig herrn und oberen herren
Schultheiß Räth und Burger diser Freyen
vor wihest statt Berr seh jrrg tylle zu necht
ekent und gesprochen,
Daß mas jnne den nachrichter benälchen
des jnne abenns uff geanliche richtstatten
führen. Daselbstes sein hauptschlache.
und also mit dem schwirt vom läben,
aumn thad nach keiserlichen und diser
Satt  Rechten, hinrichten solle tc.
Den 13. ocebris. Ist disere urtheil as
Ime erstattet wrorfes,

uigrels Frey von
Er lenbach
E
isere Ist den 26. pembris von sres dritten
Hhurensfälers wegen von ir gehe statte
Landen, vnd gebotten mit dem Teit ver¬
isen worden.</Unicode>
            </TextEquiv>
        </TextRegion>
    </Page>
</PcGts>
