3024 4032
892 172 1012 256 16
1048 199 1180 299 49.
895 260 1269 430 Rudzu
526 242 1563 595 leden echlisen
636 410 1558 636 melter herr zechendter, is by sein herr
623 474 1564 715 JoHanß Ochslez Sennd Helosweille
544 523 1543 794 Esharfers nach zehalt vorgedachten
624 643 1566 854 stuelch berürten Hanß Rud sam deb
616 727 1572 963 Io der pfangenschafft den 77. po s
644 806 1577 1042 wartig exefuniert und dahin s
636 895 1580 1108 mant worden, so der warseit ans
619 978 1563 1190 zeiget, wie es mit dem Caeparictes
607 1059 1577 1325 Doffelmüßli hergangen, Ob manlige
629 1174 1591 1392 er söliches gifft nit daryn gethan und
641 1274 1576 1466 also sy ehewyb, damit hendurch ih
637 1342 1564 1542 gerichten vorhabens gsüe sye. Hat
650 1470 1582 1627 er zwar anfencklichh stark gelauet
627 1560 1558 1724 unnd sich mitcher unwüßenheit ent
616 1637 1565 1795 schuldsigen wollen, jedoch aber eidt
581 1749 1559 1892 lich uf vorgehaltne umbtend und
641 1833 1553 1966 yferegen zusprechens bekantlich
644 1918 1572 2065 worden unß vermeldet, daß uein
631 2026 1563 2180 zeit sein muter dis gifft kauff und
608 2111 1559 2275 ime yngebracht und darby ime
620 2206 1555 2334 befalchet, das er seiner frauwen in
617 2302 1550 2450 deren er stez is unenigkeit und w
637 2390 1574 2563 willen labe, etwas sy sysen suns
630 2495 1548 2678 geben sölle, damit er dermachen mit
626 2582 1535 2769 Iren abkomme und erlediget werden,
551 2690 1544 2887 Habe er gemelter seiner muter sa
637 2768 1549 2958 weliche seiner fr ganz grau und
628 2866 1536 3113 gehaße sye) I solicher böser j
619 2978 1540 3181 strustige genohlget und sich leidet
654 3031 1554 3261 owyth vergeßen, daß er leder
622 3163 1530 3384 kheinem ehrwyb diß gifft das einem
2098 352 2365 456 1649
2664 375 2779 465 27.
1752 465 2835 615 opffelmüßli guässen geben und sy hierduuch
1705 536 2767 674 umb ir läben brinses wollen pefaar
1788 614 2771 757 habe sy, nach dee sy söliche wyße vateri
1754 700 2807 827 daruf gesethet, dasan unzit nenen, samb
1799 762 2812 908 soliches deß baders magt zu äset geben
1797 843 2785 978 wohlen, werliches aberer derkagt
1805 932 2788 1065 abgewert und vermeldet, wylz doch etwas
1730 1006 2793 1137 unsubers darin sye, so sölle sy es auch
1796 1082 2811 1202 nit äßen, sonders erblyb laßen, sonsten habe
1796 1160 2822 1278 er auch deß gaffts einem eils in ir muufer
1805 1218 2235 1333 buluer gunschtc.
1733 1256 2770 1408 Alß Er aber auch befragt worden, ob
1794 1359 2802 1505 er nit gleichfals, seiner erst frauwen selge
1793 1422 2793 1554 weliche in ihrer kindbethi nach zweyer
1742 1513 2808 1642 Kinderes fenst groß geschwfüllen gestorten
1766 1592 2803 1741 und volgents irey f seisem by sein das
1784 1678 2778 1795 blut zur nasen hinuffgeschoßen, der
1810 1751 2801 1897 gleichen matteri zuäsfen gegeben habe.
1792 1831 2826 1965 hatt er daruf geantwortet, Sölches
1816 1931 2787 2058 ye hme zuselbiger zeit niemalen in
1816 1987 2741 2139 eine gedankes komen, das er mit
1796 2094 2796 2252 derselben feidlich und so lingkeit geläbt
1774 2191 2784 2334 und sye in frerend irer leüdtsarbeit
1797 2269 2791 2408 fürtwelen van ireo kommen, war sye es
1765 2360 2782 2517 das sres daß blut zur vasenhumsf nach
1787 2440 2750 2591 Irem hinscheid gerunnen, mög aber
1786 2535 2749 2683 nit w�sfen, was die ersach gsin dan
1789 2634 2773 2770 er ires mit nicht semahes etwas songe
1777 2709 2704 2833 burliches Juäßfen geben habe, das sy
1757 2790 2714 2917 Iene liebgereesteo sych etc. Gittst
1667 2873 2714 3018 GGott des Hern vnd ein gnedige hoche
1756 2959 2670 3085 oberkeit seiner fäleren halben
1734 3044 2686 3222 hertzlich umb graß und erzichung
