3024 4032
402 3274 492 3364 2
959 193 1124 288 16
1165 228 1300 325 49.
653 254 1587 540 siheltei senden nd
675 345 1608 622 de ete pers etn
667 426 1622 696 zeühen der schulfiskeit Jactadt
694 516 1588 772 gehab frefs todts vor sich gegeben.
669 592 1625 843 oeliches alles ime herzlich lid und
716 691 1599 890 wegen Gatt deh allmechtigen vnd
689 758 1595 983 menngklich umb gnädige verzychuug.
702 847 1618 1065 bäten suyedan hein Gottlose, l
700 944 1615 1139 haffte mutern jnne also ds seiner zu
701 1012 1617 1260 schantliches verhürt und ime husi
704 1121 1602 1362 lediger und threwigen fahl gebacht
700 1219 929 1358 habe.
775 1674 1457 1809 Caria Klauw¬
863 1794 1417 1911 hienorgemelten Tonis
925 1855 1168 1955 Muter
650 2020 1603 2141 Lacsdem, Ann aber Henor
678 2113 1599 2230 gemelte 1Maria Kläüw als die me
626 2187 1595 2334 Def er ein und anderen mußhandlich
658 2287 1594 2478 halben durch vorwolgenameten si
642 2384 1595 2576 gebürendermaßen und nach nothurt
638 2483 1578 2652 examiniert worden, hattt sy glih
649 2563 1567 2750 fals und abenmeßig, bekent unnd
644 2655 1571 2861 volgents an der warter confiimirt
627 2751 1571 2984 und erhalten. Wie namliches nit
648 2847 1562 3075 wreiger, dan das sy leiderfas
669 2931 1584 3171 söliche böte und Düflische gedanke
640 3023 1583 3271 und begihrden gerathet und alß s
601 3129 1571 3390 Nydligem herzen, und damit sy sete
2134 352 2399 449 1649
2752 363 2869 459 52.
1769 447 2845 611 sohnsfr Barbel Mani gehetten zeitlichen
1838 547 2829 655 mitel an sich züched und binigen machte
1829 614 2796 742 die vermelte besonderbaren in geseinb.
1780 683 2810 810 vergiffte Superge under dem stlyg der
1823 756 2773 877 Cristenlichen liebe und gutthäligkeit
1833 829 2818 968 gekachet und angeregter Barbel Mani
1811 904 2829 1059 Irer Sohnsfrouwen, als weliche damalen
1826 999 2832 1141 vorgehörter maßen, In kindtsnöten ge-
1820 1086 2859 1222 legen selbige durch iren sohn sy mäßen
1808 1166 2845 1326 soberschickt, Da dan nach dem sye solche
1845 1258 2793 1409 genöfen, mit groß geschwälnem lyb
1615 1345 2781 1504 uhnd knt nach der geburt Mreyer kingtr
1834 1433 2782 1570 iter grusamlichfender, vndt laßen
1661 1467 1802 1550 ottnd
1624 1536 1738 1619 alts
1850 1541 2095 1638 müsen
1744 1683 2797 1846 Sosye auch wasen Aaß als brunt
1810 1804 2785 1937 Ir soß sich an vorgemelte Sustama
1830 1875 2864 2021 Jacob Gehenkten und versünatheten und sy
1838 1959 2839 2101 ad dereltere s sy ein gwüße samme
1832 2048 2816 2190 gelts bezahen, vnd voliegen müßen,
1803 2124 2822 2264 Dardurc sy auch in armut gerathen,
1791 2207 2839 2358 habe syerselben Niemblen, sonderlich
1822 2298 2814 2433 aber wyles sölicher ehehandet wider
1819 2392 2826 2539 dr wüßen und willen ingangen, kein
1843 2488 2824 2632 gute, willen nit tragen könen, danen
1832 2574 2804 2726 har und vor etwaß abgelofnen tags
1773 2657 2787 2826 f uß rachg�rchem lertzen und böser
1840 2772 2806 2910 verheften gedanket vmb ein halbe
1821 2848 2764 2997 batzen gifft gekaufft, vnd söliches frem
1782 2941 2803 3073 sohn, wie sy es mit einanderen angelegt
1822 3033 2736 3205 zugestelt und besolchen, das er solliches
1817 3128 2793 3288 gesagten Sußana Jacob seinem brëb
2329 3199 2767 3342 jetzigen ehewyb.
