3024 4032
901 173 1298 323 1649
757 367 1519 637 Dnts rcos sirg
927 466 1286 609 der Müller
678 606 1597 844 Diewyls derselbig Bendicht Kach
667 698 1590 915 Den Aman Wr Ruggisperg wegen er
671 795 1583 1023 uf seine fule faltschen kundschafft
707 873 1571 1106 ghedt zu haben gm und wider uß
640 958 1590 1204 schoueres, aber soliches nit bythengen
681 1044 1596 1261 konnen. Habenst anghrs erkent
696 1145 1591 1354 er (neben gebürender entschlachnus
671 1242 1606 1442 Deren er sich widersezt und die nit
694 1342 1599 1532 erstatt wollen) drey monat lang
692 1445 1589 1601 Ju Schallenwegk gefeßlet unnd
689 1538 1600 1686 was er so wol ime frebs alß
676 1622 1580 1783 auch znglesich dar keikel schärfer
676 1695 1580 1868 In gesagtem Ceemps mit inen umb
644 1805 1597 1935 Den e0 st aberschaffen wunder mit den
671 1886 1603 2029 Eyde von Sttt. vnd Land verwisen
553 1995 1556 2153 Werden solle. Actum 24. novembris.
795 2303 1500 2462 Cchristen Zong
864 2408 1401 2556 eßem Eggierl.
590 2565 1558 2729 Derwyln die deß dteinerurf gege¬
627 2658 1575 2852 Dem Predirante im Eggiwel vob sml
643 2724 1575 2950 wisten Langg der mitohlicht belagt.
638 2829 1586 3035 Erist Bonr und der Hauffe Uli stouffi
636 2930 1583 3140 In der Lußmaten nit zu betretten und i
628 3008 1567 3207 er langs nüt anders bekenen wolten.
592 3066 1555 3307 Alß ist er neben einer eydtsglüht die
610 3144 1557 3377 Gstaggeschafft an nemanden zerechn nit de
611 3245 1547 3479 E statt und lanl biß uf gu
583 3316 1452 3597 gbeit
2701 288 2823 392 54.
2034 282 2361 422 1649
1850 401 2551 608 Math uß Küehler
1870 519 2589 677 der lieglehr alhie und sein
1871 599 2549 750 Schewyb Anna Reemahß,
1724 760 2775 909 Diewyls sy beide, ungeacht angewynter
1684 861 2750 1024 Marter deß beernsten zuden kehmen.
1754 923 2768 1118 gehörige Sthlüßels, welicher nachterts
1756 1005 2772 1148 nach irem fürgebet hein die Stoll thuers
1760 1087 2712 1249 In Lirgelschof geößfnet übels damit
1713 1168 2761 1332 begangen zuschaben nüzit bekantlich sein
1724 1237 2744 1405 wrollen Zieneben aber, deß kosen
1755 1336 2705 1499 unzugs auch fluchen und schefeerens
1770 1408 2800 1546 nit in abred seen könen. Alß habend
1769 1502 2742 1669 mahrn erkent, wie sie mit beschellen
1771 1586 2741 1730 ad e des glüpt von dhero statt und
1747 1667 2775 1805 Bürgeret tilensit uf gnad vwisen
1765 1762 2706 1885 werden sollind actem 30. novembris is
1864 2061 2609 2222 Marthi Remnind
1979 2159 2591 2301 der schmid zu Gummen
1740 2277 2733 2435 iewilg derselbig verschiner stagen
1778 2374 2725 2532 eßen kauffhus alhie sein stab ysen
1784 2459 2797 2578 entwent, den man ime eri abgenammen
1743 2522 2730 2693 Alß ist er uf syn von der comeind
1783 2605 2793 2760 Bfunfuesar Ingelegter guter Zugsame
1783 2665 2746 2830 daß er sich namlichen iunar feder¬
1805 2758 2734 2916 w�len ehrlich verhalten uf ein gute
1827 2850 2768 2992 ensui ledig gelaßen worden, den .
1971 2993 2025 3051 se
1789 2965 1919 3057 10b.
