3024 4032
1597 377 2638 639 Welchelm Waldspurger folio34
1615 672 2686 880 Spinsenried, hund auf Jgg im Stadtgericht, wegen
1834 795 2359 933 seines Rruders Tod. 12.
1601 864 2715 1042 Wäber Sumbli genant Seien, v. Eimpbach, wegen
1801 986 2304 1136 Vendacht vn hegenn. 26.
1615 1066 2658 1263 Sÿdenbösth, Margreth und Keristach, begen nicht
1815 1166 2572 1328 Zueignung ihres unehel. Kindt. 33.
1616 1296 2674 1468 Waldpurger, Withalm begen 3. Furenfehlens 311
1617 1413 2673 1599 Wildbolh Hand Rudolf, Burger allhie, begen sich much,
1819 1518 2696 1682 lichen Angriff steines inlitäristchen Obern
1817 1626 1991 1731 m. 34.
