3024 4032
299 593 399 736 b
960 221 1185 324 1649.
701 221 1339 443 Petter Meyer
911 375 1231 518 von then
555 414 1521 694 d erselbig ist des 6. al vos seinen
572 541 1513 766 driten begangnes Huren fallers
593 637 1520 829 wegeneidtlich von h gden state und
583 696 1290 882 landt verwisen worden.
680 991 1335 1171 Andarong und
705 1106 1386 1293 Ire dochter Elßbeth zange
781 1183 1272 1341 vorl dignfange
504 1372 1486 1532 Eiewyl, so wol die muter irer ser
517 1451 1479 1605 fechtigen Häxerey halb, Alß auch die
487 1532 1498 1676 Dochter, daß sy der geburtt ser lybe.
520 1616 1475 1758 laucht, welche tad by inen gefunden
527 1700 1502 1842 worden nit bekan nach ußgestandeee
475 1786 1484 1929 Marter mit bekantlich in prellen
470 1865 1450 2019 daß sy diser unhaten schuldig s
465 1961 1454 2081 Alß kind sy bei als eine unnzehn
519 2055 1483 2207 Pfindli verman  vli beuelich nit
538 2133 1462 2275 einer eydtk glück den 7. apr
517 2220 1500 2374 von statt und landtwißen woren
615 2478 1337 2672 Hans fälber von
845 2620 1165 2738 Bußwyl.
426 2713 1504 2888 Diewyl diser fälber ub ein werlug e
432 2788 1493 3002 zu H. Hauptmas Aberham von Erlach un de
435 2866 1481 3062 er 4tbe und von Hauptman Eiser jun nacht
451 2941 1478 3134 Dalenahia fur einen soldaten gedinget enn
431 3006 1468 3184 underwegs widerumb slenischer wyß
476 3063 1470 3298 gerißen und sither mit eiter warnes d
471 3170 1465 3389 er geschwengfeet m landumkser gehabn
443 3231 1479 3448 Ist  von solichen unthaten wegen. Ins schalle
464 3280 1493 3562 frerk gefeßlet worden Eeb 4 mag
2673 164 2775 248 26.
1914 238 2300 363 1649.
1801 388 2437 602 Maria Bush
1664 519 2234 690 Doosbelzan
1651 603 2742 837 Disrt ist den 4. mar wegen sy mit nechsten
1696 726 2664 898 nhelstem Hanß Hälber ein zeit lang
1612 769 2772 1011 als ein lichtfertigs pfenwert, Hurbern s
1670 847 2714 1032 Im laud heruub gezoget von zghen statt
1540 928 2731 1197 g vnd land eydttlich vereristen wesen ward
1685 1303 2465 1475 Barbe Wäber
1686 1421 2437 1595 sonst genant Trinen von
1903 1490 2257 1608 Einpbach.
1670 1787 2670 1979 Sieere H. Hanß Lans von Lunobach
1614 1909 2629 2043 der Haperen verdechtige, Frrey 6
1626 1981 2629 2112 In verrichten examination eder
1584 2060 2707 2233 gezeihnet funden, nach mit zimlichr marter,
1562 2149 2699 2325 In einichen weg bekantlich gemacht werden
1605 2234 2660 2392 können, Habend mys 9h. sie under
1624 2321 2671 2486 diser gewranten restriction sedig erkent,
1606 2423 2692 2580 Nach daß wra alle geselschafften und gmeine
1633 2501 2662 2677 zusamenkunffter ußert der kilche.
1640 2595 2615 2744 verrotten und hiemit sy souln als jof
1616 2684 2348 2830 huß vepallt sein solle, .
1605 2790 2219 2965 Acson 7. Mar 1629.
