3024 4032
912 239 1088 360 1648
512 260 1296 490 ger se nd ses helligen
541 387 1291 567 angnch ghigungsame ursach,
1282 372 1438 545 haß
490 436 1441 693 Darumb frendt verdiegen, nach
1283 520 1411 609 sert
523 522 1408 745 zulese bxempsaritec abstraffen.
514 609 1423 819 Wylß aber hoch und poffergt
520 694 1424 898 zu telen und alles zeiten vilmer
505 769 1432 974 Gnaden, das aber zim Stringi he
472 851 1434 1048 Ward Jra Damalen umbsontliche
540 949 1435 1149 sand zu gnediger straff lydel
523 1026 1429 1216 dn die spetten kanden und gebieten,
539 1126 1410 1307 verwißen worden, dißelichen
529 1207 1424 1416 und gäsz vätterliche züchtigng
513 1296 1434 1468 Darz nit anderer gspaltets sri
504 1387 1443 1572 und herten ergehrn laßen, wie
506 1473 1429 1664 daß sy vor etwas abgelofnen
537 1561 1423 1726 gantz fräffenlich widerunß also
448 1677 1409 1808 Eo diehstatt sich begeben, vnd
507 1769 1428 1913 uff sich getrugnes sydt vorsehli
393 1858 1428 2013 und liechtsinnger wyß übersehen
509 1947 1431 2105 Deßenegen Sy wnderumb 33 f
503 2048 1428 2227 verhafftung genamen. By aelihe
549 2146 1426 2315 gsangshafft. sy beruchtiget wer
552 2232 1415 2395 aß zunamlichen rer kyblichen
532 2341 1421 2488 lische uter nit allein dero gesi
521 2429 1424 2576 und seauh ungeb�rlich betilet
546 2515 1428 2669 auch dieselbe mit Stöß und streih
523 2605 1413 2803 schantliches mißhandlest und tat
503 2701 1402 2860 haben solle, Derohalben, de
494 2791 1410 2970 und anderen hochgenampt i
508 2895 1410 3071 Oberen verursachet worden, söl
524 2992 1404 3161 halben, als ein Criminalicse suli
494 3067 1428 3304 Io gottes deß herrn wort
517 3152 1420 3355 allen Christenlichen Sahnngen at
503 3225 1418 3505 zußt aatten gebolten, wirt sc se
1908 310 2118 397 1648.
1529 287 2676 607 zuerkundigen, und denman vermelte Stene¬
1544 368 2591 644 beünerin hierüber und was sonsten nach
1503 381 2670 723 n fe  an egetle
1575 520 2653 760 mochte eraummees zu laßet, weliches
1546 574 2635 853 Das uß wolermelt s pl befilch, durch die
1562 662 2640 949 ehrenuesten fromen fürnemmen. fürsichtig
1539 734 2606 995 volgrachtes Wüsen heror h Busekhart
1534 836 2650 1050 Fthir h Abrach am Ai fart, deß kleinen
1510 909 2678 1142 Raths h Hanß Jacob Gübelbeispeler burger
2191 1004 2386 1084 Ge
1531 1007 2603 1233 Eisanß Rud Wsurstenberger und etlicher
1493 1075 2612 1280 Gßeibfin ingh und Oberz dienern sge
1569 1160 2605 1341 wantem streck turs exequierte worden.
1523 1208 2640 1428 weliche dan hernath geschribne, durch sy bet
1576 1348 2610 1518 gangne stind und caster mit eüüwendem
1579 1423 2544 1603 herzes bekent und soöliches mit der
1577 1510 2488 1661 marter erhalten unß bestettiget etc.
1524 1668 2554 1810 lamlichen wie nit minder, dan das sy
1560 1776 2556 1882 leider nit allein, die ganze zeit ires
1550 1849 2630 1993 Lebens ein vppigs Gottloßes, verrichts
1531 1925 2597 2088 Läbereßts bösen handel und wßandel
1540 2042 2552 2155 mit usermeßtigem äßen und trinken
1494 2108 2572 2237 In menngkliches grosser Ergernuß
1550 2190 2506 2330 am schwanck gehurt und getriben.
1516 2265 2581 2433 soders auch zugleichen in irer jugend
1500 2357 2616 2533 und wanderschafft mit zureh steundt
1528 2436 2663 2623 dergleichen, sich besudlet vnd gegen Gutt
1537 2512 2651 2698 ddem Herreß, so vilfaltig sich versündiget
1445 2648 1489 2713 anh
1545 2588 2624 2808 und vergrisfen. Daß Füel Irey die fall
1442 2670 2629 2919 ahn vnd menge deßen hut bekant, nach
1535 2780 2061 2932 wisle sen mihns
1531 2870 2583 3159 Banathin Oberol sy nit gestendig sein.
1570 3021 2605 3273 ellen sich wider pre wuservgfüffen
1552 3065 2654 3378 zuhaben. Hatt sich doch nüt destowengr
1517 3153 2590 3434 Kyach viler underschidenlich erslicher
1528 3241 2629 3587 ee
