3024 4032
882 277 1141 399 1649.
508 403 1554 664 selbiges uß fort den nachrugen vs
518 502 1536 722 uffsicht darob erstappet i weseden,
551 583 1524 783 underlaßen, also im die entenmte
579 670 1544 872 en, weliche sich sonsten by 120rahug
580 757 1556 971 angeloffen, so nah gattung geß
561 852 1544 1034 silbersorten und chmerul stuk sich
545 918 1528 1119 funden, unbekant gewesen, Was
581 997 1488 1190 er aber danon verbrucht, möch
540 1102 1567 1329 E ungefar 60 u belauffen und sithe
556 1195 1393 1356 gelt augewent, wie volget
478 1282 1524 1491 Erstlichen. habe er 4 ader 5 malen ju
538 1419 1514 1572 wüllen kauffen laßen und jeder mals
571 1505 1538 1678 28 bz ußgenomen ein mnal 30 kz ver
559 1574 844 1719 brucht
548 1703 1526 1834 einnach Michel Hiesi zu Warb von
568 1813 1536 1947 gemeltem gelt 65 hlu wechßlen geben,
577 1899 1539 2010 mit wrlichen er dem herz um buß
559 1987 810 2127 bezalt,
491 2114 1549 2260 Dem h. geednantes zu Warb. dem er
556 2200 1558 2356 4 7 schuldig wäre, daran zwo erane
538 2269 1538 2464 und sein frones durch jane selbsten b
522 2425 1534 2619 Benn dem wirt zu Worb, als ers
516 2542 1519 2714 uind schnyden laßet, entricht 3 l
512 2682 1561 2903 Beeners Waris Beyler so wolli
552 2799 1549 3037 sein muter, als es selbst und hiemit
518 2892 1544 3109 under zweymal entsrichtt hauhenthat
547 3066 733 3218 4
500 3095 1526 3340 umb ein vierzig pfundigen kaß
526 3245 1302 3455 32bn  5 tag t u behallten.
2603 166 2761 250 azu
1889 274 2142 398 1619
1609 318 2759 633 Den schumacher Hanses zu Worb habe
1701 421 2742 677 ein ublonte unnd zwo u inwunh
1652 507 2779 743 Item dem Gerber zu Srchig 5 bz bezalt,
1634 587 2761 839 Bwras er vom schulnacher 1 jo munh.
1621 689 2482 905 und lan ein bar sehu bekamet,
1623 851 2737 1102 Wöters Peter kuntz zu Wyl umb ein
1641 970 2620 1210 halben Lntner fleißh Jublow
1627 1134 2774 1363 Dno dem h. predirantes zu Wyls habe er
1597 1267 2697 1453 umb zwey müt haber 2lt l b bezalt
1618 1425 2651 1593 Iem einem främkden, so jeinig gschier
1657 1518 2680 1683 haußen feil getragen, semb ein kanteg
1645 1634 1826 1772 16. hal
1624 1755 2733 1952 Berners zu Walrkenigen im irtshuß
1663 1874 2778 2017 mit sagerhanßen sonst genant Rachißnan
1635 1944 1993 2123 verzent 2 t
1627 2083 2720 2260 Vnder Ankenwag allie samb 6 lb be
1650 2199 2265 2351 ankes bezalten u beh
1595 2332 2730 2492 Im Sibenthal von Freyen Roßen gabe er
1661 2432 2712 2584 52 weidlohn. Weliche sein vatter siler
1658 2514 2725 2678 sonst nit wüste, das er by gelt ware) ime
1641 2610 2654 2733 sieuar entlent, darfür er aber
1671 2689 2724 2846 einer muter s gold stuh werden lassen,
1628 2825 2691 2997 Bun Isen krämer Sucher alsie, habe er
1652 2917 2650 3092 buch fros disem gelt 1 dufates umb
1657 3046 2347 3167 2 e 6 bz uffewachßlete
