3024 4032
911 153 1233 273 1650
700 310 1651 594 gesessen, nach dem und aber gesagter
671 373 1628 660 am Stutz sehr wol bezecht und trunken
698 489 1619 726 worden, habe er under anderem
691 548 1652 801 gespräch jnn Furer anzeigt wie des
621 617 1636 880 der weibel Jm Hoff uf ein zeit der ge¬
718 716 1632 938 stalten übel mit jme umbgangen
689 767 1663 1048 dass er jnne (neben dem das er schon albe¬
698 876 1652 1119 reit vil ungerechts guot an sich gezogen)
673 963 1672 1222 by ungefar 3. oder 5000 lb gebracht habe,
686 1056 1656 1300 jme Furer jn dass ohr gerunet, namlichen
659 1157 1646 1350 das es guot were, das der wuost dermalen
696 1244 1644 1431 eins ab dem weg gerumpt und jme
700 1324 1658 1557 ein schutz gegeben wurde, und jm fahl
688 1434 1645 1648 gedachter Furer zuo sölicher verzichtung
707 1525 1649 1712 sich gebruchen lassen und disere sach zur
677 1620 1660 1790 hand nemmen wölte, so wolte er jme
679 1708 1622 1878 einen brieff von 100 guldinen so seines
674 1817 1627 1954 erachtens ein fynes were zur be¬
664 1909 1628 2060 lohnug werden lassen und entrichten,
634 1993 1617 2153 und nach dem nun ermelter Furer
644 2085 1615 2240 söliche that jns werk zesetzen und jmme
673 2165 1596 2321 am Stutz hierin zuo adquiesieren rund
678 2263 1630 2411 abgeschlagen, sye er zuo disem mitel
666 2355 1616 2509 geschritten und jme Furer angemuotet
645 2439 1630 2592 dass wylen er die sach nit zeuerrichten
631 2527 1623 2726 gesinnet, so sölle er doch den weibel
611 2608 1617 2800 Jm Hoff an ein g'wüsses ort füren, als
562 2694 1609 2881 dan er selbsten jnne erschiessen und umb¬
630 2792 1600 3007 bringen wölle, woiewol und aber
611 2908 1613 3085 Furer vermeint und gehoffet, das er am
594 2965 1621 3172 Stutz uf disen bscheid (ob zwar gleich weibel
614 3061 1594 3295 Jm Joff jnne und sein vatter umb vil ge¬
1484 3097 1613 3244 bracht)
2791 340 2920 425 68.
2093 370 2420 460 1650
1817 478 2888 670 jnne zuo ruowen lassen wurde, so habe er
1872 553 2925 705 doch jme Furer nochmalen jns ohr gerunet,
1869 652 2908 781 500 lb geboten und darby bereden wöllen.
1848 729 2889 852 das er sölliche sum jm schlaff und seinem
1855 790 2864 932 ruowbeth verdienen könte, jme hie mit
1873 860 2878 979 abermalen ungeacht sein Furers ab ver¬
1888 931 2877 1067 weigeren angehalten den weibel Jm Hof
1862 1003 2859 1141 by nächtlicherwyl, an ein bestimpt ort
1860 1081 2860 1237 zeuermögen, damit er am Stutz den schutz
1857 1169 2875 1302 uf jnne thuon könte, worüber Furer
1861 1236 2918 1373 jme vorghalten, das diss ein gantz g'farliche
1865 1301 2886 1453 ding sye, nachts ein schutz uf einer ab¬
1865 1394 2892 1530 gehen zelassen, dan man g'leich den lätzen
1826 1486 2895 1620 träffen möchte, g'leichwol er nit erwinden
1874 1561 2880 1678 wöllen, sonders damit er am Stutz zuo
1885 1640 2883 1770 seinem vorhaben gelangen mochte, habe
1873 1723 2860 1841 er jme Furer vermeldet, wan er den
1856 1792 2882 1922 weibel Jm Hof nur mit jme an ein be¬
1887 1882 2867 2011 stimpt ort zegahn bereden möchte und
1858 1960 2891 2107 jme alsdan das merckzeichen eintweders
1874 2037 2883 2179 mit huosten oder abzüchung dess huots oder
1869 2119 2863 2273 aber mit ufhebung einer hand geben
1859 2195 2852 2336 wurde, als dan er jnne (one sein
1852 2279 2823 2431 Furers hilf noch das er einiche hand
1862 2371 2860 2496 anlegen solte) erschiessen wolte, als
1843 2433 2817 2591 aber Furer uf disshin von jme ge¬
1826 2528 2840 2704 scheiden, habe er wenig zeits als by
1843 2618 2836 2772 3 oder 4 wuchen hernach jnne am Stutz
1850 2692 2823 2842 widerumb angetro zuo Thun ange¬
2660 2798 2719 2858 und
1853 2769 2815 2901 troffen, (ob Stutz aber damalen auch
1847 2846 2850 2984 trunken gewessen oder nit sye jme nit wol
1840 2930 2784 3060 jn wüssen) jme vermeldet wessen er
1856 3003 2838 3148 sich bedacht habe und ob er den weibel
