3024 4032
407 3099 577 3234 ußei
941 165 997 235 1
996 152 1224 260 649.
620 227 1580 545 Dideit maht litate
641 385 1612 641 sye nach nit 20sjärsig. habe ire wüse
575 455 1048 600 sul geherten
620 599 1571 861 Die vierte Heysi auch Barbli weliche
624 715 1599 926 Cranen alhier gedienet, In Eheman si
659 793 1585 991 ein wert ud sich hienber obruß s her
641 864 1481 1073 Venner von Cosraffenriedes m
1477 1002 1587 1103 1
635 1057 1598 1255 die 5 namset sich dryi, so nachli
629 1133 1567 1332 weliche hieusar dem vo sden auch
661 1213 1337 1373 ein unehrlich kincken geben.
579 1344 1581 1577 sir 6 Aanna Kling gent vd S
626 1466 1215 1601 Burgdorf daherne.
629 1647 1572 1799 Die 7 namset sich auch ann Ist von
631 1746 1571 1870 Galtbrach preliche Jeztad und Rar-
665 1823 1527 1941 maßers dochter daselbsten gewesen,
644 1963 1578 2098 Dee 8 Anna gent uon Grißwyl sein
582 2049 1351 2191 kurtze schwarze psh
555 2243 1568 2364 Die 9 ist auch von Ruders wyl vrene
625 2330 1526 2475 A Dise sye brun und jinlich alte
564 2551 1564 2762 Waß das dlaß gelt, so er Io seines sen
623 2650 1570 2852 gesagtes ichermeisters lrister Schnid
528 2727 1562 2909 Nasnes von dem Hrß Prediraul zu an
614 2801 1558 2980 als 10 r beitft yngetogen betrrse
542 2870 1555 3085 Habe er söliches mit Hief Uli Gräük
574 2958 1558 3200 Brandißwaldt, als sy mit einaude
609 3041 1555 3276 ins niderland gezogen unß gereiset h
612 3115 1541 3342 sy soliches sunderwegs verthoß und
600 3183 1548 3478 Sett Pitet Got und n gre
623 3271 1528 3504 oberkeit, sonderlichen aber seiner fleihen
610 3340 1549 3617 Snges siler ver schahl
592 3467 1365 3694 gabgande h d
601 3544 1523 3796 ist e la i dem tag bedi
2725 237 2836 329 37.
2014 268 2248 359 1649
1837 342 2636 530 Haus Hansts vß dr k
1809 477 2522 598 eiglen Criminalis procssus.
1733 614 2829 834 Hemnach gegenwurliger Hans
1762 738 2833 858 kand als ein starker umbheyschwreiffender
1718 808 2809 944 Otsell nit allein ein gute zeitplahar ein
1732 873 2789 1012 gottloses Ergerliches und unküehes
1744 952 2807 1100 läbweses bübt unnd getriben, Saders
1786 1010 2796 1135 auch zugleich sich mit zugrüffen und leb
1770 1093 2817 1222 stälen, also with verhessen, daß er ver¬
1777 1161 2796 1289 schiner tages weges entfr�mkdetten unnd
1775 1234 2793 1345 zuengewantenzeitet, alhie verkäüfften
1715 1311 2768 1436 Gelasses, vnd damit verubten Grempel
1747 1387 2781 1523 sich grntz verdechtig gemachte Danenhar
1738 1467 2761 1605 prr kurzabgelofner tagen, ergriffet
1763 1545 2778 1680 In gefenckliche verhafftung genamen, und
1726 1633 2762 1757 deßhalbes, den 25 und esepebris diß
1745 1719 2818 1848 auffendes 1649 jard is by sy anhören
1727 1792 2768 1913 und gegenwüntigkeit der ehramester
1648 1869 2754 2006 fivolgeachtes Wösen Herren Hrn
1708 1942 2758 2076 Beörg Teibaletsaleß kleines rtaths
1742 2027 2740 2150 Samnels teibolets ichanß Ochßen der
1727 2103 2768 2212 Jnngeres  Berihart Hsagners Groß
1742 2172 2762 2306 bels sampt etlicher Steiblen mnghen.
1731 2246 2754 2385 und oberen dieneren, erforderlich maßen
1745 2330 2242 2442 examiniert worde.
1727 2401 2718 2527 Datt damalen berürter Hanß Feind¬
1703 2504 2759 2621 hernach geschribne durch sene begangne hahe
1654 2579 2701 2700 nd schwere Mißhandlungen, alsie I
1751 2635 2709 2779 gewantem streckh thurn verdächen unnd
1665 2715 2742 2838 berente doch volgents selbige, mit di marter
1738 2794 2427 2932 erhalten. vnd bestettiget tc.
1663 2896 2700 3008 Nambiihew, vnd leßersten Daß als Be
1722 2993 2690 3117 Is seiner Jugend, von seinen Ime vnbekante
1686 3066 2678 3199 Alteres Möntschlicher Natum zu wider
1720 3123 2735 3276 gangz umbarmffertzeg als ein unmündig kind
