3024 4032
939 180 1093 273 16
1144 224 1303 343 50.
811 267 1530 598 ce anti
935 423 1367 594 fienargemelt
724 566 1676 887 Me sendisen g
740 684 1672 926 ebeten herren Georg Bribolet, Io 6.
761 770 1659 989 enn und gegenw�rtigkeit hern alt
704 857 1685 1100 spitalweitter Lerbers und hrs gro
750 935 1673 1169 weibel pharners den deeben kerhafft
695 989 1664 1252 Michel Flogerze der ein und anderen
721 1075 1680 1332 clagpbancken. Halt er sich vmn t
730 1208 1657 1390 Ire hienar) beantwortet und
711 1263 1679 1486 darby vermeldet, war die schon hieden
712 1368 1662 1585 albereit angezeigten 5 gabstuk be
727 1470 1663 1661 etreffent dabe er selbige vortengen
707 1576 1652 1743 fare 4. jarez ans einem Erlenbach,
712 1662 1657 1847 arit uß zweyen zwäy J�rigen
699 1741 1646 1908 reu) roßen, so er einem fraüuk
550 1850 1649 2014 Erkaufft deßen Namen Ime Vnbkelan
713 1956 1643 2114 erl�st. darby dan sein brider sagen
688 2065 1643 2213 und sondere mehr(die ime zwar auch
719 2138 1652 2272 nit bekant gewesen, Hernach alse
715 2244 1641 2400 ich zugel landtf geüßeret, selbige
708 2353 1642 2494 sampt noch einem anderen sethel vol
685 2430 1644 2595 nuntz, die er in seinem gadts an einem
689 2551 1632 2723 nebetärtli ligen, ghan mornderst de
691 2638 1635 2824 er vreiset. Durch Peter stuks dem
697 2746 1634 2913 er des sehleel zu seinem huß und
686 2852 1607 3053 gmachen, wyhle er niemants darin
599 2904 1606 3124 Gelaßen ggeben, abholen laßen, vnd
690 3023 1592 3227 öliches mit ime gekammen, jedoch
664 3101 1606 3328 aber selbiges jederzeit usgehalen
2819 246 2963 353 73
2084 326 2456 443 1650
1871 387 2868 635 und sich zu Jonn und Blasseyen mit
1905 498 2918 700 arkeiten und übriger einer mitzer
1887 592 2903 829 halten habet mit ssich genamner munk
1887 658 2905 871 erhalten habe, Nach dem vnd aber
1890 735 2961 941 e sich widerumb das sgdi landt begeben,
1869 826 2883 1031 habe er die obanzognen 5 gold stuker
1886 899 2945 1084 einem gwüßen ime unbtkanten suh.
1883 1006 2938 1165 oder kaufffnas von Lyon zu wechßlen
1882 1082 2936 1270 angebotten, da aber die dublaueg umb
1886 1175 2945 1332 etwas zu liecht gewesen, seigend sy sich
1857 1245 2893 1413 deßhalb mit einanderen verglichen
1855 1355 2917 1509 daß er der Tuchman ime die dublauen
1850 1449 2904 1605 fürgerichtig. der goldtsgulden, aber das
1832 1537 2914 1698 Stuk pc 32 bz bezalen sollen, so auch
1863 1635 2839 1798 beschechen, Danan er etwas seinen
1822 1729 2911 1858 Kinden, gegeben, vnd dan anderstwo
1837 1814 2923 1985 Danob bezalungs wyß eßgesecklet
1835 1906 2914 2057 habe Im übrigen dan wegen daß
1855 2008 2953 2163 befeüsten reißgelts. war sylüches mochte
1858 2084 2937 2232 enteent haben oder wo es hinkomen,
1759 2162 2940 2338 Gott gäb, was eme harumb widerfaren
1870 2256 2892 2413 werde und wartman mit ime diß
1851 2345 2880 2532 orts fürnemmen wölle) möge er ihr
1836 2431 2936 2620 keinen weg nit wüssen, könne dauon
1854 2517 2843 2710 auch fanz nnzet zügten nach weil etc.
1800 2597 2876 2780 Alß aber, die hre Eatminatoren.
1849 2711 2939 2916 außisere sein flprzis geschane entschuldig
1856 2796 2871 3010 munsg nit kommen wolle.. Inneddist
1839 2892 2918 3125 Wogen luth sgdi benelchs erforderlich.
1826 2959 2793 3171 maßen, pynlich Cortarieren llaßsen,
1802 3039 2883 3286 halt er verners bekent, anzeigt und
