3024 4032
355 244 1249 464 Hans Burtz von
728 363 1080 498 Rüzelte
223 472 1325 741 Nachdem kurhz abgelossnes tern
388 625 1286 779 mynen gnedigen Herrn und ober
320 664 1308 851 kommes, waß gestalten, Hanß Hus
349 748 1346 931 zu Küzel fllr vfr richter und st
375 834 1352 1033 offnem schechten tauffenthafft und
404 915 1341 1105 setzlicher wyß seiger damals be
378 1000 1330 1175 kundtschafft sag, is der warheit in
406 1102 1342 1269 tag geben elle Etwas wüsen
364 1178 1344 1373 zuhaben, daß namliches Peter
385 1260 1349 1430 halen der schmnde zu Lüzelflüh
380 1342 1363 1521 sein Ratür liche was gott yngeschen
404 1433 1362 1606 hoche oberkeit, das disen ungürliche
397 1535 1346 1675 ußgebrachet sye und under anderen
395 1608 1349 1748 gredt habe Er fiage keiner obe
392 1700 1355 1834 mit nach, Da doch aber er Puri
409 1786 1360 1929 seiner concientz wol gewüst, das diß
415 1873 1355 2001 wort beschribner maßen salso ersaen
412 1958 1358 2111 auch dieselbigen von gamenthaber.
424 2055 1369 2211 selbsten gehart ußstoßen, anh
416 2147 1365 2294 Christet Krames soffen als we lse
401 2248 1362 2382 Dem h. vogt zu Brandes, solichse
410 2334 1354 2494 büres schuldiger pflicht nach und
402 2405 1361 2573 trib seiner glaußtie, entekten da
416 2509 1368 2699 schier es die ußenste gefahr kamnen
381 2610 1367 2767 Gerathen 1 tsho nit solche falteh
403 2704 1369 2862 und verübten betrug hernasch os
400 2808 1365 2958 komen worden were. Deß
409 2891 1357 3100 gedachter Burgi verschiner tahe
392 3036 1357 3217 gfenckliche verhafftung genomnet.
419 3079 1354 3311 volgents durch die ehrenurst
380 3179 1368 3400 Wolgeacht Wysen hr Burha
381 3300 1339 3526 Eischer. vom Kflensts ich Abrahten
1360 1649 1441 1762 6
2496 162 2579 261 9
1758 315 1985 438 1649.
1539 337 2577 633 Veterman van dieß lach vom großen
1429 429 2561 740 Rath, do by seinsh Großweibel zscharnges
1432 498 2585 798 und etlicheß biblen vermag sich den beurlich
1476 600 2524 858 10 januarii diß yngangen 164g gars
1477 678 2527 930 mm scharpffen und ernsthassen worten,
1465 778 2549 1045 Io gegrantem strecks thuses by betrönerung
1433 833 2530 1109 ermarter hieüber examniirt warden.
1464 930 2530 1179 welicher das mit Rüwenden hertzen be
1486 1049 2424 1275 bent und vermeldet, wie folgett etc.
1434 1161 2540 1399 Ntamlichen, wie wol er vmeint, dem gedacht
1486 1262 2563 1463 samenthaler umb etwas zuverschafen
1486 1340 2544 1521 und jo seiner kundtschafftsag die farheit
1484 1431 2581 1643 zuuerhalen, sein füßenschafft hargaigen
1478 1527 2554 1667 heit der sach zit an fag shu gebae, so sye
1517 1609 2562 1767 jedoch ime, in der warheit, wol bekant
1509 1708 2581 1847 geweßen, daß Gamenthaler (nach dem
1432 1778 2578 1922 zuruf einzeit ein gerüße mans psoh etwas
1503 1872 2502 2024 geltsabgeforderet, und zufezalung
1465 1968 2535 2099 beerüsten erbgütlins angemant worden.
1490 2050 2561 2161 ondersandern wortes auch dise formatia
1510 2134 2472 2251 alß vorstat namlich erfrage keiner
1493 2202 2442 2384 oberkeist nüt nach gebrucht habe e
1609 2358 1675 2398 der
1476 2340 2605 2481 nach dem auch zu red gestoßen worden, ab
1498 2432 2605 2591 nit etwas under dessen gesagter gamen.
1494 2504 2553 2690 haber, ime verwott habe, vor anzahne
1471 2588 2560 2745 wort zeuertüschen und dieselben be sich
1485 2669 2574 2829 zu behalten, Hatt er geantwortet, klein
1484 2766 2588 2926 kömne daßen auch niht gestendig sein, zwar
1502 2868 2564 2998 sye nit ohs, dan daß sein gamnenthalers
1501 2938 2555 3080 brider alß der wirt zu thark und der
1486 3014 2547 3164 Schmid zusziglen, mit ime desenthalben
2210 3130 2302 3178 w
1492 3104 2536 3250 geredt, sonderlich aber stagscht worb.
1510 3185 2524 3316 angewißet worden, obbeschribne wart
1488 3249 2538 3415 zeerschtrygen, by stetken voolt jedach
1482 3324 2514 3473 aberher Schmid, ame wirte Enrby
