3024 4032
382 1148 495 1269 N
943 193 988 256 1
1008 180 1063 291 6
1093 218 1220 314 49.
676 345 1590 635 Bel
998 482 1433 641 von Brsgee
569 520 1540 785 De timas junn. Ist abgemelen
555 652 1573 869 Nlözen wegen sy zusarwang stäffe
585 725 1553 923 und Cristes Bungwrich vog dießbach
567 788 1566 1025 Vatter, vnd Salb einer mit Ire he¬
625 902 1556 1081 gangnes blutschand anglagt, den
625 976 1540 1139 Vatter aber durch ußgestandine
510 1029 1559 1228 Martern entschlagen unnd ime diß
646 1132 1565 1299 orts grobsich überhab, von solcher
568 1220 1550 1385 verübtes faltschheit wegen mit seuten
606 1300 1564 1463 ufgeclanght bezeuchnet und volgents
603 1385 1578 1554 Auf dem Lÿ vbs Statt vnd lant
566 1495 1551 1626 verwiset worden, Christ alß den
572 1567 1578 1719 Sehn Jra das by Iihe ser Iy getr kin
592 1649 1562 1835 verfalgtn und hirmit daßelbig in
605 1763 1565 1903 fortht Gottes uff erzüchen solle,.
588 1853 1565 1986 Der vatter aber für sein samptlich
595 1931 1575 2086 Den kefi rosten zuesoflen saßerlate.
749 2149 1565 2301 argaritte Geyna
789 2257 1361 2393 von Soanentruth
592 2359 1560 2543 wwryl disere tychtfertige Tirn
625 2462 1575 2649 zrangesecht sy des anag, durch
593 2541 1578 2740 Franoffle nsach dem sy an erdestatt
626 2612 1562 2781 dem hand verwisen worden biß an dise
588 2710 1575 2917 grenzen gezurtt sich wider unß stid
510 2773 1572 3020 geleßen und fren die bich acher hart
563 2844 1573 3093 tereß, also ist sy dehereg mi
398 2940 1574 3188 ißen geschehbzenhaet vnd mi
607 3030 1585 3286 vor statt anß land vweißte
375 3182 1319 3432 Ie Actum 17. julii 1619.
609 3231 1562 3484 B, sy hat kein eyde praestieren wöllen.
644 3323 1516 3551 yn Haber vvrmant worden, sich J gdli land
624 3372 1563 3629 wo nit man sreg nüwrbt und alts zusaches
588 3513 1251 3706 werde, Ist ses darby vergliben.
2641 209 2760 298 33
1986 267 2247 360 1649.
1789 370 2569 530 Margreh Wydene
1848 461 2541 600 bösch necht by Brysach
1957 520 2285 681 dahehub
1698 611 2787 853 gaewol disere im hochgelägne Tienes
1732 734 2797 911 durch nit zeseignung jers kandts seinem
1685 791 2806 992 rechter vatter sichder strast, ush halß,
1736 874 2772 1039 ysels würdis gemacht, So habend dach
1728 936 2744 1136 Jr Redi uß angewanter güse erkent
1621 1018 2777 1180 Das sy eit dem erdt wie albereit den
1697 1102 2787 1272 nos Angusti behehen, verwiken werden.
1742 1235 1909 1340 sölle
1708 1468 2603 1612 Hans Sigenthaler.
1683 1703 2750 1859 Wiewal gedachter Sigenkaler sich
1691 1773 2811 1930 halßstarriger west ersezt, wegen erdie
1698 1858 2775 2028 Jaggi Lilchte uß aberseit hatz beuelch
1672 1934 2777 2094 die erkente rosaration nit an die land
1661 2019 2758 2189 zenemmen, nach auch es eydt von statt und
1708 2092 2750 2238 Landt vf sich praestieren wollen, So
1719 2186 2766 2336 habend jesoch mngh erkent, das er frg
1689 2274 2754 2426 landtshafft und gebiet der gstalt ingden
1746 2331 2767 2473 sallen nit anderst, als was er des eydt
1729 2433 2703 2562 geschware Hette, weliches allber
1753 2492 2701 2654 uß künfftigem nachricht a lahl
1678 2588 2683 2744 Dobenteltens. Ingeschribts. actum
1727 2664 2513 2836 29. augustii Darx abstat
