3024 4032
127 3211 309 3300 4z sohn
138 3287 284 3354 datte
764 273 971 379 1649.
338 292 1299 525 marter examinieren laßen, weliche
79 391 263 510 zugleich
344 390 1287 595 wol zu Burgdorf als lher beket
335 469 530 600 volgelt,
266 547 1303 799 Namlichen, wie daß sy beid von vngst
100 648 320 734 I gewonten
102 715 314 791 Strekli thur
346 676 1304 845 8 tagen zusameshkohen und uß eine
348 751 1309 916 Jned unbefranten nit wyth vog krauen
349 829 1301 988 ligenden dorf etliche anlegenen wi
340 912 1291 1063 kleider und by 4 allen eystigem zg
365 999 1285 1136 einem spycher by nächtlicher wyl
354 1070 1315 1252 gamkdet und hernach die getheilt c
363 1164 1320 1293 welicher gedachter Grorg mit ein
352 1236 1326 1380 ander geöffnet, entfrämbdet und vo
357 1310 1328 1459 gents dieselben mit sein anderen gehan
335 1384 1333 1533 habnnt mit vermelden, das erschlah
325 1476 1327 1616 von Geörg Schnyder zu disem diessih
350 1566 1318 1714 yngefürt und beredt worden sye.
249 1657 1345 1801 Sonsteß hab er sich ußert disem e
342 1749 1321 1880 und rederlich verhalt und sich eig the
355 1821 1341 1989 lang (nach dem er im müüten järe
382 1915 1342 2035 seines alters unb seinen eltersn s
364 2002 1339 2138 für eines schwedischen rüter gedrcht
364 2086 1312 2234 und bruchen laßen und letstlich anh
331 2168 1337 2353 Bipp by zweyen haren gedienet b
374 2254 1204 2409 andreß Christes gedienet
331 2397 1337 2558 Waß aber seine losen und zarer
356 2478 1346 2661 hemldere, so er ag seinem ybtrah
341 2556 1333 2738 belanget habe ime Gb�rg schun
399 2642 1329 2835 ein gespagen, so sy mit einandet u
369 2691 1343 2940 vermeltem steyher genamen, so liches
375 2805 1339 3040 geben, Vnnd habe Iemeltesr Gtha
394 2882 1346 3089 ein prspag sach 1 Barhost und
353 2978 1353 3238 Hembli für jeine behalt Habe
399 3085 1355 3291 auch vor dharen den sepyne
375 3159 1358 3405 hütet und hernach sich mit Barte
1367 2070 1428 2222 1
2471 154 2549 220 11
1723 293 1885 380 1611
1422 200 2495 535 Cten nt sint u
1441 293 2509 622 ereten erslen
1446 352 2491 651 nach sye dieselb sein ehschryb nach anfeho
1418 489 2432 772 bislverlogt Lüthart Im richt etc.
1401 585 2556 887 bittet alßo hachermelt s gden ganz instend g
1404 676 2542 940 und densetig umb gnad und verzpihung,
1404 864 2555 1119 Diser Sunas Staab ist zweymal Lär m
1449 954 2498 1158 mit dem kleinen un h m mit 2 steinen
1414 1014 2553 1263 uffgehaget warde und der dieitestein ime
1429 1145 2143 1341 sonch hinzu gebulden worden,
1530 1411 2217 1574 Heorn Schnpder
1623 1497 2189 1683 hieuangemelt.
1393 1684 2456 1872 Regt an, daß als er uf einneit by
1419 1787 2516 1963 R�ehli einem Buren zu Müllenberg
1455 1858 2562 2019 2. Jar dene zu Kalnach, byßuren Ben-
1441 1958 2458 2118 sicht 1 jar und in Langnauw lyen.
1453 2038 2518 2201 anmaß auch ein jar gedienet, senndt
1452 2137 2549 2297 zu Schüpffen das urch gehüttet, habe er
1436 2233 2508 2383 an hieuor vermeldet uß gesagtem
1433 2311 2550 2459 stycher zy welichen er gebaret ein thuf
1419 2416 2583 2575 Georg Staabs seinet gsellen, 2 bar hosen
1462 2516 2572 2654 4. Heübli und Heres Kragli entragt
1472 2612 2555 2742 weliches sy mih einanderen getheilt hab
1474 2707 2515 2854 und söliches alles wydenfieli zu
1435 2780 2490 2943 kilchberg zustendig gewesen, habe
1507 2868 2550 3030 ansten anders nüt, dan zu Längenthal
1483 2965 2505 3096 unfangst uß einem Keller, is welches
1485 3059 2542 3213 erelusechifach, so in der neuren gefeysen,
1470 3118 2438 3319 hing geschloße, etwas snslsche
1480 3230 2414 3389 namen ein Übris zu keinen
