3024 4032
1002 197 1364 336 1656.
718 305 1602 584 vnndt en e
772 409 1714 689 een endege
693 462 1688 772 vorelen gela
749 572 1688 845 ve geteen
743 642 1675 892 Ruthen ghan) zu fbe Flagerli
710 713 1674 971 Gfangenschafft kommen und vermeldet
777 826 1681 1055 wie es ime ergangen, er solle steh
758 915 1681 1132 mit der warheit umbgehen und dli
760 986 1683 1230 selbige bruchen, ouch geredt, wie das uin
741 1082 1655 1297 inne karlen solich gelts halben in
735 1165 1673 1411 sarkem verdacht unnd ze kyffel haben
708 1271 1658 1483 Da seige er klagerz diser sach nach
729 1367 1660 1554 gedenkt, war namlich diss geltshhal
741 1471 1654 1646 machte ein beschaffenheit haben, sich
710 1565 1642 1731 hiemit wol erenneret und vermeldet
693 1651 1642 1844 daß als er flagerzi ihme verschunen,
679 1731 1666 1915 Merzen oder aprellen so schwarhen
718 1863 1641 1993 burg nacher thun und da denen
703 1929 1642 2076 uftermet zugangen und als er
720 2022 1638 2177 ge diemptisen komen, Sye es schon
653 2113 1645 2293 Io der acht zimlich lang nacht gewosen,
697 2199 1636 2355 Da habe er by seines bruders huß
699 2297 1645 2455 vor des pfenstehren geloßtn und ehirt
716 2384 1618 2538 daß ermelter sein brndern Jagbi und
719 2492 1626 2664 Cristen Karles, die daruar, wie sin
702 2572 1627 2750 bricht geben worden) mit einaneren
720 2662 1606 2809 von Herz komen, mit einanderen
692 2744 1613 2965 gäßen, ob sy auch trych dar zugeset,
665 2851 1635 3066 moge er aber nit wüßen ohm get
690 2937 1622 3189 geberüschlet oder aber solichgelte
652 3030 1618 3292 her gessogen worden. Auch hernach zur
2783 307 2941 424 74.
2094 347 2440 450 1650
1853 445 2885 663 gesagt sy sollen söliches verschwygen vnnd
1841 562 2887 684 Niemangen unsit sagen,  diemit sorg
1866 605 2906 765 han, damit es nit ußkome etc. Worbder
1864 693 2872 854 da er klagersi seines bruder Jaggis
1882 762 2893 917 trauc gefragt, ober als ir mahs nit
1903 853 2900 1009 veran nach im hryburg sepiet und
1866 928 2920 1098 oder ob er olhier im hußfen weren sy die
1858 1006 2909 1184 frauw sölches gneimet im vrmeld, das
1882 1087 2931 1267 der nach seiner abreiß niemales byfra
1885 1169 2495 1374 seinen schuff ssy syn,
1870 1289 2882 1485 zir zeist-flageru wysers an, daß
1804 1416 2929 1594 Ds olligem tag uf sein begeren, hanch sein
1810 1495 2946 1666 muser gesagt It sohn Jaggi und Cisten
2470 1590 2601 1661 nacht
1797 1595 2948 1745 Karles, syes verschiner tags heimb kamen
1822 1688 2919 1853 licher lryß. Jo Item al sein Jaggis huß
1834 1774 2910 1924 byeinanderes gewesen, mit hinzuthun
1819 1874 2874 2003 daß by selbiger zeit alß vorbemelte
1832 1958 2873 2110 beiß mit dem gelt umbgangen, sein deß
1823 2052 2871 2185 vfangnen unter und gschweter, in der
1783 2132 2921 2277 stuben bysnen gsin syen, und nach den
1800 2223 2853 2386 habe sein Carlens fr gesagt, Silch ir
1750 2311 2813 2467 mahs vo Bers kaneb, syen ime nit
1831 2417 2882 2580 recht. sy w��e nit was ime wider
1831 2485 2831 2660 fortn, das er Titere, vnd Schantere
1821 2566 2861 2766 der erstalter, das sy nit wüße, ob er
1826 2649 2781 2909 haub oder sonst Kranbhyen etc.
1792 2764 2881 3067 Wber diß als gedachter Jaggen Flagerzi
1800 2891 2854 3087 von heyburg widerumb heimbkommen.
1804 2993 2881 3184 und der weibel zu Erlenbach an einem
1790 3063 2853 3296 sambstag in ime Joggen gesagt, daß
