1912 2726
163 106 850 273 Und als er dahin khommen, habe
183 173 826 318 er gesächen, das das volck alles
147 221 841 372 uff gsin, do sy hab er sin rock
166 303 846 428 den er da glassen gnommen, und
164 357 789 474 widerumb sampt mit dem
182 435 854 547 mantell zum schafflüthen gangen,
201 482 801 598 und da liggen lassen, aber nützit
236 538 870 673 daruff verzeert noch versetzt, und sye
252 616 847 724 den wirtt noch zwo urti schuoldig
239 667 824 776 und sie ime dasselbig also miss
188 728 832 822 ___ den er sunst sin läben lang
153 789 849 880 ____ böss gehandlet sunders
140 823 756 922 sich wegen mit siner arbeit
136 876 786 981 behulffen doch so möge man dass
132 940 762 1030 an Petter ____ sinen meister
112 980 804 1090 ___ dem er ein zytt lang
152 1034 610 1147 werchet erkhuondigen.
188 1097 816 1202 Ist ledig uff ein gmein
217 1156 659 1255 ursach ussglassenn.
412 1313 609 1388 Eodem
181 1392 776 1496 Ist Michel Rossen vonn
146 1461 794 1555 Wallis inn der keffy gfragt
149 1523 747 1620 hatt anzeigt, wie er vor
150 1566 834 1673 derselbigen frouwenn gstanden,
174 1622 844 1722 sye inne sin gurtell zerbrochen
169 1684 813 1777 desshalb er die scheide inn der
170 1745 795 1843 buossen ghept und dz bloss
189 1788 819 1899 messer in der hannd, habe
190 1854 797 1937 ouch niemants denn seckel
187 1919 821 2014 abgeschniten, sye ouch nit sunst
190 1965 845 2065 yemandts ützit böss zuozefuogen
179 2033 831 2131 dem er ein zytt lang zuo Lutzern
184 2083 872 2167 pflesser gerurtt, und ein summer
184 2138 888 2242 by Hanns Baptiss zuo Burgdorf
199 2192 885 2287 gediennett, sig ouch har khommen
198 2261 773 2344 willens einem stemberher
188 2307 839 2412 zediennen, des er woll bericht
199 2357 809 2459 sye, etc. Ist ledig, uf ein
96 2399 759 2502 * ursach
198 2467 798 2563 gmein * uff ussglassen actum
202 2523 520 2593 donstag dem 14. tag nouembris
1494 107 1543 171 im 1560 jar.
1097 145 1737 311 5
1078 226 1753 353 Uff frytag dem 15. tag
1065 277 1720 430 wintermonats im 1560 jar
910 344 1707 524 inn gegenwürtigkheit der
1072 366 1777 553 frommen ersammen wysen herr Hansen
1082 447 1745 588 von Bryens, des rats ____
1095 527 1755 649 Archers grossweybels, unnd
1087 570 1769 730 der weyblen miner gnädigen herren
1088 662 1733 778 gmeinlich ist Catrin Muntzer
1080 711 1753 836 alhie inn der statt pürtig
1078 764 1739 876 inn der frouwen keffy gfragt
1074 832 1758 951 worden unnd hatt uff sin
1090 878 1708 991 fürhaltuong erstlichen anzöügt
1022 944 1066 1011 wie es einer silberen krämeri
1082 934 1754 1073 *
1090 1000 1682 1125 fürgeben, inne ettlich beschloss
1081 1054 1699 1166 besterkinen zegeben, dem es er
1091 1110 1711 1226 einer frouwen die geschickten
1102 1181 1711 1267 weliche willens dieselbigen
1099 1223 1751 1321 zebesichtigen, und demnach
1091 1284 1757 1387 mit iren zemärten, uff das sy
1082 1344 1738 1450 inne eine geben, die es
1079 1402 1745 1499 des schmids frouwen umb die
1078 1455 1747 1562 dick pfennig versetzt die es
1091 1510 1720 1606 einem wirtt zum Büren zuo
1090 1547 1772 1667 Burgdorff vergeben, dieselbigen
1107 1620 1703 1728 einer frouwen so sich Elssbeth
1107 1673 1745 1792 gnempt zeüberantwurttenn
1111 1729 1789 1826 und das von wegen eines churtzes
1103 1799 1704 1884 denn sy ime vor ettwas zyts
1121 1836 1771 1935 entlent und es denselbigen uff
1107 1898 1745 1993 der Basel strass verlorenn.
1084 1964 1723 2081 Denne so sye es inn ann herr
1105 2027 1721 2116 seckelmeyster Tilhiers huss
1110 2077 1760 2181 khommen, und siner frouwen
1127 2132 1702 2234 vier pfund, so ime mine gnädigen
927 2177 1118 2279 * fürgeben
1101 2184 1764 2287 herren, gworden * abgforderett
1115 2253 1741 2343 die aber ime sölliche nit geben
1123 2294 1785 2395 wöllen, suonders geantwurtett
1122 2357 1748 2456 es sölle widerumb khommen
1116 2411 1755 2516 wen der herr anheimsch sye
1097 2472 1788 2582 inne sins fürgebenns zefragen
1125 2531 1648 2623 dass es aber nit erstattet
