1912 2637
408 114 801 242 Steffan sheiles
257 292 855 423 f Mentag 20 Januarii
218 389 819 478 1560 prrspntibus in
170 443 910 597 Hans Wyssen des Egats Eab
158 530 858 625 mlome mans der burgenn
202 594 811 706 und ludwig Archers
229 673 862 792 frosweysells ✳ und ettlich
198 755 895 854 der weyblen miner E hetren
217 906 869 1017 hatt steffen tharles von Ca¬
233 999 916 1087 Darlx danle zu Marßli uff
235 1051 910 1167 den Ersten Im furgehalten
212 1134 879 1237 Treiktl anzeige antieffend
188 1213 866 1295 das er zu Mildengredt es
149 1266 872 1364 Warind z Ehen byß knaben
184 1330 921 1446 firgr unnd ander so falsch schlüsse
190 1412 892 1495 zu der Munition gmacht hättind
175 1461 873 1559 dieselb anzezuctenetc., ouch nin e.
178 1531 903 1625 herren zuuerratten e anzeigt, das
172 1593 901 1671 Ers uff das im mein gredt haben
161 1648 850 1734 das ettlich buff zu Ehndenner
172 1706 843 1802 hormans Keller guse brocht
191 1764 860 1860 duch wie ers uff dem platz von
198 1818 895 1901 herr Dischers knecht shydtsag
179 1880 857 1970 Er wus aber von kein burger
181 1936 873 2024 des noch Einchem andern nit
178 1982 867 2087 so sollichs zethund gesunmet stend
177 2047 839 2132 dnd wüß von dhem burgermit
189 2085 888 2176 dan deren liebs und gutts unnd
179 2141 884 2250 grüwen und was er alß gredt
190 2194 884 2308 hab Er uff sy falschlich erdacht
203 2245 515 2320 vnd rlogen.
999 100 1740 217 Item etruffend des andern
1059 161 1750 272 ardieffels wass war Einer so
1071 232 1726 326 enns fùr nemēn hus war
1058 290 1723 385 der nit gfangen, unnd das
1068 349 1783 433 midt ntrig Schiltgrissen von
1086 391 1769 471 Wattenwel hunwar hab
1068 439 1822 544 ers uff zunschandtlich erdach
1070 496 1771 609 vnd erlog vnd wüst ouch mit
1069 574 1748 671 van Eeren vnd gutts von im
1075 669 1809 757 Item ferürend das ergrede
1027 731 1825 823 Es warind sy un uß den lande
1026 787 1812 910 so sich zu wyfer Kleyder aegleih
1051 852 1763 957 vnd sich Bn glaris vlagret
1053 917 1820 1005 hattend ✳ und das die Zerichen iuns
1041 975 1797 1071 nit habind mögen zhilff tehome
1031 1036 1816 1131 den deß willen das dieselben die passen
1035 1097 1754 1192 gsschlagen, hab Er sollichs von
1048 1152 1789 1242 emsten battler ghort der im
1057 1211 1786 1301 by der nuren trng alse von
1076 1272 1733 1368 Breigartten khomen Ergeguet
1023 1376 1762 1468 Item betraffend ds er gred¬
1049 1437 1821 1530 Er hätt vonn dem schwäbsch bichs
1041 1488 1813 1591 meysterghört, das wid unnd erstan
1061 1552 1779 1640 that Lentzburg zeerotten ouch
1046 1609 1775 1700 das derselb buchsenmeyster acht
1051 1660 1811 1776 Heinschtüffel hab, so aber wuch ein schaff
1057 1712 1762 1833 asspndso nun Herren bhallennd
1054 1770 1815 1887 muft hatte er bkhent alls im de¬
1051 1831 1790 1949 selb bichengneyster Snder augen gefur
1077 1893 1784 1980 worden, tag Er denselben euchsen
1036 1950 1756 2049 gwyster o mit sein wüssen vorhin me
1041 1992 1752 2115 ssach₎n noch beffent habe und warsaffe
1061 2056 1749 2163 als von Iigredt habe be vff Inn
1065 2134 1301 2222 erdacht₎
1046 2207 1775 2325 Itei dazs er rredt min ferren
1037 2279 1781 2382 warund ernicht das für gszauff vier
1271 2337 1488 2391 sz volck
1045 2330 1788 2446 sselschaffte khomen warnd und der herr
1060 2373 1785 2480 von Gulbins gehauptman ware habe
1043 2434 1663 2540 er sollichs us dem ein sredt
