1879 2657
182 51 783 195 Item dem wirt Jacob
168 151 802 257 Meyer genant zuo Oltingen
181 211 844 343 sye er ungfarlich zwey pfund
171 267 643 382 zeergelt schuldig.
221 385 860 512 Unnd zuo letst als er gesächen das
256 472 833 580 er zuo Buocheck söllen gfangen
339 533 767 613 lassen er ettlich gelt
352 591 894 700 fünffzechen dickpfennig
361 642 886 752 verfalen by inne gehept
138 716 894 803 die er ___ angentz inn ein eichinen
152 771 867 849 stock ___ unnd dasselbig in
165 827 852 902 siner gf___ flasi der thurn¬
454 888 824 963 hütteri von Buchegk anzeigt
451 937 863 1025 wüssen, ob sy die
463 1000 828 1077 dadannen
211 1059 828 1145 aber woll sya
161 1166 850 1235 allein ira
161 1211 872 1306 habe
326 1262 915 1358 bruoder Niclaus vorgemeldte
221 1303 894 1428 dickpfennig ___ daran er
264 1372 891 1473 verwarheit erfunden worden, als
271 1429 874 1542 der Obenmanen
170 1493 238 1561 *
138 1504 884 1613 Hanns Schnider vergicht unnd misse¬
150 1585 852 1655 thaten ____ mine gnädigen herren
137 1628 831 1706 rät und burger diser loblichen
139 1678 804 1775 statt Bern uff den eyd zuo
152 1735 872 1835 rechten erkhent und gesprochen, dass man
145 1777 870 1890 denselben Hanns Schnider dem nach¬
154 1848 898 1940 richter beuelchen, der inne niden uss
165 1901 827 1996 uff gwonliche richtstat mit
168 1956 881 2049 zuo ruck gebundnen henden als
165 2008 876 2108 einen dieben furen dasselben mit dem
172 2057 881 2170 strick vom läben zum thod nach
172 2129 876 2225 keysserlichem rechten richten und
155 2187 789 2285 dem luft bepfälchen soll.
1518 72 1556 115 4
1038 90 1579 213 das derselb Hanns
998 176 1696 271 Schnider verdient hätt durch
1010 218 1744 329 keyserlichem rechten mit dem
1014 275 1600 392 strick gerichtet zewerden
1005 339 1588 462 uss gnad und barmhertzigkeit
995 401 1549 500 und von siner ingangen ___
991 469 1525 565 dem nachrichter beuelchen der inne
983 499 1725 641 ob uss uff gwonliche richtstatt
966 584 1511 692 füren inne sin houpt abschlach
1003 646 1451 735 und also mit dem schwärt
989 707 1727 793 vom läben zum thod nach keysser¬
985 749 1615 872 lichen rechten richten soll.
1067 926 1471 1045 Uff mittwuch dem 12 tag
1027 991 1550 1089 novembris im 1560 jar
1027 1052 1607 1143 presentibus des ersamen wyssen herren
994 1092 1671 1183 Ludwig Wers Grossweybels
1009 1154 1711 1237 und der weyblen miner gnädigen herren
1018 1187 1706 1304 ist Cristen Wenger von ___dorf
1025 1243 1650 1360 inn der keffy gfragt worden
987 1296 1704 1395 unnd inn fürghaten antreffend
1014 1347 1706 1443 den mantel, den er zur __ nachts
1015 1401 1695 1505 hinweg tragen, daruff er anzeigt,
1028 1461 1732 1550 als sy dasselbs mit einandern getruncken
1031 1511 1657 1613 sye er voll wins dessglichen inn
1039 1555 1715 1650 sin läbenlang nit geschächen worden
1006 1614 1718 1710 und do er vom tisch gangen, und hinweg
1025 1672 1692 1764 gwöllen, habe er an alles gefrd den
1028 1730 1730 1817 mantell erwütsch, vermeinende es wäre
1030 1778 1735 1871 sin rock gsin, und hiemit hinweg
1023 1836 1695 1928 gangen, willens im J. Anthoni von
1002 1882 1739 1991 Diesslachs huss zekheren, und daselbst
1005 1946 1712 2040 übernacht zeblyben, den die jung¬
999 1994 1696 2103 frouw inne, als er im tag da Ysin
1007 2058 1702 2147 heissen, widerumb khommen, denn er
985 2106 1636 2210 den junckhern ein lange zytt
998 2160 1726 2268 gewerchet, etc. de sye er mit demselbigen
1002 2218 1738 2326 mantel inn schifflüren khommen, dasselbst
989 2277 1677 2374 übernacht glegen, und morndis
979 2333 1717 2437 frü, den mantel widerumb dartragen
