1905 2681
138 74 812 241 denn er dasselbig sunst
146 169 830 282 niemandts anzeigt, denn allein
140 224 833 339 ira, aber die acht dick pfennig
143 272 848 399 so er anzeigt sin bruoder habe
135 340 862 458 sölliche geben, daran in monats
149 391 851 509 frist, daran ist nütt, den sin
132 447 832 562 bruoder inne siden dem pfing
137 502 715 610 oster zinstag nie gesächenn.
194 587 835 707 Denne habe er sines vatters
132 663 857 766 hussman, so sich Schryer nempt
161 722 815 815 einen 1 ast roggen, den er
185 774 793 876 sinem vatter gnommen, umb
184 833 593 937 2 pfund verkhouft.
183 917 841 1033 Denne demselbigen Schreyer
185 1001 815 1087 inn sines vatters spycher by
187 1046 855 1142 einer kronnen entfrömbdett.
179 1134 791 1241 Denne Nicli Scheren zuo
181 1190 816 1283 Wiler Oltnigen mit einem
197 1252 815 1349 biel ein trog uffbrochenn,
205 1314 846 1420 darin er aber nützit funden.
209 1398 810 1525 Denne siner stieffmuotter
214 1476 808 1563 uss irem schott in der
223 1528 893 1639 weberstuben 10 pfund entfrömbdet.
220 1608 752 1721 Denne im Kolgraben vor
233 1670 766 1779 siner ersten gfengknus
229 1722 802 1823 Marti Garus, ein isinner
230 1787 837 1882 wegen entfrömdet und den
224 1843 818 1948 Petter Nüssli im Kolgraben
224 1903 692 2006 umb 10 pfund verkhouft.
213 1979 749 2095 Denne vor siner ersten
210 2057 761 2146 gfengknus sinem bruoder
196 2107 783 2208 Niclaus uss sinem seckell
197 2165 648 2279 12 pfund entfrömbdett.
177 2229 828 2346 Denne so sye er Geörg Schwab
180 2308 909 2405 dem wirtt zFriesswil ungfarlich
168 2366 809 2487 by 30 pfund zeergelt schuldig.
1068 113 1745 239 Denne sye er dem wirt
990 194 1701 296 zuo Oltingen gnempt Jacob
1034 241 1714 353 Meyer ungfarli 2 pfund zeergelt
1038 325 1725 450 will des übrigen fürhaltens
1050 405 1690 513 nit wytter bkhantlich sin.
1032 495 1582 611 Ist das erst mal lär
988 578 1713 685 das ander mal mit dem grossen
1038 654 1163 724 stein
1018 702 1680 816 das dritt mal mit zwöyen
1012 771 1361 881 grossen steinen
1010 840 1652 958 das vierdt mal mit zweyen
997 905 1681 1026 grossen und dem kleinen stein
1032 970 1375 1083 uffzogen worden.
987 1123 1652 1243 Uff mentag dem letsten tag
978 1203 1728 1292 herpstmonats im 1560 jar in
975 1252 1775 1354 gegenwürtigkheit der frommen
968 1304 1646 1382 ersammen wyssen herren Vintzentz
972 1351 1721 1442 Dachselhoffner des raths, Petter Berch¬
985 1405 1710 1490 tolds der burgeren Ludwig _____
985 1460 1709 1550 grossweybels und der weyblen miner
979 1509 1713 1614 gnädigen herren gmeinlich hat disser
983 1566 1732 1663 Hanns Schnyder von Salusperg uss
981 1627 1761 1714 der kilchöri wolen bekhent und ver¬
973 1667 1756 1776 jächen, als er im herpstmonat inn
981 1720 1735 1822 hingeflossnem 59 jar inn miner
980 1777 1744 1873 gnädigen herren gfengknuos khommen umb
981 1833 1806 1950 das er Petter Türenwächters sun uss einem
980 1885 1747 1964 trögli für dry kronen müntz ent¬
982 1934 1713 2038 frömbdett, demnach ouch zuo
987 1975 1759 2089 Murtzenen, uss einem trog ein heilen
983 2043 1740 2142 parhossen gnomen, syent aber dem¬
988 2086 1452 2171 selbigen wider worden.
966 2144 1792 2266 Item im Attswyl der kilchöri Rotel¬
970 2202 1819 2299 fingen einem weltschen knecht uss einem
997 2256 1789 2370 trögli so er mit einem biel uffprochen
987 2304 1723 2398 sechs dickpfennig entfrömbdet
988 2376 1815 2458 doch habe derselbig knecht an statt
