1921 2666
322 78 897 215 vnnd derselb man den
730 193 1000 287 ae a
310 174 991 311 gmurdt der habe, vnd kern
305 238 987 378 by im phept, die sy enbmen
322 315 946 441 vnd syend im zwo frone
311 399 824 514 daruon worden etc.
277 512 987 674 aenne so ist er ouch band
314 618 941 716 lich das sy nit wit von
256 674 956 786 Frryburg in eiinem wald
311 749 976 865 unver von dem ersten Mor
301 807 968 935 bein Khetzger knecht so zfus
303 895 975 1017 gangen und ein dagent
313 959 976 1060 der oochstltragen brennt
326 1031 950 1147 vnd sye im von demsolben
352 1094 975 1213 diebrf vnd sin beudwor
331 1178 964 1303 den sy nebend der straßge
309 1258 888 1371 die Studen vergraben.
265 1364 955 1488 denne so Ist Er ouch annrd
302 1436 946 1550 das sy des arurts sum
294 1519 960 1624 von arwangen sy balstal
296 1601 948 1691 Angriffen als er gan baste
299 1651 957 1757 gwellen, vnd alloffin kan
298 1715 960 1828 mer khommen der syb se
312 1783 930 1901 ssy zu ein schürli komer
284 1861 944 1954 pfloshen und er also daruon
282 1916 903 2002 ehon ed aber er habe
281 1972 905 2080 hievor sins bruders sum
274 2036 937 2140 Jacob Frunder gnempt das
279 2100 909 2209 Eer darby gsin sye uerrecht
289 2155 407 2243 than.
280 2238 901 2354 Ittem ehr habe im solls
280 2290 938 2410 hieran, das er ekhent
279 2368 894 2468 jarte des amans hus zuͦ
283 2428 908 2516 mulhen anstecken wollen
280 2482 692 2589 sies unrecht than
1016 626 1136 692 zuel en
1044 714 1101 756 Er
993 772 1112 836 konde
1710 88 1845 177 164
1116 174 1738 306 Denn hatt er wyther
1112 233 1775 391 beent das er z wachen
1107 300 1777 447 lang mit dem petter unwart
1115 352 1809 524 vmbher zegen vnd sin gsel gfin
1114 455 1803 592 und uff ein ziit syend sy deey
1124 522 1778 684 derselbe vnwart, der welsth
1123 614 1839 749 gliide vnd Erffder Hans Keller
1124 658 1859 825 aber sie nit by innen gsin willens
1118 759 1800 894 zwasten in krieg zuzieehen und
1117 826 1847 976 als sy binder zauff jnhir komen
1127 927 1813 1041 sye innen ein kriefsman be
1111 980 1817 1111 geguet der uß dem krueg kommen
1116 1067 1773 1181 den sy gfragt wan warnen
1089 1135 1797 1225 er kön hat er junen gesagt
1099 1187 1797 1279 er kam uss dem krieg unnd
1113 1260 1743 1360 ware nun kein krieg inter
1100 1323 1836 1439 denselben habind sine Eeidgsellen
1104 1407 1792 1494 ouch wurden wollen, das er
1112 1456 1800 1574 aber gewendt vnd gsagt sachind
1110 1542 1766 1629 wol das er als wenig gelt
1105 1590 1798 1703 hatt alls er soltind zun gan¬
1112 1677 1812 1778 lassen das sy than glich dar¬
1099 1721 1832 1840 nach sie iunen ei kouffma
1103 1798 1739 1903 dasowst ey einer frug
1092 1868 1786 1963 bekhomen, welchen der vetter
1098 1939 1818 2035 unwart mit einer fürkuchs
1096 1995 1760 2094 gschossen das ehr vber das
1084 2060 1795 2157 doß ab gfallen den sy wollen
1095 2127 1789 2228 tedt vnd daselbst mit sampt
1099 2183 1762 2278 iein doß über die brugkt
1098 2241 1725 2337 Ins wasser gworffen, von
1099 2307 1760 2394 demstelben syend ge
1097 2362 1790 2464 jedem ec kronen worden sy
1103 2412 1754 2515 y habend iun plich darnach
1095 2475 1753 2565 gschlapen von deßwillen das
1089 2535 1796 2597 er gsagt wolt sy angepen an ahor
1088 2560 1571 2623 sye er vor inen gluffen
