1918 2714
212 147 880 354 1Mntag in Sebruari
144 254 885 406 1561 Prestentibryh stten
122 344 873 484 von graffeninedt des Ehats
117 425 916 573 Ludwrig wetters grosweybel¬
164 489 897 657 und der weybten ingh.
298 579 588 697 Marsl
150 718 901 876 hatt Pon delakaule doron,
109 829 936 993 anzeige erstlich das br zu melhisten
126 913 851 1040 zwercket und pflaster gmacht
139 960 844 1090 diß Chernst das erstanck
139 1059 912 1181 wordenn, vnnd alhar zn diestar
145 1110 883 1250 khomen und ein nacht khie Im
133 1189 914 1324 Epittal glag di Er den gsellen
143 1244 844 1379 sfunden er hab inn sonst nie
145 1322 895 1438 gsachen, Ietem das ermit dem
155 1402 878 1522 sollen zum folcken sich ze wermen
166 1463 922 1592 In die kuchi gangeen und alls bey
148 1530 902 1663 die jnng froue daruß zegand ge¬
158 1603 904 1747 erangt, das er zu gragsprochen
140 1662 855 1797 Wan er sy ira läge wolt sy
162 1731 854 1864 machee zeteren aber nit gsagt.
160 1794 764 1918 von hiffmein holtzware
146 1865 872 2038 ittem des er un strasburg
176 1945 869 2080 umbher das almuten gsuucht da
145 2017 894 2148 gue sin hut worden syr und ob
133 2063 881 2215 Er schon daselst vmbtzer zogen
354 2131 401 2179 dos
164 2133 882 2278 hab er kein gmeinschafft mit
155 2183 911 2355 den beyden ghept, ouch deßglichen
166 2245 546 2378 Eser gstlschafft
176 2341 902 2479 Ist nit ekhandtlich das er die
197 2403 929 2582 fereurnn in spittal gueltzig wel
1667 61 1735 128 32
1018 115 1735 293 si sie sonst so bös sy gebe für
1065 207 1730 368 sie stech thurg aller mertheils
997 295 1055 395 s
1010 299 1465 434 mit dan stgen
1038 410 1717 538 sonns Hott er ouch anzeigt
1029 492 1678 604 das er vor der ernd zu
1026 571 1713 695 Kurren gfangen worden, vnd
1028 653 1744 767 deßwillen das Im ein krämp
1021 736 1739 858 daselbst ein haller vm gotts
1027 807 1783 933 wllen geben gehegt unnd das deßelten
1038 893 1793 997 kramers frouw Ii denselben ver¬
1040 958 1729 1053 bdemen vnnd Er Im den wider
1043 1037 1703 1143 gefe, vnd gsagt wird er Inn
1045 1114 1741 1207 deff den nit gonte dah ersin
1036 1192 1731 1299 nüt woltte und darby wyther
1042 1258 1782 1361 gsagt zwen trrg bgegnottend
1049 1325 1768 1417 inandern nit und domolen
1060 1397 1768 1505 alhur gfencflich gfürt worden
1044 1491 1797 1610 Er hat sonst mit mißghanden
1078 1588 1228 1682 làr
1058 1642 1744 1754 dennach mit den Kleien Stein
1080 1721 1736 1842 vffzogen, vnd im der grosser
1055 1803 1777 1901 ankunden wil nit wyts eim
1050 1865 1753 1969 Ist vserlassen, vnd mit dem vnd
1105 1919 1735 1990 dß minerig herrn stat ve
1170 1962 1539 2032 wisen worden
1052 1979 1778 2096 Do dem s Marseli Guellanbe
1015 2062 1777 2160 clere uß der landtvoggen Mier
1025 2126 1697 2219 anzeigt, das er sich werchen
1028 2182 1748 2274 egange wvan er finde ✳ und dz
1002 2240 1762 2339 Er Jetzund den nechsten von Solo¬
1034 2297 1750 2398 thunn vffzer khomen, vnd d t
1006 2354 1809 2479 zu Faspl den stein honweren pflaßen
1028 2415 1790 2535 gmacht und wan er gewarchen voe
1034 2467 1759 2586 kin, weltte Er gern werckhenn
