3024 4032
803 630 1629 875 Sect Esder Noilien
863 741 976 841 eck
1022 762 1591 952 unßt etu dsli
1027 835 1385 981 Bekhandtnuß.
712 902 1621 1128 welche sy zinstagß den 16. acti 1677
733 1006 1637 1178 hem bywesen und andörn, myenß vochgehten
731 1086 1630 1258 Herren heren Hannß Antzoni Cilinß und
733 1155 1526 1306 H. Andrraß Godtinß Gerichen.
714 1303 1647 1505 Ertlich, alß man sy wegen deß waißgäldt
760 1443 1637 1564 De meai alleß ernstß und mit angewerte
762 1509 1647 1657 notwändiger marter befragt, wie sy dem
753 1590 1646 1723 ynbruh fürgenommen tc. Habend sy sich desse
760 1669 1618 1805 gentzlichen entschuldiget, daß under ihnen
756 1759 1632 1881 Heineß darby gsyn auß gantz nützit dauon
756 1834 1617 1964 gewüst habindt, und solcheß ouch beideset
755 1924 1664 2045 an der martes erhalten, allein gibt diese
726 2007 1653 2108 Dann bericht. Aalß sy zuo Freyburg, mit z
723 2101 1653 2224 Dont hingerichtet Ganng und syner mutter
732 2178 1640 2305 gefangen worden, habe man noch by 1
719 2279 1613 2428 by faun gefunden, welcher zra aber hinfor
712 2346 1627 2505 fergeben, daß zum dieselbig syn vadter der
673 2431 1638 2596 Weybel zur Medtewyl alß synem wecher
694 2517 1630 2681 liten sohn gegeben, mit fra auß demselben
709 2583 1634 2793 gäldt, hochzeits zuehalten, dar aber zuo frey
685 2674 1649 2892 bang bekhant, daß eß von dem Reißgäldt isy
686 2768 1638 3006 syn, sy aber sye zuo Feyburg im deß ehe
665 2871 1635 3083 wächterß stübl dunh den ofen
677 2983 1483 3187 gebrochen, vnd also daruon komen.
713 3097 1619 3385 son der Atie atin nds
701 3218 1609 3471 gantz uinerendert, by dem jenig, waß
700 3274 1659 3559 enten enhan
679 3341 1631 3639 as e
677 3414 1630 3721 anse a
693 3493 1642 3791 ee e
675 3766 916 3895 obung.
1974 618 2763 872 Alb 66
1962 730 2717 939 bachß. Welicher verdomnen
1977 760 2727 983 den hen e
2036 854 2595 1024 er gslidt a de
2108 906 2639 1094 aten bekendens
1770 1046 2864 1312 Alß man inme gefragt, wo er mit den jenign
1788 1122 2806 1399 zwegen Klrenen wäfen, so er gwüßen Reßleren
1786 1290 2226 1445 ati rtenn.
1773 1344 2774 1590 Hat a geandtwortet, daß Jauli Waberß
1740 1426 2819 1677 Dochterman Nihauß Waber genant, Welcher
1786 1496 2787 1728 Ame goswüsterte Rindt, afner zwen helen
1781 1567 2894 1802 zue buß und heim gebracht, mit vermälden, er habe
1793 1637 2842 1872 dieselbig sampt noch einem Rherinen Hafen, vnd
1788 1695 2897 1971 Erssi sogb zun dem boltz verborgen, synem schwäche
1805 1851 2853 2007 entzuckt und daß allein umb der ursach willen
1781 1909 2851 2083 das syn schwächer ouch nil auß waber gett
1780 1982 2841 2146 Welchen dr schwächer mit wyb und keidt steth
1797 2077 2856 2226 by ime in dem buß underhaltet umb vil
1809 2166 2826 2305 den vorteil habe und er mit den synigen
1809 2242 2897 2391 die mit daß kürtzer züche müsse, uß habe hieneben
1817 2318 2899 2489 syn schwacher jene vermäldet, eß wen mit zuben
1820 2405 2819 2545 gwusse Keßler zuo imme kommen, denen solie er
1815 2486 2860 2634 die gemälten 2 häfen umb 8 lb hingeben
1828 2575 2898 2716 welicheß bi also beschäcen, er gfangne aber
1821 2642 2840 2785 habe kein gäldt darumb emppfang und sye
1819 2731 2903 2872 henn ond nüt darumb versprochen worden, das
1831 2791 2856 2939 ein srnpkgäldt, wie nun die kißler mit
1843 2885 2807 3029 mit diserem roub in dem hotht auf daß
1830 2966 2854 3116 Kellenbüügli kommen, sye dr weybel Umbel
1852 3045 2863 3201 sampt ubrigen persohnen. luth fürtragß zuer
1815 3125 2851 3273 daselbst begegnet, und habind die häben an
1856 3183 2895 3352 gesprochen, die ursach aber, daß er Margbarh
1863 3283 2842 3424 auch ongferdt darzue kommen, syn dise da er gar
1834 3325 2845 3519 Diebbant zu Schlyffi gwellen, etlich waffer
1882 3463 2209 3576 abzuoholen etc
2461 3501 2676 3631 Hunst
2769 357 2883 460 2.
