3024 4032
650 404 1459 587 Ananes Cramerin
818 502 1265 599 von Sumitwaldt,
630 518 1495 711 disere ist vonn deß vierten zurenk
640 583 1495 782 derswegen mit dem fült von J
653 656 1458 809 statt unnd land verwißenn worden.
632 722 1228 882 Den 25. julii 1644.
590 998 1490 1223 Uff Samstag den 2 uli
639 1148 1499 1318 As Ir gu beuelch, sind Nachwolgere such
650 1223 1506 1401 mynen Kocherenden S Buwherrt
641 1300 1488 1469 zun gegenwüntigkeit h Ha Jacob
654 1385 1489 1537 rechennß, hin Großweibel Sinner
628 1463 1504 1613 und etlichm g. s Deineren der Mi
638 1538 1488 1681 len, Nachvolgende personensteils mit
661 1620 1501 1800 teils aber ohne Marter ernstwortige
660 1713 1110 1795 miniert worden.
668 1860 1483 1993 Hans Matyß von Mumpelgart
798 1948 1490 2039 ein junger bub, so von fronwben
785 2006 1398 2084 nen alhar geschickt worden.
648 2045 1488 2158 Alß derselb alles ernsts befragt worden
654 2102 1489 2235 ob er nit auch der daestelschafft deßen
645 2190 1500 2323 Argwönischen vnd diebischen Gefinkts, son
636 2267 1493 2389 Im einem Kolzli by aimpach funden n
630 2350 1502 2484 Baterbek was er gusentlich fur Vesone
644 2470 787 2557 habe,
614 2508 1483 2668 Cad derstelb bekent, Ir seye schon hiene
635 2599 1491 2755 zum anderen mal, mit derglychen u
638 2657 1500 2858 schweiffenden bäkelbuten alhie gfenklich
643 2745 1494 2940 gelogen unnd alwegen mit einer guten
638 2821 1491 2977 Anhur wider im syn heinat gewisen
643 2970 871 3057 worden.
635 2968 1499 3145 Was aber das abgemelt eliebische geseit
640 3063 1488 3270 so man ime fürhalte antreffe, kenner
629 3144 1479 3342 dieselben nit, seye ouch niemalen zur
628 3243 1465 3464 Gestelschafft gsin, und habe keine andere
1703 236 2634 524 geend geste
1690 325 2650 606 Vetteren, die mit Ime dem Almußen¬
1723 397 2685 660 e annse
1735 660 1903 736 worden.
1696 579 2617 845 Wil also keiner diebstalen gestendig syn,
1715 710 2638 907 dann allein habe er vff ein syt, Inn einem
1724 794 2666 993 dorff, ein ystenen pfal oder statwellen
1736 863 2623 1058 entfrombden  saum habe ime aber
1699 968 2545 1150 denselben stracks wider abgenomen.
1685 1074 2584 1305 Ist das erste mal Lär, das ander mit dem
1728 1207 2352 1341 kleinen kein uffzogen worden
1717 1244 2533 1443 Ist durch die battelvogt mit Ruten
1713 1334 2527 1532 geschenritzt und nachhuß gwißen worden
1790 1436 2603 1626 Babi Cchuster Vod Munn,
1786 1552 2644 1699 pelgart nacher, so man ouch vonn fron¬
1750 1614 2588 1779 Wenbrunnen gfengtlich alhar gfürt.
1707 1763 2679 1896 Disere meldet, sy habe sich nun drey Minter
1715 1850 2642 1986 zu Rumsperg zi ampt Bippmit Spir,
1737 1922 2648 2022 nen und dann alwegen den Summer
1724 2003 2671 2119 mit Schnyden, Almuden häüschen und sunst so
1733 2079 2699 2199 gut alß sy können erhalten und habe letst
1718 2154 2670 2291 lich zuhalten geschnitten, daßelbst ein
1730 2245 2687 2359 syn gältli verdient, wie sy nun nüt nach
1740 2308 2694 2448 gemelter irer bespden, inn einem Holtzli
1718 2393 2708 2515 hievorgemelt, etliches diebengsindt sohnen
1720 2462 2709 2589 hauß gantz unbekent) angetroffen, und hnen
1721 2552 2643 2671 etwas zugsfeil gebotten worden, habe
1720 2624 2703 2740 sy svonn denselben die Gippen so sy an¬
1725 2716 2685 2835 trage und deren gantz Mangelbar gsin,
1685 2776 2231 2909 vmb 14 k. gekaufft,
1685 2859 2617 3020 Ist mit einer guten Consus nach hußge¬
1721 2966 1858 3068 wißen.
2635 142 2734 249 21.
