3024 4032
511 315 1502 555 worten gantz nit gestendig zur abere
550 430 1470 607 seyen wohl etliche des gestellen der
573 488 1389 645 droben die da underscheidenlich
480 563 1400 712 dan es sölte krieg geben, so welten
1387 604 1484 680 tred
546 627 1485 809 baldt die statt snamlichen barn dan
1381 664 1511 756 a
565 694 1454 840 griffen und dieselbwohl gewunnen,
598 761 1464 926 und obgleichwol er mit sunderern
554 824 1491 997 einst vermant worden dieselben
539 891 1485 1043 Wo nit allen doch etliche namhafft zemachtn
545 974 1475 1122 Ist er dahin nit zu bewegen gsin soner
555 1038 1455 1191 ermeldet er wüße nit mehr we
564 1121 1472 1259 sy seyen, Es seye wohl etliche mege die
572 1172 1099 1303 soliches goet heigindt,
398 1411 1494 1579 Eer wil auch nit darumb wüßten, das
545 1523 1462 1645 ein unckristenlich wort habe darund
536 1593 1482 1723 Lauffen laßen, noch das er gert habe, das
541 1663 1469 1782 Schallenmeister ime etwas gestallen
573 1730 1480 1854 oder dene so alda seyen, daß nitgebe
531 1795 1054 1909 Was imen gthörs
495 1973 1483 2112 Daß er alls das landtwenner andereg
604 2061 1461 2181 Rurchtolff ein zyt inm vonnynen
543 2124 1489 2241 Groben ungepürenden wotten abgehalten
552 2186 1477 2302 und zur beserung vermant mit de
575 2249 1474 2382 sonst werde es widerumb Inns Schallen
583 2308 1486 2416 werck müßen domalen gret habe,
536 2360 1481 2508 der tonner (gott mit als d hieße
536 2420 1478 2580 dame, sy sollen dahin habenet beßer
542 2477 1473 2621 berdient weder er deßen laugnete
560 2585 1096 2699 abermahlen staak.
390 2680 1460 2866 Erist gestendig, das er synem vatter zw
577 2750 1478 2911 reverenter heißen genommen, dieselben
555 2799 1482 2988 zu underseiben gkaufft habe, das er löse ge
569 2869 1466 3046 aber seye dem vatter worden. Ist auch nitab
546 2910 1477 3090 das er syn schwöster geschlagen sy habe ursach de
547 2953 1451 3190 zu geben, das er aber synem vatter so der
547 3033 1469 3250 schwöster zuhilfkommen unnrymlichen bese
537 3105 1470 3345 geben oder ds er denselben jemahlen byde
553 3143 1474 3369 Arm genommen und vrschupft habe dab
526 3200 1478 3455 zu bodet gefahlen, deßen will er abermahlen
508 3355 1025 3505 mit bekantlich sein.
1674 213 2572 595 e
1664 351 2534 694 e
1685 366 2656 757 ge
1688 584 2198 857 gete
1670 626 2593 944 egen
1579 666 2623 1034 gea
1690 737 2610 1056 entege e
1675 868 2290 1160 a n es ae
1718 1275 2643 1525 zinstag den 1. marty ist dißer gefangne
1697 1404 2640 1608 Pider Egger durch dhieuor und wahlehren
1705 1443 2593 1670 gedachte herren her landtvogt Dubi und
1697 1544 2600 1754 r Großweibel sinner etc. aber mahlen
1682 1615 2601 1786 alles ernsts und vmog rahtzedels mit
1681 1688 2606 1874 zimlicher Marter in dem Strecki Thurn
1689 1810 2120 1918 exandiniert worden.
1668 2022 2526 2156 Und ist bekantlich grede zu haben es wäre
1637 2117 2561 2235 gut das man die statt Bern an zündekto
1627 2188 2590 2316 Will aber nit anzeigen, was inno darzu
1630 2256 2618 2382 verursachet habe, dan allein g man
1680 2327 2596 2458 Im ns fähler und sachen fürgehalten und
1682 2382 2537 2526 hrnüt zu solichen worten anreitzung
1678 2446 2636 2637 geben, Allß man aber von ihme wüßen
1670 2537 2631 2691 tellen, war die seyen die innt hierzu an
1690 2589 2641 2795 angereitzt habendt, hat er keinen wellen
1691 2643 2620 2826 samcsen, dan allein Wolffgang abblau
1694 2720 2643 2926 Ilo. sonsthand er hütiges tags durch des
1703 2773 2470 2964 hrn großen dienner zuruck
1689 2845 2591 3060 empotten, es seyen iren zwen die jnns
1688 2908 2610 3144 darzu anit gewißen, solche wort
1688 2979 2643 3236 gureden, namlich einer namst sich Hans
1685 3017 2038 3179 segel der Par,
