3024 4032
733 692 1641 914 brichtet auch wyles, daß er die alte herach
770 797 1649 977 gebedten habe, sy sölle zme syr Kdindt weder
769 866 1654 1053 ysundt mach und ime daß abnemen hat
771 932 1658 1122 sy ime geandtwortet, sy wolte inn w
774 1022 1649 1198 khönnen halfet helfen, müste aber der
789 1102 1645 1264 solcheß gethan haben, daß knndt habe un
749 1173 1639 1327 heinach selbst gesagt, sy habe inß alf ein
777 1239 1663 1429 bog gesetzt und syn mit der hand dem beiei
781 1342 1661 1468 nach uff und ab gefahren, habe aber then
784 1421 1164 1530 salben gehal tc.
728 1502 1647 1644 Wil diseß (gethan ze haben ) Heineß wegß
786 1584 1664 1724 gestendig syn. Zeigt ab daß Schindt synsche
763 1642 1546 1780 hiever dery tag kranck gewesen.
791 1982 1681 2150 Berena Dientz, Manitz wanzenna
804 2090 1621 2204 n verlaßne sagt, alß sy verschinnen
721 2144 1672 2277 Rienachtwochen muß und anderst uff den
762 2221 1647 2353 platz feil gehapt, sye disere alte vndten
773 2270 1669 2428 zuo zra khomen, mit dem ann übersy
782 2352 1654 2504 ynher gelanget und zra ein streich uf die
781 2434 1651 2591 rächte hufft geben, daruon sy 14 lag
783 2509 1620 2653 bettligerig worden, die habe aber fro
755 2569 1651 2750 uf zr eynstundigeß büter umb godtß
783 2644 1642 2822 willen zum 3 mahl den schmertze
790 2757 1345 2914 umb etwaß gemülteret.
747 2833 1681 3031 Hadt deßen buh gantz nit gestendig sey wen
797 2903 1665 3118 sunder anzeigt, syn selbigen tagß niemahr
789 2985 1645 3205 uf dem platz gewosen, habe brunwessig
794 3045 1663 3256 abuuen und disere frouw niemahlen gesochen.
762 3316 1682 3604 er
789 3412 1638 3713 n e
785 3515 1620 3768 e enhe a
783 3581 1648 3899 een ne
796 3737 1407 3977 e
2861 606 2928 697 15.
1839 793 2936 992 Deßgleichen d. jung Banckbouw, ein ihngefahr
1849 924 2305 1047 Drü Jängeß schuli.
1811 1126 2870 1268 r appotecker Lutenburger vor ohngefahr
1876 1185 2819 1356 2 jahrten habe synem söhnli vor dem huß
1852 1260 2806 1437 haselnnß ufthuntscht und zuo eßen geben,
1693 1331 2911 1517 bramb  aoruf is gantz contract an den schenklen worden.
1875 1423 2694 1570 habe siich tag an einanderen erbrochen.
1910 1665 2846 1784 12. Nehauß Willading ein gleicheß hat
1870 1746 2889 1897 syselbst um dem huß by der schallenthüs funden.
1882 1791 2872 1955 habe von syner kbindenmutter gehördt, daß die
1912 1877 2886 2020 alte bettlen vor dem huß umb syn kindt
1890 1939 2926 2103 herumb gang. Daß khindt syn ynd jahr alt
1884 2112 2861 2248 Gadt gleichwol deben allesey nit gestendig
1911 2209 2886 2313 noch bekhandtlich syn wollen, sunder alleßin
1909 2274 2918 2387 gelaugnet it einmahl lahr einmahl
1923 2342 2917 2472 mit einem und zwymahl mit zwey steinen
1909 2436 2359 2582 uffgezogen worden.
2002 2892 2818 3034 Den 7. juii 1647 Ist disere
1906 2985 2857 3129 Elßbedt Geyen (Julye sy nützit be¬
1947 3061 2869 3192 khennen wollen,) mit dem rydt
1917 3141 2902 3264 von Er Gb Stadt vnndt Landt verwisen
1942 3258 2155 3364 worden.
2100 3305 2847 3457 E wegen Vilfaltig verdachts¬
