3024 4032
983 626 1625 838 Ahryna Snger Sug.
973 713 1595 900 aben bideteg sihen
1000 769 1455 927 Krauchtahl bürtig.
717 832 1596 1055 Allß dann gegenwürtige Cthryna
714 910 1615 1123 Wenger sunst kuderbüchli genampt
725 994 1640 1192 ußem erauchtahl, Nun etliche jar dah
742 1085 1659 1250 allß ein offne Landtß Tirnen, Inn den
755 1153 1665 1327 nneentahl unnd hier umbgezegen dene
750 1244 1652 1394 hart man syn anfangs gno Lurgdorff
751 1302 1639 1447 gfengeklich angenommen unnd wegen
735 1385 1662 1527 Irer domahlen bekenten v ugen fahren
748 1463 1644 1595 mit dem eydt für daß Burgeren sih
746 1530 1628 1688 gewisen, wellche gnädige Straff, sy Ir
756 1608 1665 1755 nit anderß zur warnung gereichten laßen
725 1674 1659 1820 denn daß sy siderhar zuo dreyen under¬
772 1756 1624 1895 chidenlichen malen alhie gefengetlich
749 1848 1643 1966 yngezogen, zweymal mit dem Eydt¬
742 1912 1649 2023 daß dritte mahl aber mit einer eydeß
747 1997 1644 2128 glüpt unnd sovil allß einem uf sich ge
750 2071 1649 2217 schwornem brpfedt von Erg stattlin
729 2153 1634 2255 Landt verwisen alle mal mit Ruter
756 2237 1624 2368 gezüchtiget vnnd zeichnet worden,
749 2304 1652 2463 unangesechen aber söllicher vetterlichen
731 2387 1673 2551 vnnd gnedigen huchtigungen allermit
738 2464 1646 2608 ein anderen, hat sy söllches anderer
740 2538 1633 2719 gstallten nit behertziget, denn daß sy
703 2609 1678 2811 verschimen meymärieß zuo Bueh
722 2708 1671 2874 widerumb ergriffen, gefengetlich nicht
762 2792 1669 3015 rachselwaldt, vnnd Entlich vf Ir gegutt¬
727 2874 1674 3107 rahten alhar geführt: Vnnd dero ernstliche
723 2958 1681 3180 benelch nach, durch die wolgeachten ihren
702 3050 1657 3275 Oesten, frommen fürnemmen fürsichtigen
721 3144 1655 3353 und wysen verren Herren hrodor
710 3189 1672 3443 Morlottß, deß kleinen hrn geörgstehl
709 3252 1657 3532 en se en le a
731 3338 1668 3645 sehen di engeicht
713 3419 1658 3718 eenge denlgt
2855 459 2939 545 12
1767 721 2939 972 etlichen weyblen iight dieneren zuo under-
1795 827 2784 1008 schidenlichen malen, Inn dem Strecki
1790 923 2839 1099 Turn, vnd gefangenschafft allhier wegen
1796 977 2788 1191 treß beruffen, ehrgerlichen unküschen
1788 1073 2887 1249 und gottlosen läbenß alleß ernsts exami
1808 1140 2806 1308 niert worden, unnd hat dieselb mit unnd
1796 1240 2841 1405 ohne Marter, bekendt, verrächen, vnnd er¬
1786 1334 2307 1490 halten wie volget.
1727 1547 2900 1698 kamlichen daß sy inn wärendem irem
1785 1646 2877 1803 Labwasen nachdem sy die Jahr erlanget, sich
1785 1715 2971 1835 leider mit dem schandtlichen kaster der Curey
1795 1783 2874 1913 wider gotteß deß allmechtiges- unnd der
1793 1860 2897 1985 hochen oberkeidt gebott unnd gesatz, auch
1801 1927 2841 2026 wider die liebe Ereß Nebendt mentschen
1815 2005 2891 2139 hochlichen vergeßen unnd mit underschi¬
1803 2077 2912 2210 denlichen verehlichten unnd redigen manß
1798 2153 2925 2304 perohnen, deren sy so woll inn den vorgenden
1810 2247 2847 2378 allso auch dißer letsten gefangenschafft
1801 2333 2912 2455 Inn die 25 namhafft gemacht in fleis
1807 2404 2882 2534 licher geylheit mutwillen, Hurey unnd
1771 2476 2768 2609 Ehrbruch dergriffen vnnd vertiefft.
1779 2652 2906 2836 für daß ander dan, habe sy die hienor unnd
1828 2772 2904 2912 underlich von einer hochen oberkeidt allhie,
1824 2837 2798 2948 vätterliche, gnädige straffen, daß man sy
1821 2923 2914 2987 von eren begangnen (reverenter Hußen
1825 2975 2882 3082 fähleren wegen, zum drittenmahl mit
1835 3044 2881 3169 Ruten geschmeitzt gezeihnet, auch zwey
1841 3112 2871 3211 mal eydtlich und daß drittmal mit einer
1816 3174 2857 3296 Eydeßglüpf von ir gh statt und landtvere
1828 3247 2848 3354 wisen sonderer gstallten nit behertziget, noch
1827 3320 2869 3438 iro zuo einer warnung dienen laßen, den
2531 3430 2693 3566 Daß
