3024 4032
491 417 1429 638 aber an einem umbekandeen ort im Ammendthal
515 487 1493 718 mit hilff synes ersten gespanen ein ross uss einer
497 530 1505 793 matten genommen, daselb habind sy zu Lucern umb
504 596 909 727 37 cronen verkaufften.
516 884 1488 1126 Von Lucern seye sy hinder nider gangen unnd an einem
506 990 1500 1196 anderen ort im lucernerpiet ein kalben uss der
491 1059 1476 1253 weid genommen unnd dieselb im lucernerpiet wider
493 1140 1025 1244 verkaufften umb 12 cronen.
488 1349 1499 1566 An einem anderen umbekandten ort im Lucernerpiet
488 1465 1498 1641 habind sy ein spicher uffbrochen, daruss 2 röck, 4
489 1539 1491 1682 lynlachen endtfrömbdet und daselb einem dorf¬
479 1626 1126 1736 wirt umb 3 cronen verkaufft.
481 1890 1487 2018 Denne mit hilff Hanss Megertz von Münsigen
484 1990 1487 2069 ein rotbrecher mit wenig falben barbs, Hanss
469 2020 1486 2104 Wolfen von Toffen, einsin heist Peter, wohne ober
466 2104 1488 2203 thalb Wyll, ein lange persohn ohne bahrt, aber einsin
465 2162 1485 2270 heist Michell, ob Steffissburg ein kurtzer dicker poss
477 2227 1492 2340 dem anfangen ein bruner bart wachsen unnd
453 2321 1493 2405 Hansen Wülss ab der Langenegg by Thun, auch ein
450 2403 1484 2489 junger dicker kerliss syner gespanen, habe er
458 2471 1481 2563 geholfen mit einem hebisen in dess hn. predicanten
452 2508 1493 2641 zu Münsigen oder daselb pfrundthuss ynbrechen, dass
464 2596 1486 2691 in dem gemach 5 silberne becher 2 manss kleider
470 2662 1482 2766 funden unnd noch vill andere sachen, die in einem
438 2719 1475 2825 bündtell, ein syner gespanen ihnen endtragen unnd
445 2764 1491 2888 darmit darvon geloffen, das er nit wüssen möge wass es
454 2819 1487 2967 alles gsin, die 5 bächer habind sy under einanderen
450 2861 1488 3031 getheilt unnd dem 6. syn theil in gelt hinuss geben
441 2932 1477 3102 syen hiemit von einanderen, einer hie der ander
436 2981 1481 3146 dort hinuss gestoben unnd ihme für syn theil
447 3055 1475 3231 ein tischbecher worden, welchen er dem wirt im
412 3109 1489 3303 rhaathuss zu Undersewen umb 2 cronen 18 ben. verkaufft.
1529 3211 1592 3276 NB
2691 205 2784 305 4.
1621 385 2757 630 Er aber sye nit im huss gewesen, sonder habe hinder
1647 469 2666 688 den huss unnd ein andere under der husstür die
1679 531 2709 738 wacht gehalten also das er nit wüssen mögen wer oder
1662 586 2672 785 welche den hn. predicanten also tractiert unnd
1654 662 2731 859 verlest habind, er trauwe es aber dem Wolffen
1662 825 1932 949 von Toffen
1578 911 2784 1151 Zu Riggisperg mit hilff synes gespanen Etterichs unnd
1676 1021 2672 1180 Wolffen seye er mit einer leiteren oben zu einem
1670 1071 2737 1224 saall hinin in dass schloss gestigen, daselbst einen
1669 1133 2738 1277 trog uffgebrochen mit einem schrotysen, worin sy 7 hoche
1665 1198 2696 1345 silberne becher, dess ir. s. pütschier, ein sammetes
1686 1243 2773 1402 schwartzes wamsell mit silbernen knöpfen, 3 sydene
1678 1315 2752 1449 unnd 4 gut tuchene röstliche röck, auch under einem
1681 1373 2731 1522 trog noch ein par hosen unnd in der kuchi 3 bachen
1689 1467 2711 1581 fleisch gefunden mit wellichem diebstall sy nach
1656 1510 2673 1655 Freyburg gereiset unnd underwegen dass schweinin
1667 1567 2559 1728 fleisch einem wirt umb 7 cronen verkaufft.
1609 1761 2725 1884 Zu Freyburg aber in der statt haben sy (wie er
1667 1852 2654 1927 vermeint dem wirt zum rössli drey becher
1663 1884 2647 1995 umb 16 cronen unnd ein sydenen rock umb 2 cronen
1651 1973 1766 2067 geben
1639 2171 2783 2347 Die anderen 4 silberne becher sampt dess ir. s. pütschet
1660 2284 2726 2396 einem tuch oder wadman vast mitten in der
1654 2330 2028 2403 statt umb 18 cronen.
1654 2493 2686 2668 Den überrest aber, alss 2 sydene 4 gut tuchig
1653 2592 2720 2734 rock wamsell unnd hosen einem ihme umbe¬
1652 2645 2565 2799 kandten welschen umb 20 cronen verkaufft.
1631 2799 2736 3010 Da dannen syen sy nacher Lossannen zogen, da
1682 2878 2682 3073 selbst oberdthalb der statt in einem ihme
1668 2964 2751 3161 umbekandten dorff, ein spicher uffbrochen, daruss
1664 3023 2766 3242 2 par mannenhosen, 3 wyberröck, 2 par schuch
1684 3098 2710 3292 endtfrömbdet, uss dem allem im Jurten by
1663 3162 2719 3387 einem eintzigen huss daruss erlöst 7 cronen 20 ben.
1658 3205 2403 3426 Alhie hatt Wolff ihne verlassen.
