3024 4032
935 530 1559 770 Darbera Kuller
789 675 1616 938 en ieshale  teltend
780 773 1636 1060 vlen egen des hen e en
770 889 1656 1137 Kurenfälers, auch da sy schon jemand
770 1011 1657 1226 mal den fult übersechen, mit su
781 1111 1639 1291 geschmeihzt, gezeihnet, vnd mit dem
759 1202 1675 1420 felt vonn her 9 statt und Lamltsristen
771 1284 1048 1414 worden.
1902 747 2668 970 Den 22. junii anno 1647.
1850 800 2834 1026 examinatores. Herr landtvogt Sterder
1839 874 2851 1095 Morlodt hr. Hannß Rudelph Kaarber
1830 965 2772 1199 hr. großweybel Werstenberger etc.
2069 1089 2715 1337 Isetek Shmid.
1781 1444 2880 1659 Deßen vorelteren synem fürgeben nachh
1854 1521 2855 1696 un dem prutigen landt syn vatter und
1848 1606 2933 1764 Mutter aber in dem Wälliß landt daheim
1864 1674 2893 1856 syn nach dem derselb umbstendtlich ver
1863 1743 2890 1902 meldet, wie er inß Landtkomen, onde by
1867 1817 2917 1963 welchen herren er gedinnet und wie er sich
1868 1893 2875 2074 bßdato Durchbracht habe, hoat er anfangß
1881 1989 2908 2140 gentwillig ohne maater und darnach an
1866 2066 2911 2189 der marter bekhendt und erhalten, mit er
1871 2160 2946 2283 hellung etlicher umbstenden, daß er vor ohngefar
1886 2231 2918 2347 10. oder 12 tag sich leider so vil vergäßen, das
1815 2303 2884 2422 er an einem abentspadt, dem mr Mebel
1886 2391 2927 2510 syn roß zuo Rngi ab der weidt genommen
1887 2451 2939 2584 habe aber nit gwüst, daß sölich pfenwerdt, daß
1875 2533 2898 2664 mr Midelß syn unndt Wylen er sunst
1898 2617 2904 2740 zue Cossone 20. fl. zeforderen than, sye
1899 2689 2872 2820 er mit dem roß dihm pfaren, und eß dem
1871 2767 2950 2898 metzger daselbsten umb 6 dopplonen verhouffen,
1899 2831 2940 2948 daran er albereidt 4 duplonen empfang, das anderstande
1900 2895 2925 3011 zum noch uß und werde daß pferdt ouch noch dor
1911 2966 2191 3042 zuofinden syn.
1886 2988 2931 3135 knndt Obgleichwol man zum noch einanderen
1904 3069 2934 3214 puncten zweyer verlohrnen und wider gefun,
1918 3129 2931 3289 denen rossen, etwaß umbstendtlich fürgehalten
1935 3212 2916 3346 und neben dem wegen gefasten argnouß, zunn
1929 3293 2876 3396 aber umb 2 andere verbohrne pferdt ab
1933 3351 2912 3464 sunderlich examiniert und stork zuogesprochen
1925 3422 2896 3552 hat er doch nit wöllen gestendig syn under hau
2677 3494 2816 3584 darfür
2823 462 2932 579 69
