3024 4032
651 536 1638 844 Venthenine
758 657 1660 930 deesteghennde
663 768 1653 1064 Vetgen enger en
740 906 1641 1136 ddorff, mit Ulle Francken dem schee
724 997 1374 1156 Vonm Langnoum 2 mal,
737 1094 1641 1381 beschen Kast it hale lasen
730 1229 1622 1413 Dem metzger von Bergdorff i mal
594 1405 1671 1654 B. Vermeldet, vnder andern sie zu Trchteri
756 1553 1677 1728 durch den lamltweibel ouch befragt wrden
746 1656 1669 1802 Zweyer gwußen Herren halb, hat aber
682 1733 1676 1901 Gmeinet habe mit denselben niemalen ich
732 1835 1087 1964 Irten ghan.
782 2173 1654 2340 so egedachter Petter Schmid aber, hit
787 2279 1678 2421 anners nüt bekannen wellen, denn schr
533 2326 776 2483 wybers
767 2374 1659 2527 uff ein syt synem buptman ir 1
784 2456 1666 2645 tetten, Im penten hinderruf eist
764 2565 1672 2749 glißmet strumpf und 1 par schun
754 2650 1672 2866 Went, derselb sye Ime aber Julisse
779 2767 1650 2950 und deßwegn nit grmeint, das solches gelt
770 2955 891 3105 hi
767 2930 1678 3195 Ist einmal läy mal mit dem ki
760 3044 1665 3254 nen, und 2 mal mit 2 steinen I
745 3152 1669 3384 Demnach ihme noch der gröste Angebenden
735 3260 1671 3500 unnd ime darmit getröünt worden.
1705 768 1771 864 4
2793 336 2906 452 71.
1838 491 2831 809 als zenelnd
1798 591 2780 913 e e
1804 686 2914 988 Wanger abermalen mit und ohne Marter
1803 751 2915 1074 dasy sich mit nachgemalten 4 personen, hn Fürren
1874 892 2685 1143 be u h
1780 982 2775 1274 Deß ersten aun einem Kschlißmat Merit
1813 1082 2754 1342 mit einem vonn Entwyl, namste sich
1805 1243 2441 1442 Shalthisen damnel.
1789 1316 2792 1552 Denne vor 2. Jaren mit Ha. Lschaderi
1774 1475 2285 1666 vom Durnen let¬
2469 1496 2709 1659 unge
1807 1602 2775 1776 ztenß, mit einem einfaltigen, gsellen
1809 1675 2836 1868 sy umeine Niggli Baltzli, sye von Utzing.
1793 1834 2347 1948 vor Vnguar 3 Jaren.
1824 1902 2847 2045 und dann mit einem Kuyer uß dem
1796 2006 2908 2164 Eggenwyl, vff einer Llp Iun dem Euferner
1821 2102 2925 2242 gepiet, wüße aber nit anders wie er heiße
1817 2220 2728 2362 dann das erselbe Alp emfang ghan¬
1797 2428 2886 2625 Disen morgen hat es im der pa gefangenschafft
1834 2549 2902 2687 angeben einen kuyer, sye der word winter
1818 2613 2871 2777 by der fr nagnerens gsin, habe zur
1842 2731 2898 2867 auch gedient, heiße Uelli habe ein roten
1837 2812 2912 2953 Bart, mit demselben habe es sich drußen
1832 2900 2439 3054 zun der Schmor Vegang.
