3024 4032
544 241 1478 515 dy gibt für Baschin Bucholter ein mulle
572 365 1476 581 knecht von Marpach, so hetzt ihm feyben
596 439 1468 644 piet wone habe Ira die Ehe vers¬
565 512 1320 679 vnd ey daruff geschwengert.
659 846 1412 1042 Wilhelm Burger und Meihel
658 970 1413 1117 Habener, der einte vß dem
700 1054 1390 1182 Beyßgouw, der ander ab dem
726 1139 1475 1319 Schwartzwaldt, swen Junge Vul
500 1198 1448 1426 Bekennendt, sunderlich der einte ge¬
600 1351 1480 1511 nant Wilheluoe habe vor disem, zu
592 1427 1492 1591 Schöfftlen 2 jar den Ren Schrgen
616 1509 1471 1651 gehütet, und alß er etwan 8 tag vor
610 1602 1473 1724 Irer gefangenschafft, disen Michels
628 1679 1478 1825 auch zin Lurernermiet Betlen gangn
624 1762 1459 1904 angetroffen, vnd sy entlich by ober-
611 1846 1491 1979 hünig zu einem Deren Huß komn
621 1938 1480 2055 Da niemandt anheinsch gsin, seye der
595 2019 1463 2151 Michel zum Fenster yngeschloffen, die
598 2099 1477 2224 Eur geoffnet, vnd habendt demnahn
595 2193 1479 2330 der stuben uß einem unbeschloßnen Trot
602 2259 1482 2414 2 Ellen eyung tuch gno, der eimun
599 2344 1484 2493 deß einten soten(sosunst gar zereißli
608 2420 1480 2588 mit zuuerbeßern, seyer aber durch den
597 2521 1484 2644 Buren darob erdapt, vnd also durch de
607 2581 1486 2750 Freyweibel gfenklich alhar gschickt word
635 2727 1452 2894 sy sind ouch nit gestendig, das sy uß der
589 2819 1476 2988 Gfangenschafftbrecht wollen, sunder w
609 2881 1501 3086 sy mit einem gwüsten Nagel den syhn
629 2976 1495 3171 strauw funden gemacht, habe nit sy mit
627 3055 1500 3287 getan, inen darmit die zyt zuuerte
532 3156 1489 3376 iste zwen Buben söllen söllen durch die
561 3250 1484 3436 Ratelvogt geschmeitzt, und durch die
578 3308 1506 3541 Profoson vff die Brenhl gfurt wer
1586 183 2473 522 ronteta
1782 319 2518 558 nesheen
1893 462 2092 598 dooff
1561 459 2562 779 hesaen
1629 550 2512 859 nd en eli
1639 619 2619 934 n ar dald
1653 840 2113 1003 sic asten wd
1716 932 2491 1212 Sle audigseser
1647 1162 2467 1367 alls dieselb vß In 9. beuelch, den 25.
1656 1202 2551 1452 Aug mit dem danyßen gefeckt und
1657 1317 2571 1530 Jra�ber da nechstmorgende noch fürgehalten
1661 1400 2581 1584 worden ab sy nit alhie zum wyßen  et-
1653 1475 2621 1673 lichs einig aschir gestolen, sy aber weder deß
1660 1544 2604 1751 ein noch anderen gestendig syn wellen, ist
1649 1663 2597 1809 sy ihr 9 altereit ergangnem beneth nach zun
1638 1764 2424 1904 das schallenwertt geschmitten worden.
1669 2064 2466 2209 Elßbet Pfenniger von
1703 2169 2443 2302 meilen uß dem Zürichgebiet.
1618 2465 2564 2654 alß uß hr g beuelch, dißere wgyßp erson,
1637 2568 2675 2724 so verschinen zintags etwas er) gestolnen
1630 2650 2699 2796 kleideren und Lynwacts alzar zun die staff
1637 2722 2707 2867 teil getragen, darüberhin aber an der Matten
1637 2794 2645 2957 Erwißt vnd gefengklich yngezogen, durch
1636 2918 2717 3048 mynen hochgeerten Herren Schuldtheiß sanner,
1641 2981 2671 3136 Im bysyn herren glütscherren zum Hoff
2379 3078 2627 3171 Herrnn
2584 30 2697 129 24.
