3024 4032
759 667 1651 861 darfür bedüret, eß werde sicdh ninemte
785 737 1657 941 also erfinden, übie mann zum fürgebaltehe
704 811 1674 1027 Disen hat mas zuleymahl Rär und daß die
770 901 1641 1113 mahl mit dem keinen stein ufzigen.
1046 1173 1661 1364 Clsyner Geng
739 1309 1650 1461 Mit dem zuonamen Ruderbindl, bekkendt
758 1408 1620 1535 Syn vor etlicben jahren zur Burgdorßf
765 1474 1645 1613 gefuncklich ynzogen worden, da mar inß
757 1544 1642 1673 dan von deß vierten fählerß wegen, so s
777 1622 1649 1737 damalß angeben und die persohnen uf büde
768 1692 1639 1807 widrumb mit den namen und zuonamen
781 1773 1645 1904 einambsedt mit dem eydt für daß Bur
780 1852 1648 1983 geren zihl gewbisen, denselben Rydt habe
773 1921 1339 2073 eß niemahlen übertretten,
751 2161 1662 2314 Denire, erdindt eß sich, daß eß Gleich, danad
1573 2237 1650 2325 dato
771 2243 1553 2385 luth vorgunden e. zumburdß underen
770 2320 1658 2439 Den 3. julii ao 1643 vos deß fünste
1292 2377 1462 2440 Bars
748 2399 1642 2532 Bebruckß und 5 anderen tahleren wegen
779 2448 1647 2600 alsin mit ruthes geschmeitzt und Rydtlich
769 2553 1172 2678 vherwisen worden.
753 2807 1654 3015 Den 14. junii 1645. hat mias sy wege
767 2883 1655 3108 gezigter Bauchandt peulich examiniti
715 2949 1681 3192 Wyl sy aber mit bekhenne wöllen, wege sy
752 3044 1667 3256 den vorgenden eydt übersärden widrumb
774 3110 1636 3329 mit ruthen gezüchtiget und bidtlich vn
776 3326 906 3429 wiser.
721 3326 1593 3619 Dr dogten fernen d
766 3372 1666 3678 ee
762 3483 1524 3781 ged as ende
749 3566 1596 3848 n
886 3641 1571 3948 ee
2819 411 2946 521 70
1886 480 2941 801 de
1819 598 2855 905 e en e e se e
1821 651 2905 980 gen aten en e
1824 745 2934 1071 de bh
1806 928 2329 1149 sn dae de
2147 963 2824 1169 vnd Damndt kunz.
1757 1119 2869 1355 Andliben bekbendt eß auch, habe noch bißhar
1811 1179 2860 1446 pehen et amn
1831 1250 2912 1496 Waß zadren im dem Maihöltzli sid fleischlich
1826 1353 2942 1578 datogot, Tamblihkl nich von Bonstetten etc
1809 1427 2850 1653 habe hie mit syn hartz gerimpt und nit gwüst,
1820 1520 2851 1724 daß es mit der letsten Ridtßis besedung, so
1830 1587 2837 1773 übel e verfält, wyl man zume der rydt
2647 1658 2877 1749 sunder
1823 1672 2646 1859 nit formalites, wie formahlen gebe.
1827 1746 2876 1908 nur ein glüpt angemuttet habe. yn sider
1823 1812 2903 1991 har mehrentheilt kranck gsein, und habe sich
1838 1907 2920 2060 niemalnn vorgehörter getalt vergeßen, sunder
1847 1984 2899 2135 mit neyen erhalten. Derre gott und sy
1839 2072 2845 2206 genedige oberkheidt umb verzeichung
1798 2182 2870 2339 Ist zweymahl kär, vrzogen, undt ime daß
1832 2256 2901 2387 dridtemahl der kleinstein angelegt und dar
1851 2345 2380 2447 mit getrouwt worden.
1845 2404 2889 2523 hn bysyn und mit zusprechen Herrenfel
1852 2487 2920 2612 ferLupychi, droben hun der Gefangenschafft
1846 2562 2202 2644 ohna Marter
1843 2593 2788 2727 underwertige Bstantirus
2321 2670 2620 2770 vorgedachte
1838 2728 2863 2864 Den 24. junii hat  Wenger weiff
1853 2824 2851 2944 Nachgeschribne Personen, mit denen sy
1880 2904 2786 3034 sich ouch flenschlich vergangen, angeben
1858 3019 2850 3124 Erstlich vhmen Sumers, mit an dem
1867 3110 2823 3242 amlt Tag zu Lützelflu, mit Se-
1869 3198 2353 3332 bastein Bachman
1874 3284 2818 3428 denne mit einem frönden Suldaten
1907 3397 2857 3558 auch zu Letzelfeit zu OberBurg
