3024 4032
546 209 1484 491 Seteen sichelichen
549 322 1473 578 vnnd daruß gnomen ein VyderRach
638 414 1480 620 ein Ghippen, ein willig Par Hoten¬
777 523 1508 720 zwey wyberheimli, welches sy
632 582 1498 798 rumb den Batleren Vkufft, vnd hah
614 656 1434 864 E zu synem teil it empfangen.
628 781 1478 998 In Nideren Simmental, vor einem
644 902 1458 1078 Jan, seye Er vnd obgedachter Mann sei
1447 1034 1518 1107 Ge¬
624 978 1507 1163 soan, Nachst zum ein Seyder bechn, de
630 1075 1492 1242 auß 12 par Schu genomen, dieseben
611 1167 1509 1359 hin und wider widerumb verkaufft, un
622 1245 1510 1410 ime zu synem teil zwen guldin worden
529 1372 1473 1547 Zu Rigoltung mit hilf abgenanten
1157 1494 1344 1569 Keller
599 1488 1482 1651 Mageß, seye er zun ein sph gebrochten,
603 1574 1498 1723 brochen, 4 Reßen daruß guon, welh
615 1657 1497 1791 sy hmn ein schiier veborgen und nacht
619 1742 1220 1877 nach geßen vnd vbrucht,
591 1878 1474 2018 zu Müstenbach aber mit obstrender hu
591 1974 1482 2093 sinzwen Spycher gebrochen, vß dem
621 2046 1494 2182 einten 4 wyber röck entwent, und et
610 2120 1506 2259 lichen Bettler Wyberen vmb 2 F. vorkeft
603 2212 1372 2354 daruon ime der halb teil worden,
575 2352 1489 2487 Uß dem anderen heig sy 4 par sih
618 2444 1469 2588 guon, dieselben selber behalten vnn
600 2560 803 2677 brecht.
568 2616 1508 2803 Mit dem ustbruch uß dem Schallenwes
615 2694 1491 2876 es also zugangen, es habe ein mann der mits
332 2766 1501 2988 den anderen ouch ußgebrochen, mit einem Benltaggen
636 2855 1496 3055 den sy zuuor zun der statt gefunden
600 2938 1492 3124 Ghenachveren geöffnet, seyen mit eine
601 2995 1503 3227 uff Belx zugangn und ein ruchstenschih
587 3102 1510 3332 Belp, Haben sy mit steinen einandere
1578 157 2571 513 een e
1592 317 2303 600 ggeeat
1922 397 2363 545 mit den keme
1567 421 2540 725 aen dn
1580 597 2127 793 en ge mah
1572 667 2525 949 Si itengseat
1608 738 2544 1011 art mit dem füdt vonn ihr g statt und
1590 831 2576 1082 handt verwißen, vnd durch die Proffosen
1592 961 2299 1180 sli rige gelit en
1596 1132 2138 1354 Decob Sot.
1590 1261 2506 1477 Ittonn deß dritten Jurenfelers
1610 1365 2534 1549 wegen, vonn Ir 9. Statt vnd Landt
1568 1504 2047 1632 verwißen worden,
1740 1652 2318 1827 Den Kunte von
1770 1790 2129 1928 Sumißerglt,
1558 1862 2553 2021 Ist glychergestalt, von jr g statt un
1595 1979 2320 2130 Bandtschafft fultlich verwißen.
1735 2202 2576 2360 Caspar Ott von St. Blasi
1736 2319 2375 2460 ab dem Schwartzwalilt.
1590 2415 2551 2546 Kinder dißem hat man etliche verdechtige
1598 2508 2595 2619 schlüßel und ander zestrument fnd, alßer
1620 2572 2654 2696 aber, durch menen hochgeerten Sr Rahts herr
1611 2639 2608 2773 Kilchberger, hierüber mit zimlich Marter
1621 2700 2672 2832 examiniert worden und nüt bekennen wellen
1603 2776 2606 2921 haben uß Jo g benath die Proffosten zuue
1606 2827 2636 2995 uff die Grenzen gfürt und uß dem land
1621 2962 1845 3063 gewisen,
1611 3011 2358 3185 Act 14 Janiuarii 1646.
2588 15 2699 135 27.
2717 162 2766 227 3.
