3024 4032
935 264 1704 570 n gatte
892 352 1650 633 eihahne gteeg
812 442 1697 725 Su den antzitthen
799 529 1684 766 Ein wie ouch dem Burhenn vonn
812 628 1679 831 hinderwyl und dann nit sondrrs
784 696 1681 918 Minder, sunstgent Seß von Rorbeh
791 778 1697 995 Fleischlich vegang, vnd by dan ersten
806 877 1683 1091 zweyen nehliche Kind arhgethe¬
780 966 1726 1179 Habend aber allersyts darumb abgeseen
783 1058 1710 1252 und sye sy gefangne, Joschinen Winter
785 1154 1708 1323 Wyl sy sölches zu Trachstelw hekente
767 1245 1713 1422 daselbst mit Ruten geschwung, geis
778 1319 1726 1514 nat und mit dem felt uß derli
779 1424 1709 1601 gewißen worden, i habe aber nit
785 1518 1701 1681 meint, das sy der filt wybers habe
750 1611 1688 1780 Dann ueß derselben lamlt Togtey hab
776 1704 1709 1880 sich fiderfer zu Kurermeoviet ufglele
795 1799 1683 1955 allein der fandt noch gansend sich
791 1882 1606 2060 widerumb soet mach wollen.
727 2030 1693 2206 Alß man sy aber ernstwörtig kergt
772 2164 1675 2291 Eb der Jenige, den man hro Phann
776 2243 1689 2403 tagen hur dem Porhuß fürgestelt, und
765 2342 1696 2513 der heinge sey, mit dem sy sich vhre
745 2440 1678 2597 Sumer, alß Verndrig hars, zu den
774 2538 1685 2694 Langentaler Holtz, mit fleischlichen
767 2614 1693 2783 Mutwillen Pgang, hat sy denselben
778 2704 1705 2894 emnt entschlag, sie kein solche Prsmet
760 2796 1705 3039 gsin sunder ein kluget, dibe falt
732 2900 1715 3139 lachter, mit einem galen Bärtli sehr
753 2997 1719 3244 auch ohne Marter, Mit: und an der Mart
735 3206 1065 3391 erhalten,
2248 320 2658 554 Jchser
1863 398 2262 657 Dunb
1798 500 2918 809 hre Schwester, weil auch von keinen vm¬
1853 597 2939 875 tend nüt wüßen, sunder wy sy hievor von
1817 686 2933 975 diser Sach öt grett, habe sy von herr
1806 778 2861 1082 Schwester gehort, sye Ira auch leidt ih sy
1828 858 2834 1176 e helde t  nd
1821 966 2863 1239 einfaltig by heer vorig Bekantnuß, dy
1812 1076 2938 1357 sy by Jacob Galli von Kantwyl Kurer
1823 1205 2919 1440 no gepiets, ein Vnehlich Kunlt erzu¬
1814 1299 2936 1539 get, das sye zra aber vor 7 jar gestorben.
1799 1404 2927 1625 Sunst hab mit sy sich uß beide, vßert desen
1818 1503 2888 1713 bekanten füleren, Ied Alß Weißlane
1818 1612 2900 1796 ederzyt mit dienen, Neyen, vnd ander
1825 1777 2383 1919 Arbeit stetts erhalten.
2878 141 2984 249 36
