3024 4032
693 292 736 395 6
332 381 1283 556 srntags den 8. ovebris 1644.
340 460 1275 618 Ist Ullrich Auggenberger sunst gut
355 555 1280 708 Bicknger uß dem Rugsomo schahenn,
344 632 1328 788 durch menen Hochgeerten S. Landtvogt
365 702 1342 848 Lombach vom kleinen, r Jacoben von
371 789 1348 909 Begertz vom großen Raht, wie auch zerre
385 855 1330 974 Großweibel Pumer, iun byßyu etlicher
400 940 1349 1082 ings dieneren der Weiblen, vffguge
401 1003 1347 1137 langken bericht vonn Brandiß nacher, In
384 1088 1366 1227 dem streff Curn mit zimlicher Mage
377 1173 1365 1284 ernstwortig examiniert worden. Der dar
396 1247 1348 1370 bekent unnd syn sach versprochen wie
418 1346 622 1453 volget.
385 1437 1379 1579 erstlich seye nit mider denn das er zu weng
413 1527 1379 1663 gebettet, vnnd sich leider so wyl vergeßen das
417 1601 1383 1723 er dem hrr vogt zu Brandiß zum andren
424 1669 1377 1804 mal vß dem Soycher etwas Kbens soul er¬
417 1752 1405 1877 tragen mögen jedesmals alweg ungnari nit
435 1800 1412 1958 entfr�mbdet. Daßelb dem küller zu Rüg
455 1896 1408 2052 souer, vnnd funst einem anderen zumalen
457 1961 1436 2135 gebracht Das er aber das doch iun den spil
464 2039 1435 2223 gemacht oder darumb wüße war solches getan
468 2119 1433 2264 noch das er Zemalen geholfen oder diebeschege
463 2193 1437 2382 soanen ghan, wil er gar nit gestendig syin
402 2257 1439 2468 Das habe Ime aber den weg hierzu gezeigt
445 2331 1459 2516 unnd umb souil vanlaßet, das als er das schr
508 2419 1431 2637 Hunli gedeckt. habe er gestehen, das die kez
503 2502 1455 2706 Schwyn, daßelbst karn vfgeßen, und dann
512 2556 1468 2783 so habe er auch edem hrr vogt 14 tag stäsgeben
469 2641 1466 2850 vnnd S. Opß abgenomen, seye Ime aber¬
486 2683 1480 2951 zulon worden, zeigt auch an ih er das lache
517 2769 1484 3019 einer zhindlen ammacht und uff der 3 tag g
492 2900 1382 3099 durch denn hußknecht verzagt worden.
442 3028 1470 3290 Ar istouch gestendig ds er der hr. Predicanti
434 3100 1511 3425 eich an de gehen
541 3215 1517 3498 genomen, zeigt aber darneben an ersege
1620 335 1793 428 6x
1382 251 2410 574 ge ae
1407 519 2406 820 gales besachten
1408 604 1512 734 her
1412 586 2451 887 dorff uff hrn schwanders aum verstoßen
1406 677 2458 1010 ge ett ha
1440 751 2402 1033 een eralhn
1424 823 2442 1137 endngeng
1412 1018 2443 1278 Do weil ouch mit gestendigsen, ich er keinen
1458 1124 2513 1379 gehornen einem gerüsen de synen von gu-
1485 1197 2508 1443 genomen, sunders seye zum der Rechnung die
1488 1279 2537 1502 er deßwag mit dem heeren vogt gethan, Ime
1411 1438 1941 1612 Dach 1 erstehen.
1488 1495 2461 1703 deßgleben, das er dem jr h Binder so etliche
1487 1580 2494 1778 keben gnomen, kunnd er und syne vomalen
1483 1644 2524 1882 Mitdiensten habmnlt nur einen purre und
1486 1757 2299 1924 denselbin imermenderen gnoßen,
1499 1898 2412 2041 loch vil weniger, das er den herre vogt zu
1517 1926 2562 2103 Brandis noch den hr predicenten zu Rugsame
1521 2061 2531 2178 Inn Anken, Holtz, keßen, noch anneren zug
1531 2159 2028 2291 nunsten beschediget habe.
1530 2296 2474 2464 ister ist 2 mulster vfgethagen: Vnnd
1484 2415 2497 2564 Vffbeschefhne Relation auch fürbit sy,
1566 2504 2554 2646 ner nachbarschafft uuff kein gute ken,
1587 2597 2536 2741 hur widerumb ledig gelaßen worde
