3024 4032
1749 719 2583 937 Hannß Mogeliaß,
1757 839 2839 1065 Syneß fürgebeuß, von dägerspe, oder Tager¬
1728 942 2836 1119 felden, syen mur 3 Heüßer Alda der kilchöri
1775 1015 2765 1187 Hatterscwyl Zürigh gepiets, welcher
1801 1054 2860 1226 sonst ettliche jar dahas mit synem wyb unnd
1782 1138 2722 1300 biben unerzognen kinden, hinder dem
1785 1184 2814 1370 großen Ceristen Wenger zuo Burtzelen
1763 1249 2827 1422 gewont unnd lebstlich von Schwartzenburg
1800 1319 2808 1473 vengeklich älhero geführt worden, gethane
1779 1438 2108 1550 gekantnuß.
1743 1492 2793 1644 Erstlichen allß er befragt worden, wohar er
1791 1566 2840 1709 mit denen by Imme gefundenen 4 diet¬
1792 1618 2888 1768 sichen unnd anderen ardwönig insttumenter
1791 1692 2829 1860 lucht schrybenß komme, hat er vermeldet, es
1786 1760 2837 1911 sye emner pomenß bendichk Strychen von
1770 1844 2845 1978 Ottendorff, zuo Murten zuo Imme komen,
1787 1886 2820 2044 der hab imme die Dieterich mit der kryden
1783 1967 2854 2114 abgewißen unnd bewolchen dieselben zemach
1790 2045 2824 2153 mit vermelden erwüße zuo vns ein
1784 2101 2866 2235 Seierej Laden, denn wolle Er darmit öffnen
1783 2174 2791 2309 vnnd mne gefangnen auch ein brageden
1785 2246 2839 2358 daruon werden laßen, also daß er ufselb böß
1791 2307 2848 2446 End hin, Ein Läderhacksampt den Instrumenten
1792 2371 2749 2510 zno sich genommen unns gemeltem stryt
1792 2456 2814 2583 zutragen wollen mit dem spitzmeßer, habe
1787 2517 2787 2639 er zuo Tonn unnd zgalmitz, ann jedem
1794 2589 2851 2704 ort ein keller gröffnet unnd darnach milch
1791 2655 2807 2777 darum geßen, daß schnezmeßer habe er nit
1784 2716 2779 2840 anderst gebrucht, den daß er sägeßen wörb
1797 2802 2162 2905 darmit gmacht.
1824 2856 2831 3006 Zuo wryburg habe er vor etwaß zeits einem
1792 2950 2783 3069 Beßgeempler etwaß Thuphs verkoufft unnd
1806 3008 2518 3125 Ime darnach 1 beß entwent,
1799 3091 2768 3223 Zuo Tun sye es hienor auch gefangen glegen
1815 3164 2807 3274 wegen man inne im zig ghant, ob er doselbst
1809 3199 2783 3346 lësen gestolen, eß hab sich aber nit erfunden, sye
1818 3271 2842 3386 doc domalen mit dem eydt verwisen worden
1813 3332 2739 3461 habe doch hernach etwaß Bermyn bekommen.
2572 3488 2717 3612 orst
2830 503 2936 623 56
