3024 4032
946 615 1511 850 Silgen lah.
904 722 1463 911 der kuffcheilte
675 811 1609 1032 tatvor etwas tag, alhie im kauffhu
700 909 1640 1125 Wellen ein stab ysten entfrömbden, ist
729 992 1664 1264 aber darob erdapt, gfencklich gegeten
695 1095 1644 1298 Vnd nach dem min Ime hierüber exmi¬
742 1210 1674 1384 nert, deßen gutwillig bekantlichend
736 1286 1676 1465 mit vmeld, er habe mit dem ssteuf
668 1379 1645 1556 von Nydaum welcher etlichs gsten ahe
718 1473 1658 1644 habe, ein bet umb psten sotnelet, daralb
706 1566 1644 1737 habe Imne aber mit dem gsten vmb et
706 1669 1640 1814 beschißen, Also da er Imeint uff diß
730 1753 1658 1897 form seües schadenß widerumb yndeken
743 1839 1665 1984 eien, daß sye Ihm aber leid, Bettelin
724 1948 1650 2080 Welle Ime Recht vonn syner 5 vern
690 2039 1571 2211 zognen kindenweegen vehonen
690 2144 1341 2334 ein gnedige oberkeit
801 2473 1652 2676 AaAttytar von Steffis
571 2548 759 2652 Platt
786 2678 978 2776 urg
717 2682 1619 2895 Ist den 27. maii 1647 vonn deß
697 2778 1674 2969 3ten fulens weg, uß dem lach gelst
679 2854 1683 3063 Vnd vonn hr g. statt vnd Landt fultih
593 3046 1215 3206 chwißen worden.
1678 2193 1832 2311 glich nach
2825 496 2937 614 16.
1832 930 2393 1095 Den 10. juni 1627.
1840 994 2917 1159 Pxaminatores. Hr. Brath Kitzer, daß keinen
1848 1055 2946 1231 Hr Rulauß Bachman unndt br Hanß Rudolb
1802 1112 2859 1296 Wirstenberger Großweybel, beidt deß
1848 1238 2171 1399 gesen Rahte
1817 1461 2942 1656 volgende peschnen sindt mit marter examiniert
1837 1628 1995 1697 worden.
2403 1614 2743 1764 Wurder
2016 1664 2286 1828 Peter
2040 1721 2806 1883 gebürtig von Schüpfen bekent,
1788 1892 2898 2054 Deaes dem zum füngehalten worden, waß zur
1859 1987 2837 2122 verursachet, daß er vor etwaß zeits den herren
1830 2060 2910 2195 vogt von Frienishberg gwaldttätige an
1861 2127 2939 2229 griffen und fur mit streichen tractiert
1871 2217 2841 2328 hat er geandtwortet, daß er hr synem
1853 2266 2924 2369 vfridt in dem hußgang mit einem stäcker zur
1864 2359 2857 2486 ohn einiche ursacken zum anderen mahl uber
1855 2418 2868 2554 den kucken geschlagn da sabendt die
1866 2500 2923 2635 domahlß daselbsten geweßned dienstkrechten  er
1878 2586 2821 2679 ih weren sölle, ihnne angemant, dene
1867 2648 2881 2774 er ouch also gevolget, und im sysein Hanß
1856 2729 2882 2882 Roupaß syns göttinß von Allenwyl auß
1861 2806 2865 2951 dis stadtsaltert und deß weybeld sich soliches
1877 2910 2062 3011 verlofsen.
1886 3018 2872 3167 Dendnach, uber die an Ebrasam Mabl
1882 3090 2852 3245 mit einem mäßer gethane wunkatt sud
1872 3158 2809 3298 beandtwortet, daß namlich er abraham
1851 3219 2880 3381 Müßli imme umydenliche wortten alßo (rebs
1866 3277 2897 3466 Bundts 3c) zugeredt und inne auch anfang
1890 3369 2826 3515 mit einem rächen über syn hapt geschlagen,
1876 3434 2836 3594 dage er Ime nachgeloffen sich so wol der
1887 3479 2819 3648 ungebüalichen worten, alß auß der schlagen
2608 3569 2765 3680 gnaoch
