3024 4032
658 270 1444 545 de ere e
681 389 1498 635 e endden sgen
688 458 1503 689 zogen worden, da man sy einmal mit
654 526 1469 745 Rudter uß geschmeitdt und zweymahl
651 620 1531 857 Verwise, zuo Burgdorff sye sy vnrde
665 686 1489 888 mehr dan zweyen jahres omb gefangen
667 754 1494 938 mit ruthen außgeschwungen und mit
1480 846 1543 922 sy
664 832 1532 1034 bidt von Stadt und Landt Verwite d
670 917 1517 1128 weliche vädterliche straffen und sichte
684 1017 1528 1179 sy leides nit anderer gstalte befartziget
588 1084 1494 1236 Aen daß sy uß hunderes swachhedt, die
685 1154 1521 1301 Gwornen kiden zum offteren ubertradt
1421 1307 1480 1412 6
715 1321 1531 1481 sunst habe sy sidt dem daß sy zuo Lg
661 1412 1505 1510 vorgeschribnes maßen gezüchtiget worden
646 1468 1526 1583 unnd sunderlich, sidt anderhalb jahre d
668 1547 1531 1665 daß sy mit dem gloser umbhes gezogen, w
673 1609 1531 1728 einichen diebstälen nnemalen nit vergriffe
639 1865 1506 2005 Eo habe sy auch hälten trätse handt angelegt,
657 1968 1518 2068 idem näbenptmönthff, daß sinigzuo
662 2024 1513 2156 berouben. unders syn mehrentseils uns u
643 2105 1033 2231 des but g
407 2284 1540 2418 Auo Biel habe sy einer alter freuw 4l
653 2354 1555 2496 Shürketz gestolen, hernacher einem frömber
594 2419 1537 2571 Der im landt Ombhin Schweyffe und
636 2527 1066 2636 batzen verkoufft.
626 2640 1516 2828 Widrumb zuo Biel hab sy ein bubghidt
665 2747 1507 2918 nemen und stälen helffen und denselben
642 2808 1503 3000 eines krämerin verkoufften, da sy jra6
653 2952 1153 3080 Krützer außhin gäben.
597 3002 1498 3217 Zuo Kleinen wabere habe sy ein pfanner
679 3071 1543 3284 entfrombdet nachwärtz eits bldtheife
577 3182 1448 3373 Umb 4 batzen zekouffen gaben.
1750 264 2696 589 egenhen
1764 336 2691 668 e gee
1762 412 2697 695 ege nde
1650 596 1775 691 silf
1623 466 2680 806 e
1906 553 2658 793 hse ne
1657 659 1763 742 seder
1639 599 2727 953 eeeng et
1633 728 1922 897 esegen d
1614 678 2677 1009 ge eten teren n
1625 816 2659 1064 dem Schwlert, Bom Klben zum Tat, nach
1634 868 2646 1123 dem Keißerlichen Vnd dißer Sadt Bern
1641 1027 2220 1202 Shaichwegten solen
1618 1099 2630 1347 Dißere Brtleil ist den 18. Augusti ann
1654 1203 2510 1399 fra exequiert understattet worden.
1661 1774 2405 2029 Hans Guerterer
1601 1997 2604 2139 disen Hannß Burtner, der er  wasen
2311 2123 2532 2180 1uf
1630 2123 2588 2255 meister vff dem Mos vnd Mulit. Ist
1623 2207 2606 2326 abermalen vonn Vnderschidenlichem dies
1627 2280 2641 2427 ben gesumlt anlagt worden, das er dieselben
1626 2371 2680 2509 zugezogen, vnd ihre gestolne sachen abge¬
1635 2448 2642 2595 konfft habe, vnnd diewyl er ehon hieuor
1619 2511 2668 2709 zu vnderschidenlich malen, von deßwegen on
1639 2631 2677 2790 yngezogen worden, ime aber solche waonung
1630 2689 2638 2899 nit zur beßerung dienen laßen, so hab end
1628 2768 2707 2986 hene mahr mit einer muntlichen 2atßglubt
1620 2847 2621 3097 und versprechung, ir g statt und walts
1598 2912 2460 3130 Meißen Datu 17. aug 1646.
2631 30 2743 145 51.
