3024 4032
546 484 1546 675 3 ychfahls ist er auch alles ernsts emen
542 577 1554 746 worden die jenigen so da gredt hab
598 632 1542 792 Wan es krieg geben wolten nüt die
640 702 1533 864 statt Bürn suchen und dieselbs wahl
657 771 1555 929 gewinnen namhaff zu machen, se
668 843 1550 995 ob er glych bekantlich den salhes erst
651 898 1549 1066 hatt, das er uß dem Khallenwarch k
659 977 1539 1123 allso innerd jahrs frist beschehen, so
640 1027 1457 1176 er doch keinen mehr innamen,
614 1165 1533 1323 entlich bekent er auch, das alls geelae
665 1261 1540 1379 maßen sy schwester geschlagen unnd
653 1303 1547 1463 Alter vatter derselben scheiden wölte
661 1389 1529 1528 er den vatter by dem kirti erwitscht
682 1441 1532 1587 und (wie sy es das droben nams
671 1512 1538 1643 on sich getschüpf, das deoselbszu sogn
661 1579 1093 1701 gefahlt.
658 1708 1527 1859 Ist zwöynal Lär und das driten
667 1815 1517 1939 dem kleinenstein uffzogen worden
666 2032 1524 2189 Dißer ist zu gnedig, doch wohlund
613 2121 1535 2274 Straff im das Schallenwerck erkent
642 2198 1393 2353 den 13 marty ao 1645.
565 2835 1513 3017 Deß Ersten Er habe zu Brnnegg ein du
651 2910 1519 3096 entwent, unnd zu Kungsfelden zende
652 3006 1513 3194 Closter, wan Er den Becknch Brot
657 3078 1526 3296 holfen abtragen, habe er alwegen w
657 3153 1527 3373 Brots daruon entzuckt, vnd verstol
1526 2628 1641 2730 erners
2606 70 2644 154 1
2100 163 2562 468 ge
1627 558 1944 746 ach den 6
1643 474 2588 835 eene
1697 529 2649 905 g
1644 637 2673 953 eeen
1669 721 2629 1029 eee a
1701 790 2661 1079 eatenn mhe
1708 879 2601 1143 en ee t
1693 959 2615 1205 Vilweiiger man inne in derforcht gottes
1676 1021 2666 1277 erzogen, sonders allso im müssig gang und
1696 1093 2661 1357 gottloß daher gelegt, wie er dan vorg einen
1712 1173 2579 1413 Jag von Synen schalckheiten wegen mit
1707 1266 2690 1487 dem schallenwerck gezüchtiget worden, darab
1716 1364 2574 1543 e sich aber anderst nit gebehetet, den g er
1711 1415 2654 1632 iderhor syn fasterhaffes gmüt durch
1703 1494 2677 1681 müßig gangen unnd underscheidenlichboß zeiten
1694 1592 2627 1742 nach mehr ontag gegeben inmaßen B der
1682 1660 2614 1823 hr Hoffmr zu Rungsfelden denselben
1657 1726 2606 1857 widerumb gefencklich alsor geschickt
1656 1825 2621 1952 diemit dem shallen warck nach mehr
1681 1892 2638 2016 und wysers zu güchtigen, alls aller efelt
1683 1968 2595 2094 uff syn so wahl underwegs, als auch alhie
1564 1969 1689 2094 olcher
1645 2041 2601 2150 vor dem er großen albreit gethanebe
1711 2115 2570 2234 kont und hin uß ihr gnl befelch
1640 2158 2710 2356 donstag den 8 mar 1648 durch die er
1595 2250 2663 2436 Wolgrachten Ghoruncken frof fürl und wysen.
1683 2318 2664 2482 Ir han Nnlaus Kilbberger des fleinen uar
1644 2390 2607 2579 hr Hubeonato voeber deß großen raths in
1666 2475 2611 2641 gegenwirtigkeit hen großweibel Sinners.
1642 2523 2638 2751 und zweyer jr jr dieneren der weiblen
1675 2599 2637 2784 aufangk der gerangenschafft, her nach aber
1685 2664 2641 2902 n dem strecki furg epammiert worden.
1657 2716 2666 2974 hatt er mit uwohne marter nachvolgende
1678 2787 2707 3050 beste bubenstück und abschüliche mißhandlung
1648 2847 2714 3127 sweriechen und an der marter erhalten
1613 2903 2695 3239 detenengtenen
1661 2982 2705 3324 ene natensn
2257 3173 2292 3220 e
1635 3038 2676 3372 egegien
1660 3180 2075 3360 sih geshen
1629 3108 2691 3456 verense
2715 1678 2759 1765 1
2707 2326 2764 2427 9
2720 2648 2793 2743 en
2723 1465 2807 1532 eg
2723 1533 2767 1617 16
2739 182 2799 287 8.
2733 711 2808 836 land
