3024 4032
399 322 1440 621 Da dannen seye er und syn gespan Etterich uff Solo¬
421 424 1442 680 thurn zuogangen und haben obenthalb der statt in selbigem
411 487 1445 739 gepiet ein spycher uffbrochen, uss welchem sy ein guot¬
434 565 1419 781 thuochin roth par hosen und wambsell, 5 wyber¬
431 644 1400 818 röck, 2 par schuoch, 2 lynlachen entfrembdet,
414 695 1433 895 wormit sy neben der statt durch nach Liechstahl
419 782 1437 962 gewolt, aber oberthalb Liechstahl in einem dorff
430 837 1418 1031 sölches dem wirth umb 4 cronen 18 batzen verkhaufft.
412 947 1419 1127 Gleich underthalb Liechstaal bey einem eintzigen
427 1042 1404 1195 haus in einen käller gebrochen, daruss gnommen
434 1117 1418 1259 5 käsen 1 anckenballen, darumb voneinem
415 1190 1432 1350 wirth in einem dörfli, darin ein kilchen staht
447 1265 1188 1389 nit wyth von disem hauss 7 1/2 cronen.
410 1411 1464 1573 Nitt witt von Aarauw aber in einem spicher gebrochen
452 1504 1460 1609 by einem eintzigem huss unnd daruss entzuckt 3 par
445 1568 1459 1662 hosen, darunder ein gut tuchins unnd ein wammest 4
434 1623 1456 1725 käsen 2 lynlachen unnd ein anckenballen, welches
454 1712 1461 1792 sy in einem ihme umbekandten dörfflin nit witt
446 1759 1213 1860 darvon umb 4 cronen 16 batzen verkaufft.
445 1981 1483 2103 Zwüschen wert unnd olten in einem dörfflin darby
480 2071 1476 2171 ein kilchli oder capellen aber in einem keller gebro¬
432 2118 1480 2235 chen, daruss entfrömbdet 2 käsen, 2 anckenballen
441 2173 1477 2289 3 brott, dass einte brott haben sy gässen, übriges
444 2246 1475 2370 zu nechst under Aarburg by einem eintzigen hussli
446 2302 1255 2425 verkaufft unnd daruss 2 cronen gelöst.
431 2487 1480 2653 An einem anderen ort zwüschen Zoffingen unnd arauw
436 2548 1494 2725 in 2 spicher gebrochen in dem 1ten 2 käsen, 2 wiberröck
461 2625 1487 2799 4 wyberhembder 3 mansshembder, im anderen aber
446 2709 1428 2889 4 par schuch unnd 6 mansshembder funden.
418 2881 1492 3118 Da weg syend sy abwerts gangen unnd daselb zwüschen
469 2967 1491 3146 lentzburg unnd mellingen by einem wirtshauss,
452 3013 1501 3194 darvor ein brunnen, dem wirt umb 6 cronen 19 batzen
459 3176 729 3274 verkaufft
2597 112 2684 215 5.
1621 299 2611 629 Im wider obsich reisen ob Murgenthal by einem
1510 333 2642 714 eintzigen huss in ein keller brochen, daruss 2 huss¬
1599 425 2664 741 käss, 2 leiben brott, 1 anckenballen gnommen unnd
1643 485 2597 756 glich under langenthall, aber by einem eintzigen
1600 525 2665 849 hüssli, den einten käss unnd ein brott umb 7 batzen
1615 783 1827 896 verkaufft.
1595 787 2648 1071 Dem herren zu Belp sye er auch voretwass zyts
1630 843 2713 1125 mit einem hebysen (so sonst syne murer bruchtendt)
1626 901 2730 1172 mit hilff synes gespanen in dass küyerhuss gebrochen
1614 979 2662 1259 7 käsen daruss gestolen, davon drey dem schmidt zu
1623 1072 2617 1308 Toffen umb 3 cronen die übrigen vier dem wirt im
1641 1192 2260 1389 flösch umb 4 cronen 3 batzen verkaufft
1638 1360 2695 1576 Aber under zweyen mahlen tt dem aman Balsinger
1625 1404 2650 1656 glich nach ein anderen in spicher gebrochen, daruss
1635 1492 2707 1686 12 käsen entfrombdet unnd dieselben dem weibel
1631 1556 2714 1779 Fiess zu Wichtorff auch under beiden underschi¬
1633 1690 2253 1830 denlichen mahlen verkaufft.
1600 2058 2680 2167 Diss unnd alles vorgende gelt, so sy jederzyt uss
1649 2131 2706 2195 erzelten diebstälen erlöst, habe er alwegen mit
1645 2184 2758 2302 synen gespanen getheilt unnd dasselbig leederlicher
1637 2254 2602 2362 unnützerwyss verschlempt unnd verprasset.
1660 2487 2761 2712 Der hurerey halber aber hatt er anderss nützit
1651 2622 2694 2758 wellen bekandtlich syn, dan dass er uff ein zyt
1660 2673 2697 2829 eine so sich Lucei namset unnd oberthalb Thun
1669 2734 2740 2904 wohnet mit ihrer biss naher biss Basel gefüret,
1681 2810 2770 2988 mit derselben sich in hurerey begangen, daselbst
1664 2860 2495 3025 aber widerumb von sich glassen habe.
