3024 4032
791 660 1641 936 Den hr d e siste hei
825 791 1642 1036 lgen ber heen
802 883 1647 1083 darinen ein mütt dinckel gefasset, dahel
830 957 1650 1147 zum synnknachtes daroberwbitscht und
818 1048 1661 1230 dem  freyweybel zugeführen, wolche
848 1117 1656 1298 er aber um des Nacht zum Pfenstes hauß
829 1205 1527 1337 gewetscht. vnd entloffen sye.
775 1310 1650 1502 Lettlichen habe er znn Gurtzelen und
817 1413 1621 1557 derselben gagne herumb uß dem
833 1503 1610 1633 Göaten nachtlich, wyl vil krudth
837 1581 1643 1694 Rübli und d abiß etc. genommen und
829 1650 1422 1768 damit syn wab wndek ind
1449 1668 1619 1768 erhalten.
1398 1726 1456 1780 ub
817 1735 1654 1850 Diseß alleß und mehrerß, habe es begangen,
821 1800 1648 1918 bätte aber ein hoche gnädig oberkeiden
815 1880 1554 2010 umb gnad vnd verzeichung.
1068 2225 1669 2433 Saiten an
760 2395 1401 2567 Von Scholen bekhantnuß.
773 2604 1655 2789 Alß in durch Myne Hochehrnde her¬
809 2690 1615 2866 herrrn rahlschers zechender und zur
1088 2801 1164 2870 .
830 2773 1638 2956 rahtsherr Früsching ernsthafftig beset
838 2819 1666 3014 worden, auß waß ursachen zum hr. redt
830 2905 1662 3110 vogt ernst und syn sehrgef zur sant
837 2979 1650 3217 synem sohn gsencklich alharo gescheken
826 3055 1653 3297 Hat er geandtwortet, Er syn unt synem s
837 3124 1625 3366 end e eli
845 3205 1651 3436 arbends uf synem sadtlerhandwerck zuse
841 3262 1669 3536 de
820 3371 1661 3667 een  d
807 3464 1648 3721 ee
820 3518 1653 3829 e d
1715 2026 1800 2123 halt
2802 449 2916 566 59.
1832 609 2853 876 darob sy endalbet, Vnd nach zuverlacken ge¬
1851 687 2896 936 fahrdt worden, gewisen, er gedachte Tost aber
1991 797 2441 978 Eren ertud
1872 892 2001 1019 gede
1851 986 2843 1198 vor Oegfar 14 fag zur Ruterbrunnen in
1842 1048 2874 1285 sb stadtshalters hus, habe er etwaß Rynats
1852 1112 2881 1351 benkenen Vnd Eymachen genomen vnndt
1870 1200 2809 1408 oldeß nach huß getreit, sye ab and ver
1840 1386 1996 1492 handen.
1810 1445 2816 1642 Hrr. Hanß Wasanß Bunders Buß, habe er
1844 1541 2765 1714 zehenn häter genommen. dieselbig zuo
1852 1599 2797 1757 shen verkhoufft. Die spend zumm aber
1865 1674 2797 1832 nüt unndt neben einem ofgernsten batt
1829 1731 2803 1919 von Hnnß schwecherß schwister vergabet
1845 1829 2799 1977 unndt aber nimahl außgerichtet wornen.
1877 1911 2800 2070 diß sye die ursach, daß er sich hiemit
1877 2005 2388 2138 selbsten begemacht habe.
1861 2172 2883 2289 Verneaß so sye er mit hilf eineß bauerß von
1856 2246 2817 2373 Burgdorff Jacob Wyder gentt vor ohn
1872 2321 2831 2452 ind 20 jahren zuo ezum uf daß hochgricht
1865 2411 2831 2546 gestigen und einem daran hangenden Cörper
1858 2480 2778 2610 die r rächte handt abgehouwen, darnos
2412 2553 2573 2614 zeemeh
1845 2560 2851 2671 etwederes ein ngenommen  gedachte wyder
1852 2624 2837 2746 habe zund fürgëben, waß er daß sy im tage
1870 2708 2794 2820 so gwunne es alle spill, habe aber söldeß
1863 2775 2827 2893 nit würcklich funden, sunder eß bald hermed
1855 2847 2852 2995 von sich geworffen. Eß habind aber mahr
1860 2919 2840 3052 iune von diß fahlerswegen mit u schellern
1873 3000 2907 3138 aberikhabgestrafft und ehelahs und werliß
2348 3073 2830 3193 zemacht worde
1771 3096 2056 3210 erlag 0 t
1803 3165 2781 3304 Eettlihen habe es im Haßle laende mit
1857 3225 2829 3366 hilt vorgemälten täderß zwo Rindtshüth
1878 3291 2810 3434 auß einer Garbi getolen und dieselben zuo
1858 3370 2842 3519 tun umb 1yt j verloufften, nach dem aber
1865 3411 2857 3588 der jenige, dessen die hüth gsys, daruf bey habe
1876 3518 2582 3659 es 5 l dalfur bezahlen müssen.
