3024 4032
816 389 1441 598 Slite hene
866 594 1701 904 Begen bchage
832 708 1688 982 vndschele hanshalt,
820 796 1664 1028 Costanz. Habe zuo Muleren Wellen
813 902 1689 1124 Ist zuo schumen mit anderen inn einen
795 980 1450 1129 Schüren erdapt worden.
907 1259 1594 1477 Aesbeb Bitlee
927 1399 1601 1568 von Zuotzwyl ein nächeren.
772 1512 1658 1725 Habe zur habtnder gedeint, allar
809 1674 1694 1825 verdapt worden, Daß theid hane zwaen
778 1729 1677 1911 Weltschen man mit der proucer grbe
799 1816 1672 1973 kragen ze machen, daß synbachen habe
803 1907 1688 2042 sy zra für den nägerlohn geben. Habe
799 2000 1673 2125 gra bewolden im mitten augsten im
805 2065 1704 2211 einem dorff sich findes zelaße unshate
508 2092 769 2213 Ain zand
520 2172 655 2253 bieden
814 2159 1687 2293 sy dise erndt geschnitten. Ist ein woaat zuspee
808 2251 925 2338 erkant
980 2417 1680 2586 Larbli Diß von Lasel
1066 2535 1260 2669 flüch.
784 2637 1682 2815 Ist zum Metzgeren aldie erdapt worden und
541 2723 1678 2883 kindskeeg ein s im der handt gehart Sthir
797 2803 1651 2933 23. Worhen im Shallenwark gesyn vor
608 2864 758 2933 amptl
536 2880 598 2931 li
528 2905 773 3005 eiigolen
779 2847 1668 3031 einem jahr sye eß by sener schwöter zu s
771 2937 1675 3109 Genberg gsein sunst der kürey halber zin
764 3073 1166 3178 lih verdëchtg.
1106 3102 1504 3299 Vctor Asser
1711 3168 1815 3288 .
1821 2195 1879 2265 d
1902 609 2877 761 von Gitendorff Ist von Strachsellwalk
1937 680 2876 850 geschickt worden. Ist ein unedlihere emn zeith
1910 735 2914 887 lang kranck gsein und siderhar dem allmusen
1921 817 2869 951 nachzoget und ind Erißwyl erwütscht
1929 920 2155 1019 worden.
2106 973 2656 1111 Hannß Quonradt.
2235 1079 2452 1160 Büre.
2115 1097 2223 1180 von
1950 1152 2801 1315 zin Varter Heiße Schnyder Bendichl
2314 1251 2812 1354 by der clostermeili
1919 1275 2314 1381 syn ein unchlicher.
1901 1315 2935 1425 vor Büren, habe ein frouw auß dem Riderlang
1911 1370 2905 1493 und zur Rinsidlen mit zra hochzeitb gehalten,
1916 1457 2874 1585 auh ist er vor 3 jahren zeiten woch in dem
1907 1512 2949 1666 Gallenwerck gesein und sye zuovor zus signone
1923 1584 2881 1723 gemonteret worden. Ist ein gürtler s uf
1905 1668 2841 1792 ein zensurn ledes gelaßen worden.
2026 1798 2947 1969 Lorentz Steger vor Obysizen
1892 1942 2913 2049 So auch von dr Wardselbwalde albar gebracht, ist
1892 2020 2915 2131 hievor aldie von de Groffosen, erdapt, vnndt
1896 2078 2937 2186 im Shallenwerck s wochen lang gesein. Ist ohn
1909 2162 2886 2281 gelahr 17 jahr alt und im der wahl der
1903 2225 2408 2345 Schwaatz bnoben einer
2138 2354 2737 2534 Nicals Bratt
2133 2495 2625 2610 von Arwangen.
1887 2562 2949 2720 ist auch by den 16. jahans alt sye allewyl dem
1881 2666 2894 2816 allmusen nach zogen mit dem obign Stäger
1999 2844 2755 3034 Jacob Schürman von
2062 2955 2444 3080 Spachinwyl.
1890 3015 3005 3270 hat firgeben zur Trachselwaldt syn im Margrafs
1891 3160 2944 3316 andt anheimbih habe veshinnen sohntag
1894 3231 2931 3370 zuacht ein roß by kindlindach auß einer
1886 3290 2292 3385 weidt genomen.
2873 401 2955 498 81.
