3024 4032
263 2308 427 2409 NB
362 390 1390 643 Wyters bekent er, das vor etwass kurtzer jahren
405 501 1357 667 syn gewessne frauw Margret Farni, wegen
415 547 1420 741 ussblibens unnd umschweyfens, inne habe verrüefen
1356 585 1465 698 synes
415 618 1423 792 auch sich von ihme scheiden lassen unnd nach dem er
421 688 1377 817 ungeuerdt vor einem monat synen nachfahren, ihren
440 749 1444 930 ietzigen eheman gesechen vor dem huss sitzen, habe
441 811 1320 939 er sich ins huss gemacht, einen halben
1313 882 1436 974 schlifstein
439 869 1429 1012 so er ungfert ersechen mit ihme uff die büni
421 946 1421 1085 unnd von dannen uff den soller genommen
430 1002 1447 1158 denselben vornen zum tach hinuss gestürtz unnd
426 1071 1445 1220 hiemit uff synen ehenachfahren werfen, inne
435 1167 1434 1305 umb syn leben bringen wellen, derselb aber sye
434 1236 1436 1371 dess grüschs gwar worden, habe im obsich lugen
455 1329 1387 1426 denn stein in allem fahl erblickt unnd
443 1390 1367 1491 demselben jedoch mit noht entrunnen.
463 2045 1461 2197 Verners hatt er auch verjechen, dass er vor
474 2117 1469 2265 ungfar 5 jahren daheim in synes vatters huss
437 2180 1473 2308 er leider sich wider Gott, syn gesatz unnd ment¬
464 2242 1477 2396 schliche natur mit unchristenlichen wercken
478 2306 1473 2448 unnd misshandlungen gantz abschüwlich unnd
468 2365 1454 2554 schwärlich zum dritten mahl vergessen.
408 2829 1480 2995 Endtlichen bekent er auch, dass alss er
497 2880 1495 3071 verschinnen zinstags, dass ist hüt 8 tag synen
470 2942 1500 3129 langezyt gehapten insonderheit bösen gespanen
484 3008 1498 3215 undenthalb langenthal verlassen, sye er zu allen
500 3057 1506 3278 unglück zu disem vorgeschribnen metzger
1386 3198 1490 3273 biss
469 3135 1474 3332 uff dem wäg kommen, mit demselben
1412 1366 1439 1433 sye
1588 390 2606 639 biss an dass vorbemelte ort in die Lusseren,
1609 469 2535 699 da der metzger voranhin gangen unnd al er
1597 508 2617 751 maleficant gespürt das der metzger woll gelt by
1608 602 2585 829 sich trage, habe er leider sich sowyt unnd
1618 653 2689 884 schwerlich vergessen, dass er mit einem knüttel
1617 715 2642 951 oder stuck von einem zunstecken (so er uff diss
1610 758 2677 1044 böss endt hin grad eben zu vor in dem holtz
1619 860 2625 1077 erwüscht unnd uffgenommen) den metzger
1613 939 2583 1158 hinderwerts an den rechten schlaaff sölcher
1623 1005 2599 1238 massen getroffen, dass er für sich uff syn
1618 1083 2733 1282 angesicht gefallen, darby er es aber nit bewenden
1623 1163 2733 1367 lassen, sonder habe den metzger alssbald entwert
1620 1227 2729 1424 unnd mit synem selbs eignen wer zwen starcke
1632 1305 2732 1481 stich (wie es der augenschein mitgebracht) den
1640 1386 2687 1555 einten uff die rechte laffen, den anderen
1630 1475 2646 1633 in die lincke syten gegeben. unnd alss der
1622 1553 2589 1701 ermürte (nach disers schandtlosens mörders
1630 1617 2660 1772 bekandtnuss) sich geweltz unnd noch uffsitzen
1619 1712 2656 1851 wöllen, habe er ihme widerumb mit dem
1629 1785 2662 1898 wehr zwen harte stöss gegeben, deren der
1635 1863 2675 1997 einte grad uff die brust, der ander aber
1621 1921 2729 2045 umb etwass besser uff die lincke syten gegen
1633 2024 2661 2139 dem hertzen gangen, hiemit disen synen
1631 2096 2722 2199 geferten (der ihme doch underwegs kein leits
1636 2202 2750 2303 gethan) umb dess schnöden gelts willen den garuss
1624 2290 2725 2378 gemacht, also schandtlich ermördt, demnach
1634 2361 2717 2456 denselben spoliert, den todten grad an dem ort
1645 2413 2636 2536 ligen lassen, sich aber mit dem gelt darvon
1640 2493 2001 2583 machen wellen.
1650 2708 2700 2902 Unnd wo ihnne Gott der allmechtig nit in
1647 2801 2736 2977 dise schwere straff unnd band hette kommen
1661 2874 2703 3046 lassen sye syn fürsatz gsin uff künfftigen
1649 2934 2732 3123 erlenbacher unnd anderen vorstehenden herpst¬
1654 3026 2755 3202 märiten der vorbeschribnen diebischen stucken
1666 3077 2626 3269 unnd anderer begangnen schandtlichen
2366 3275 2607 3395 wüesten
2620 182 2703 282 6.
