3024 4032
1536 571 2198 777 Meelin Vurger 25
1553 630 2714 934 Sieth, Steffen und Ruuntant, legen diebstählen Pr¬
1572 723 2711 998 Warnien, Polerli, ans Panntaul, begen diebstählen, 7t.
1577 850 2696 1109 Sinth, Cathoina 1 Jielebach, soegen debstählen M. 10:
1591 999 2513 1199 Willi Marn loegen 3. Hurenhehlers. 13.
1593 1083 2721 1333 Wenger, Caltoma genant Kuderbüchli, und dem
1760 1179 2737 1398 Krunchthal, begen Verdacht v. Rlutschand M.
1779 1344 2311 1500 19 a0 60 69 p N
1613 1407 2705 1599 Sibel, Rasti v. Seebÿl, begen diebstählen. 29.
1621 1492 2747 1727 Wallanung, Simon, und Pruntruk, Vorhör 36 36
1618 1630 2710 1825 Stälti, Hhand, und dem Plstaß wind eramment. 37.
1610 1741 2743 1925 Weltel, Hans, und dem Sundgan wind eramment. 38.
1617 1852 2781 2037 Stuchsler Jdbeth u. Odelhesten, begen diebstahl 52
1857 1987 2699 2131 Icter beÿen Reißgeld diebstahl zu
1634 1990 1820 2146 Wi
1848 2114 2077 2187 Muni 61
1642 2157 1848 2275 Sunder
1870 2172 2772 2309 Peter vd Schüschen, wegen Sißhandlung.
1858 2260 1956 2350 66.
1666 2288 1839 2436 Walen
1846 2325 2719 2481 Heini, v. Kisten der Schneider, wegen
1858 2407 2690 2559 Veränderung v. gestohl Kleidern 68.
1672 2476 2811 2684 Wolfispenger Johannes v. Randegg, ein Beiger,
1863 2600 2402 2764 bind fortgeliesen. 78.
1672 2657 2825 2851 Sÿß, Sirein, Jarob Herhels Stieftochter. Ver¬
1857 2783 2116 2911 hor 79
2768 3600 2843 3698 23
