3024 4032
576 296 1445 547 Madlen Buttitoffer ein
645 445 1323 610 fräch starks jung möntsch.
617 624 1499 832 Petzgemelte Madlen Butikoffer von
639 697 1506 910 melt Elßbets Schwister, gibt für es si
634 804 1492 982 zu Bumplitz hma beschnitt gsin, wirse
625 884 1495 1053 schwester yngezogen worden, wie e
659 970 1496 1124 solches Vndman, habe es sich schuer wollen
653 1054 1492 1222 annemen und frag, wy es vfalt habe
635 1115 1507 1309 Dem kommit die Proffofen undse
630 1212 1491 1388 Ins auch mit, da es sich denn gutrelli
641 1293 1485 1451 yngestelt. Dißsers mentsch ist zumbh
659 1397 1483 1525 Angwonig, hat sich aber wyklöüffg in
654 1469 1337 1605 sprochen so gut alß es können.
818 1553 948 1626 und
635 1602 1448 1745 is Möntsch, das vorgemelt syn Schwester
658 1692 1450 1835 sindt ouch Cinsuniert Zur beßerung
631 1773 1208 1885 und nach zuß gemant.
598 2124 1471 2272 Allß gesterigl tags den 22. aug
653 2243 1499 2363 1645. vß In g. beuelch, durch angee¬
639 2302 1500 2443 Hochgeerten S Rahtsherren Lanbacht
630 2383 1499 2517 Herren Abraham Sinner, geißweibel
632 2468 1504 2625 Nachgeschribne 3 Personen, gezigter die
673 2543 1500 2708 telen halber, frustwortig exammit
651 2624 1498 2778 worden, habendt sy sich darüber vor
637 2713 1486 2876 dermaßn entschuldiget vnd versprochen
718 2888 1397 3085 Madlna Rattikoffer
845 3045 1236 3149 von Jutzwyl.
773 3128 939 3203 f Man
673 3063 1514 3279 Disterr soshetz necher alß zun Jarsfah
1112 3188 1215 3252 mol
677 3144 1527 3387 schon zum dritten, alhie zum gfenftlich
669 3239 1500 3481 yngezogen, und erst vor einem monn
659 3307 1478 3554 offen geut dcher ndem
1704 214 2686 514 zushalen alese
1726 288 2648 580 ern
1713 473 2672 721 lind alß uff Ulli Murers uß dem Lindental
1717 560 1847 640 worden.
1712 546 2689 793 kelagen hin sy befragt, ob sy mit sampt
1726 641 2618 881 herr Schwester demselben nit Jnnß huß
1732 722 2614 934 brochen, vnd daruß 13 ellen wellligs tuuch
1711 784 2654 1010 Ein fnolenbenns fürtuch ein nideren hut
1704 863 2684 1072 vnnd ein Beust luch, deßglychen vnguar bÿ
1730 1008 2267 1147 3. B. an gelt genomen,
1703 1082 2697 1276 hatt sy seinlicheß gentzlich vnemet, mit ver¬
1731 1153 2689 1347 melden sy vnd Jar Schwester, Habind by Tor¬
1713 1241 2628 1443 berg ann der straß, ein gwüße frombde
1736 1309 2750 1494 frouw, vnd ein Man antroffenn Mitsampt
1724 1412 2674 1550 2. Kinden antoffen, der Mann namste
1735 1474 2692 1646 sich Geörg, vnnd die frouw Anna Patryn¬
2411 1552 2492 1605 eyl
1725 1572 2634 1738 geemplint stetz mit Geißen und hre nnst
1707 1653 2648 1792 wolbekant, vonn derselben frouwen
1726 1731 2684 1857 habmilt sy und hre schwöster uß dem gelt
1727 1798 2737 1932 so sy by znen ghan, vnd disen Semmmer ver¬
1723 1876 2690 2017 dienet, obgescheibne Sachen koufft, Namlich
1725 1964 2626 2090 Fyelie Madlen by den p ellenhalb
1714 2031 2733 2171 Müllin tuch, die ell p 52 fl unnd ein
1718 2115 2375 2242 ell gantz willigs umb 5 lz.
1709 2244 2702 2376 hre Schwaster aber habe gemelter frn
1709 2337 2751 2468 umb das fürtuch zalt 24 bz und das benst
1717 2408 2512 2530 stuch und umb den gut aber 1 bz.
1703 2496 2605 2641 Ob aber solche sach uß Ulli Murers huß
1715 2562 2135 2706 komen wrüste s nit
1863 2649 1940 2706 uh
1708 2636 2625 2770 sy wil nit gestendig syn, zu den Henrg
1733 2726 2622 2855 osy gfang gnan gret ze haben, stuck der
1730 2806 2671 2926 Pfister zu Senring seye ire 7 l schuldig
1712 2878 2665 2994 man sölle nur mit ira dahin sy wolle es
1727 2944 2122 3073 alles wide erstetz.
1709 3029 2664 3163 Noch vil weniger das sy uß deß Blanckenhuß
1724 3127 2633 3224 zu ostermundig, vor etlich wuchl ein
1707 3195 2651 3290 mantel und andere sachen entwent habe.
1732 3277 2488 3405 Wie Ine aber fürgehalten worden.
2647 115 2740 217 23.
