3024 4032
550 2828 757 2945 gan täle
545 2903 671 2995 vndt
806 661 1635 862 gerodten und ine mit dem meßer gestahen
783 729 1654 929 Walideß mme aberheitzlich leiden bidert
811 792 1677 1018 wegen godt und ein ghnedige oberkide
804 876 1687 1094 vezeichung die alindt ume silche gat
811 952 1668 1131 synes hinfallende. gesiechs, dansensten ander
814 1020 1659 1221 wertig zuorchne und zmme wag h
813 1125 1611 1264 unerzognen 4 kinderen verschonen.
795 1280 1664 1447 Daß jenige aber, waß die in schwiffen verlohen
829 1379 1683 1512 kundtschafft zubgibt, daß er den velehte
833 1446 1668 1587 nit dergleichen ungebürlichen das machworten
833 1512 1676 1647 selbst zuguordert angefallen, er keinßwere
820 1587 1631 1715 bekhandtlich nod gestendig syn wellen.
801 1727 1666 1839 Ist buch nit bekhandtlich, wie die eine
809 1823 1677 1942 gundtschafftn züget, daß er gredt habe si
830 1895 1669 2012 wo man imme müßli nicht were zuhilf
819 1959 1662 2086 khomer, er emne hette wellen umbbingen
819 2043 1127 2162 undt etlyben.
909 2243 1522 2413 Hornnrß Istyfer.
993 2343 1558 2463 ein sachpfiffer vos Rogliß
1017 2379 1643 2546 wyl, alß dem rucermapet.
766 2528 1661 2720 Gott syne asoanen, welche er und eint
815 2614 1665 2788 abents angetroffen, die jnne angesorchen
807 2682 1671 2845 daß er seid by zme etwaß ufhalten und
801 2745 1675 2925 znen kintzwyl machen sölle, sy wolle i
810 2796 1664 3012 umb guodte kleider schonnen. Deßeite
819 2878 1668 3085 namen. Müchel ei Niderländer ist ein
817 2948 1671 3194 großer Stancker Ghesell, bekhumpt einhalt
809 3032 1685 3254 rodt Bartlin und hatt zwlch hofe sns
1635 3195 1680 3264 a
820 3097 1680 3330 ein hund mit sampt gefüdtart gehaten
808 3199 1647 3432 und aber hernach der samet darab getrie
809 3262 1667 3538 hebe sealted n
781 3334 1686 3625 dale echtli t
795 3446 1660 3733 stin ohe  endte
827 3574 1424 3795 auf ech eigheihee
1720 2403 1805 2464 brige
2830 501 2929 586 67
1810 668 2850 860 Da wider zyppenhost gett. Ist ein junger
1839 744 2811 936 butze gefell, badt biß wüllin hosen ohne
1843 805 2850 993 strunpff und and kein wamest an und ein
1832 943 2141 1074 bhnhundt w
1797 961 2845 1220 unndt ein dines gutt Kappelnhur 6at
1833 1059 2934 1265 ein bunschwartzen rock und ein schwartz fürtuch
1831 1135 2874 1319 an und ein shopffübl uf, disere gemälte 4
1821 1236 2367 1405 geshen seidt eltlicht.
1818 1280 2861 1447 , welches vorgedachter Hanß Pysfer sich
1844 1347 2896 1520 llgen erbents ufgehalten, die dan 4u Wynder
1829 1417 2836 1606 beil zuo Woringes und theilß an Leinem
1818 1483 2828 1643 anderen ort, gröfnet, inn einem sy nichts
1812 1547 2854 1709 funden, ihne dem sanderen aber 4 hußkößli
1823 1626 2848 1781 undt etwaß wynigß fleischß, so sy mit mit
1823 1700 2831 1873 anderen gewaßen. Iß dem wridttn aber sy
1802 1766 2928 1943 4. Kynlandesn und 3 schlächte Jüpli entfrömdet
1834 1865 2940 1989 von welichem allem mie aber nützit worden syn.
1824 1954 2850 2094 dan waß erselbigen, abents mit zuen geholffen
1825 2048 1959 2132 nieben.
1828 2144 2836 2315 Iten so habindt yn zuo Niderguatzelen, anh
1819 2258 2839 2402 ein käfler geöffnet, darinnen aber and erst
1821 2326 2885 2484 nit dein synen dan milt, darnon sy geßet und
1810 2402 2200 2509 die laßes bleiben.
1798 2561 2833 2758 aß er als aa iß kandt kommen, habe er under
1836 2658 2775 2827 uer ein alte frouw, so Susanna gent
1822 2717 2846 2938 welnde ein sohn ungefahr by 7 jaren by
1817 2787 2796 3003 zra gehabt antrofftn, mit zua gereiset,
1831 2854 2809 3070 und sich by 3 mahlen mit zra in un
1830 2919 2894 3164 firdheit vergang. Welche nir qie synen
1812 2995 2865 3226 beh Ey daß find zus synem anharbeinden
1823 3092 2863 3316 wannt gegebtn und ann reftem burg
1824 3162 2955 3443 arfa Märidt auch die restel darzuo khonfft
1837 3223 2934 3535 daßer Vomee gemeindschafft noch diebstäl
1840 3326 2867 3600 weder mit vorgedütenn 4 persohnen, noch
1830 3396 2871 3713 d eatenn e
1726 3450 2680 3728 hat ar keineß wegs bekhennen wöllen.
