3024 4032
815 657 1653 960 Sutbale allst
870 805 1643 1030 nommen hadte auß diß nit gethan wolse
810 904 1665 1096 Waber ime nit also nach verwandt und
849 976 1674 1181 so wol bekhandt gsyn were, daß er vse
826 1057 1661 1277 disem jederwylen einen guoten nammen e
845 1163 1672 1359 lümbdt ghan habe, Bittet also umb zer
804 1217 1665 1463 vnndt Verzeichung . Datum d
812 1313 1250 1468 Martii No 16
1786 597 2668 891 brarus von
1861 757 2397 946 piterer ncher.
1786 836 2817 1086 Weliche Vnlangest alhie Inn dem oberen
1781 905 2793 1177 spital kintzgeneßen und im verdacht
1798 1023 2775 1261 Ob hette sy dieselb Ire Lybs Frucht zun
1801 1104 2776 1332 etwas tagen hernach vorsetzlich umb das
1786 1205 2822 1423 Leben gebracht, deßentwegen Ist vß be¬
1798 1301 2816 1496 nelch mi gh und oberen nachvolgende
1783 1391 2869 1601 Innformation ufgenommen worden. Wie
2472 1484 2500 1555 l
1797 1494 2833 1672 es sowol mit disem letsten orch nüt vor
1777 1581 2899 1735 genden Iren zweyen sau bgestarbe ab
1776 1693 2905 1865 gestorbnen Knn hergangen syn möchte.
1790 1860 2776 2037 it Güßler die geben deß oberen
1773 1987 2821 2114 seitalß vmeltet, Wann sich dißere tubin
1781 2088 2860 2230 nit selbs zuerkennen geben, hete sy die
1783 2157 2887 2306 selb nit men gekent, sy erinnere sich aber
1772 2253 2815 2396 das sy vor ungnar 8 oder 9 frau, hra auch
1784 2337 2907 2496 ein kimlt empfangen, habe daßelb nach ge-
1786 2417 2799 2578 sontembruch versorget und sye dennach
1778 2503 2834 2654 heimgang, was sich wyters mit demselben
1789 2588 2827 2771 kint zugetragen habe möge sy nit mer
1786 2685 2838 2896 rüsen, dann sy nit im bruch habe nach so
1782 2770 2845 2995 richteter Sach widerumb dahin shegan, es sye
1769 2851 2632 3077 damn ih man funderbar nach ien schicke.
1779 3020 2881 3311 Wad nun diß hetste kundt antreffe, möge sy
1801 3093 2866 3378 auch nit wüßen, wie es mit deßelben todt
1784 3194 2874 3526 verahat e
1792 3259 2824 3569 Eefenen zu ae
1801 3353 2806 3670 nde e  e
1782 3430 2850 3784 Aershesh  ien
2790 384 2893 479 63.
