3024 4032
779 669 1660 969 De  den ven Ma
754 832 1659 1038 eerd. Sindt dumcb ingeer hodrechete
757 903 1670 1129 Herren rahtsherr fellenberg zum byy h
733 978 1666 1203 spittalmeister Küerberß und hr grt
777 1057 1656 1286 weybel Wurstenbergerß, Die zein
756 1147 1669 1331 drey ehirnen, so mas Bagdines zinstagt
769 1236 1683 1431 von frauwenbrunnen gefencklich aldar geseen
764 1331 1695 1517 freß daselbst im Wirthschuß versucter feige
772 1408 1682 1573 unnd ubrigen Läbwesenß halber absinder
781 1504 1680 1663 sich, gantz ernstwortig unndt mit bröüw
769 1576 1494 1715 d marter examiniert worden.
738 1809 1678 1981 Der dan einstimmig bekendt, Es sye ein
790 1916 1661 2046 zwichbe Cirnes aß dem Buernergebüte
792 1984 1660 2106 anPferter wyß zuo zuen komen, wie sy ni
740 2070 1666 2205 Wersthinnen sambstags zuo frouwenbrung
767 2153 1654 2288 ein par maß wyn getruncken und die
780 2247 822 2308 I
734 2233 1684 2367 mcerneri angefang ihnen ire fahles für
774 2311 1668 2465 zuehalten, syen sy dannen das durch einem
775 2400 1672 2543 deren unrichtig worden und möchten also
772 2475 1678 2613 wohl in zornigem muth, etliche böseschwer
775 2548 1702 2711 underloffen syn, daß sye znen aber vor hahe
760 2644 1691 2805 keidt, vnndt die ursach, daß sy dundee
745 2711 1683 2939 herren vogt gefengtlich yngezogen worden.
796 3044 1510 3245 Barbara Dups
697 3137 1700 3415 Hen wintertur nacher, as dem hreud
762 3244 1695 3497 gebieth. Bekendt wyterß, wie mis syhen
756 3326 1686 3573 der gefangenshaffen von den nachgescheibenn
749 3393 1702 3666 zwegen schwösteren abgesünderet und ein die
729 3490 1693 3752 Rübgruben getrag, khome am Morger g
747 3575 1669 3867 en die autshe
2861 541 2958 646 77
1793 703 2851 947 Waß sy zmme geben wölle, er welle fra außhin
1806 804 2875 1042 helffer, wie sy sich aber entschuldiget sy habe.
1839 844 2909 1069 undt wüße nüt, habe er sy dorb durch daß tod
1828 910 2919 1158 außhin gezogen Wie sy nun also ledig ysin, habe
1824 994 2872 1217 die deß wirths, wie auch daß herren vogtß
1817 1074 2933 1300 sknecht ein großer starcker gesell gette junckheer
1829 1157 2979 1379 einer nach dem anderen understandt
1835 1246 2901 1427 hya zuobeschlaffen, denen sy aber nit folgen wollen,
1798 1305 2920 1503 Dannendar sy dan auch aotdeckt und widrumb
2205 1416 2755 1563 Eeinschiei bleich Man
1820 1438 2166 1597 gezogen worden.
1752 1537 2924 1720 Demne bekhendt sy, daß er vbersdinnen jahrß nach
1831 1614 2939 1780 dem zu Mans Peter Rupp sya geschwengeret
1831 1692 2889 1839 und von fra in franckenryrd gezogen. all da
1846 1764 2899 1909 er auch umbkommen syn soll) sich znzwbüßhen, mit
1822 1845 2944 2009 Hannß Riß einem metzger von Burgdorff wie
1848 1934 2897 2080 amch einem coldtshmid daselbst, so nit wyts uos
1842 2012 2953 2152 dem klauffbuß wohne deßen bruder ein Schryber
1859 2107 2917 2240 ge unndt mit einem von Toedtißwyl,  so
1851 2189 2947 2316 zun einen ofenhußzehuß, sye ein witling und
1853 2270 2797 2388 habe kein khindt, fleidtlich vergangen.
1830 2348 3006 2480 deß khindtßhalben, deßen sy verdinnen frnlingst
1858 2438 2963 2565 Im spittal aldie genesen, daß freß mauß selig
1853 2510 3008 2647 gsen umdt fra ing der kindtbetti gestorben, wüße
1858 2590 3030 2727 sy anderß nüt zu vermelden, weder wie sy domahlen
1843 2659 1897 2717 4
1869 2678 2902 2808 anzeigt und sich nachforslih erfunden habe,
2411 2874 2470 2943 den
1807 2877 3015 3035 Daß sy aber den damahlen empfangnen rydt aber
1866 2963 3005 3112 bredten unndt for ohngefahr drey wochen wider znß
1851 3020 2964 3175 Landt kome, yge die Vrsach, daß zu Mann
1875 3104 2964 3271 vor einem jahr auß dem gwärbli, so syl mit
1877 3182 3006 3357 einanderen ghan, einem von Burgdorff gutt
1880 3249 2981 3454 dichenbein by den 10. tag gelichen welcheß sy
1865 3317 3030 3540 hiemit forderen wöllen, sye Ira aber schlechte Hoff¬
1862 3427 2417 3558 nung gmachet worden.
1840 3483 3005 3746 Ist den 30. Julyi mit dem Eidt gwisten
1743 3559 2798 3812 unnd geschmeitzt, worden
