3024 4032
367 3306 438 3382 2
777 400 1489 601 Anna Aetri von
808 478 1483 720 Ade Plehe
863 587 1396 753 getham Bethendlrch
657 722 1504 1000 o e she nint u ulthe
592 858 1156 1010 Guldt gefangen worden.
561 1015 1517 1232 und wegen daß sy mit irem mann und 4
551 1107 1512 1301 wälteden buben umbher zogen, welche zuok
580 1180 1518 1356 ein bachen fleich 7 leib brodt genommen,
571 1254 1528 1432 einem anderen dorff 1 stundt von Burd
543 1332 1531 1502 übernacht gsyn, habe man sy gfäncklich gan z
549 1409 1521 1578 dorff geführdt, mit Ruther außgestrichen und
572 1526 1504 1705 Beye nun fünf jahr dem almuse nach z
514 1622 1081 1765 landt umbsher gezogen.
546 1743 1520 1911 daß sy zu jungeß kindt im soltzuen ge
593 1868 1514 2000 anderfarts Touffen laßen, syn die ursache
590 1949 1512 2074 man sy darzuo angewiten, sy müße eß thü
532 2012 1083 2132 wegen d recion.
576 2120 1538 2272 Ir dir ann habe zuo Graffenwerdt, wond nie
582 2221 1521 2350 1. Gippen und eir Humli gestolen, welchesi
578 2313 907 2445 verbrucht.
825 2458 1438 2610 Bohget Waß sy zuo
838 2535 1468 2690 Attingea mit und ihme
854 2642 1298 2749 Marter verrächen.
531 2761 1528 2942 Er dian, oder mit dem sy zuouor ze daste
531 2892 1165 3025 Ceiste francvis.
553 3005 1518 3241 Sat dem Wynigen böse hab sy zu kinde
574 3066 1532 3291 etlischen Babeli ouffen laßen und zuo Rnist
559 3146 1525 3385 daß letstmahl lseli und dr man trei
586 3214 1505 3429 grund mit einer anderen umbhin genant
596 3269 1525 3501 so salle sambtag zur Solothurn in der sadt selt
574 3416 1294 3607 kouffen vnd abholen khndt. etc.
1542 782 1570 864 3
1661 349 2666 673 en n de
1693 487 1889 581 Verrden
1633 402 2655 755 eent e
1574 539 1677 619 A
1694 485 2621 770 n
1631 567 2639 872 nen een
1630 623 2663 937 aa e nd
1698 698 2660 998 e
1735 784 2663 1046 getolnen Kleidenen, durch den Prosfosen, er¬
1649 888 2673 1154 annet worden, zwiggen ettingen und rambseren
1644 984 1733 1084 schehen
1626 996 2550 1239 und nachwärtz gan Bichegg geführdt worden.
1607 1193 2570 1402 It by zue ihra an d fortur gefundtn worden,
1604 1273 2553 1479 zu manßfragen Wyß Krallingbättkein mit
1620 1351 2646 1531 einem Vbergulten halten Solokhnenische Ricken, vnd
1624 1436 2701 1590 salbernen Richten, ampt noch 3 ki Eintgnoßsinden
1610 1508 2587 1666 dicken vnd einem Butzernershillingt Der
1597 1593 2605 1766 vergulte dicken hat ie zuuor veraugnet gehabt,
1627 1690 2573 1817 mit verandtwortung zu Rindt trage dendelben
1605 1769 2544 1897 Ist abesr nachwertz, daß syn an der tortur ware
1622 1845 2676 1982 Vngelerdt im irem onob gefunden worden. Vnd
1721 1936 1798 1992 de
1622 1933 2618 2060 daß Lanl habe sy von 4 schwartz buben, mit
1619 2009 2623 2161 mane Dieboldt, Coljenne Vnß. Vnnd Christen,
1618 2099 2678 2256 angenommen wägen sy ira dasälbig gäben. Daß ander
1616 2183 2609 2319 klin krallig bättlin, habe sy iren magt mit
1613 2258 2638 2395 names Maria Krämerin von Brannvilla uß
1609 2343 2678 2497 den Brontunter gebiet, geschänckt, daß Groß bättlin
1592 2426 2641 2592 War sunsten zwonos durch genante Schwartz buben
1613 2486 2050 2639 gestolt worden en
1558 2583 2586 2822 bußgedachte is magt zur Buchegg mit
1619 2711 2114 2875 si gesangen gewüse, und
1609 2802 2645 3096 I den e e besteen
1625 2930 2031 3097 kchtet worden ec.
1596 3034 2702 3397 eer geeen
1621 3159 2652 3468 ente
1632 3242 2406 3556 vndn
2604 17 2723 115 43.
