3024 4032
508 2074 747 2202 E habe sich
511 2165 789 2267 also gweige
508 2226 757 2311 ret daßelb
502 2291 743 2415 zu emah
803 677 1616 892 Disere nachbeschribne beide Werchen
750 773 1485 903 ann marter exumiert worden.
1504 846 1592 917 11
807 1019 1559 1234 Mlaria Döntenen
851 1154 1555 1307 Ußem Bishoff gepiet, se
826 1293 1672 1444 so auch sy vorernambseten dreyen auß
782 1357 1668 1495 gerißnen bosen buben erwütedt umd
770 1440 1662 1585 yngezogen worden, Die dan bekhendt
779 1513 1654 1617 daß ermälte 3 dieben von irem gestolnen
766 1579 1639 1689 zug fra zwen röck geben, so sy sein
749 1653 1651 1767 Waberen dem schnyder zur Kisen, brige
797 1732 1642 1829 ölle uß einem ein wellhembdt, uff
777 1792 1626 1901 den anderen aber ein brust ze machen
789 1862 1643 1997 weliheß sy gethan. Armälter oberher
756 1941 1679 2046 Waber habe fra geandtwortet, znn beden
820 2028 959 2099 gange.
814 2016 1656 2132 nicht nacht mit dem zugza und
796 2085 1657 2211 so er dasselbige verandere, imme deßort
802 2159 1642 2282 villichter unglegenzeit begegnen möchte,
788 2241 1663 2374 Alß sy zum aber vermaldet, er kein gefahr
785 2296 1670 2434 zuobesorgen habe, dan man iren imesolhe
786 2358 1670 2509 znognobringen gegeben, er eß fra abgenomen
802 2426 1644 2574 Sy imme durch die verlürstiges persohnet,
791 2482 1668 2666 widrumb abgeforderet und inen zugestelt
786 2645 976 2745 worden.
741 2721 1666 2938 Dennse, so habe sy sich, siderbar dem Rug¬
791 2806 1669 3022 dorfer märt sy hinvorgemältem kac
803 2868 1649 3080 o weltet gett Welicher zra aber
767 2934 1659 3184 die she versprochen und sich hoch bedat
784 3003 1685 3281 ah zr enden sen a h
777 3100 1588 3351 eghe ended beg ehebt
856 3351 1050 3477 nechst
719 3268 1645 3547 dise wrnd vreni
734 3362 1691 3662 den esich d h
708 3461 1611 3755 tgen oh d
764 3616 1520 3851 nt Gerisen ot
1610 881 1685 961 sind
1703 2139 1826 2236 habe er
1716 2210 1813 2322 olches
1797 691 2848 970 Hennri Waber, dem Schnyder von
1834 774 2775 1034 schisen wardt fürgehabten, daß er dem
1837 851 2802 1088 dieben gsindt dre gestohne sacten abnemmen
1861 909 2832 1130 und damit sy deso bißer mit selben darvon
1862 957 2892 1201 somen könnendt, verenderen thüye, deßen er sich
1859 1044 2860 1314 also vosprochen. Wan man ime etwaß
1850 1120 2877 1340 uerbeiten bringe, er nicht wüssen mögen, ob
1857 1191 2884 1409 solcheß gestolne sachen syne, oder nit; Vnndt
1866 1273 2862 1510 id hieby erkendt, daß vorgedachte Dienen
1855 1370 2872 1587 gutt Maria ime ein rock kurtz verschuine
1843 1429 2888 1651 zeith, daruf er ein brut setzen sölle und
1845 1508 2910 1697 ein anderen ufgetrönten rock, daruß er habe
1867 1579 2876 1762 llen ein wullhemzdt machen, zurgebracht
1857 1671 2862 1832 Also er gedachte dirnen befragt, wo sy mit
1865 1721 2885 1905 solchem dinzu gestolne sachen bedwcken
2561 1818 2623 1880 es
1849 1833 2905 1993 darkhone, soe dieselben anderen möchte, zme
1853 1906 2914 2046 dannenzar rychlich etwaß ungelegenzeit zu
2694 1986 2803 2039 ahar
1871 1984 2917 2125 stan, uf fürgeben, daß er
1865 2079 2877 2221 kein gefahr zu besorgen, Dan iren söndes geben
1864 2150 2952 2265 wordent zu zu, Schalten, welihe
1874 2241 2873 2348 morndrigen tags, die so eß verloren gehabt,
1870 2302 2949 2443 widrumb sy ime abgeholt und zur iren handen
1873 2384 2868 2514 genmmen. Anders aber nit gestendig syd
1868 2510 2077 2577 wollen.
1846 2609 2801 2742 Wolle sich aber daruor furteihin wol
1861 2689 2606 2835 beßer wußen zeuerhuten.
2827 422 2938 511 68
