3024 4032
727 307 1368 542 Dictris wahen.
791 397 1247 578 Honn Brschiß
619 438 1439 706 Alstihe ditig lechtet
630 608 1492 824 Conristhuß gepürtig, welcher nunlang
625 666 1462 863 jar hin und wider im land umbherr
619 756 1490 941 gezogen, und man pschiner tagen von
610 810 1480 1005 Konppen gfendtlich alhar gfürt ins
586 910 1508 1114 durch angnen hocherenden weren lehe
580 980 1501 1191 kirzen iun bysyn hr ednunger veher
589 1090 1502 1293 bachs, und Herren Großweibel Sune¬
556 1152 1506 1346 ernstlichen und mit zmnlicher Martere
557 1245 1503 1438 miniert worden, hat er bekent wir
558 1341 652 1432 get.
545 1414 1462 1606 erstlichen seye war, das nach dem sannß
524 1521 1466 1669 Beiser der schumacher von Langental
519 1624 1484 1763 und synes bruders sun Damlt Geisten
523 1703 1503 1838 dem schmilt zu Nüwen Egg ein gwüse
530 1783 1490 1929 Fuli abkoufft, er gfangne fürgeben, sy halen
530 1894 1489 2023 zwar deas gelt nit by sich solches zu bezolen,
539 1980 1504 2112 aber zu Bern habind sy vil gelt zubehalten
540 2058 1488 2183 geben werden es mornderß bezalen und
510 2144 1500 2266 Er welle alda zum prandt vblyben Wil
530 2214 1485 2369 aber nit gestendig syn, das er hernach begert
511 2324 958 2464 habe ußzeryßen,
564 2434 1499 2562 enne bekent er, das obbemelte synege¬
547 2530 1490 2676 soanen und er miteinanderen deß einen
531 2599 1488 2743 worden, das wan sy etwas merten und hand
518 2664 1487 2857 len worden, so söllen sy nit zeri sunder
534 2787 1173 2932 andere namen angeben,
492 2882 1499 3096 Er ist ouchbekantlich das Er vor vngear 2 hen
535 2980 1473 3150 sampt syner frouwen by Bumplitz den
530 3052 1487 3285 Proffoßen, so Inne gefangen hatten, wider
497 3221 878 3376 uaßgerißenn.
1533 1872 1633 2001 haben
1592 255 2642 515 Wie er aber auch befragt worden, wo er
1650 328 2664 598 mit dem gelt krend den 2. rgten
1662 401 2674 675 oer domalen by sich ghan, harkemen, deß
1648 508 2630 776 glychen worumb er vor ungear 30 haren
1648 595 2632 836 sin fr verlaßen und mit einer anderen
1655 671 2713 876 hott gezogen, ouch wie er sich siderhar erhalten,
1653 732 2725 973 hat er sich volgendmoßen darüber beantwortet,
1632 873 2711 1082 das einte roß, habe er gegen einem anderen
1644 948 2713 1170 der zuuor vonn einem knaben zu Langental
1633 1032 2692 1214 umb 45 lg gekoufft zu mitten ertuschet,
1620 1114 2679 1292 Vnd eomalen noch einß darzu koufft, so Inne
1646 1235 2090 1410 14 durbenmn erstet
1639 1298 2687 1507 das gelt aber so er domalen by ime ghan und sich
1656 1405 2670 1558 by den 100 4. angeloffen, habe er also vber,
1660 1484 2650 1639 komnen, Namlich er habe alwegen zu Zürich
1649 1555 2683 1721 spereren, vnd eynwailt gekaufft, vnd dann
1633 1655 2667 1802 daßelb Inn walliß widerumb vertaufft, wie
1647 1743 2689 1862 so denn noch vff dise zyt, etliche waren daß
1659 1813 2681 1945 selbst habe lig, vnnd e vmb dieselbe Aus
1641 1873 2691 2017 der Panecherr Alet, wie auch syn kun, vnd der
1638 1970 2730 2086 Lambtschryber zum Walliß, wagen eines schweren
1647 2055 2658 2174 handelß so er domaben mit dem Stockhalber
1647 2116 2691 2244 ghansby den 130. f glichen, daran seye er
1654 2207 2700 2335 noch etlichs schuldig, und die obgemalten wo f
1653 2276 2731 2415 seyen ouch noch ein teil von disem gelt gsin.
1622 2380 2655 2506 Warumb er aber vor ungnar 30 juren von
1669 2470 2674 2572 guer frouwen zogen, seye kein andere Vrsach
1639 2551 2637 2650 denn das sy mit mer ghan und müt vermogen
1642 2614 2638 2738 da habe Er sich zun Walliß begeben, dernach
1664 2687 2668 2829 seye er mit syner jegigen frouwen zu kilchen
1645 2760 2712 2876 lindach zu kirchen gang und sich also biß dato
1663 2825 2644 2964 mit synem spererey und aynwailt gwerb
1673 2935 1896 3044 wolten
1651 2930 2619 3141 E ist erstlich kär und hernach zum ander
1665 3047 2699 3186 mal mit dem kleinenstein ufzogen worden
1688 3130 2431 3312 Aot den 26. jann 1646.
2641 110 2748 201 28.
