3024 4032
494 1250 831 1397 hat sy vol
504 1362 766 1468 gendmaßen
985 654 1657 921 Asagece Brste
1025 814 1529 963 Bernern Bekhandnuß
804 852 1646 1077 Daß sy den 21. jannuarii 1647 zunn b
824 974 1641 1135 wäsen manß hochgeehrtes Johen ant
829 1037 1636 1215 Sillin daß Rahts, Hern Amman Torman
814 1120 1655 1288 Wegen herren schaffner dieken für getragen, lagen
842 1203 1653 1345 ete und diebstalen, wie und welche gstelte
839 1267 1662 1415 dieselbigen syendt oerrichtet worden, sehde
831 1350 1634 1496 und umb gnad und verzeichung ge beden
831 1487 1648 1655 e estlich syendt drey vosohnen byzwege
837 1591 1642 1719 die einte daß Büpp Anneli genant sisch
851 1663 1646 1799 ein zeits lang by Susanna Rohrbach u
857 1738 1041 1842 gehalten.
814 1829 1645 1966 Den Andere habe sich ebenmäßig by
851 1926 1627 2046 melten 2 perohnes zugezogen, seye aber
856 2005 1488 2122 rev ein zshaffenzur gewesen.
778 2105 1663 2243 Die dridee syn dan eter farrt, deß bie
863 2190 1637 2306 sia kornenwirtß Schndoster gsyb, dere
848 2269 1542 2396 Dißmayl kheine mehr hier wohne.
857 2421 1634 2568 Wie sy aber die sach grwüt t habindt,
852 2518 1627 2643 syn eß also ergang, das hinpd imn
842 2563 1612 2733 Daß hiefor bim Husi Rahrbard in bi
846 2647 1641 2805 gewontt habe ein reiteres genomen und
859 2692 1649 2903 yn vornesher zum hufenst Hineiz gestigen.
874 2762 1675 2965 ampt den übrigen 2. sy die verhaffe, hat
845 2842 1617 3027 vor dem huß gewantet, baldt heinand
845 2899 1602 3123 in mit dem bdt sah de zash
1561 2974 1607 3069 ihr
832 3013 1562 3190 Huß Hüs hinuß konder die sachen um
849 3076 1559 3290 ei de gset pen
845 3107 1576 3382 d enh dielte
868 3180 1630 3409 enet ge  a e
861 3239 1649 3514 ee deen
822 3294 1643 3582 ae  ntseen
834 3369 1651 3662 aa
833 3459 1585 3734 gee  hee
844 3488 1670 3846 e
2810 477 2922 563 58.
1818 638 2860 866 daß dachbett betreffent, sye sollbeß auch albe
1822 694 2906 926 mit verhanden, begäre nur herren dicken, daß bott
1825 771 2904 993 daamit uf dem ydißmahl lige für syn verluest
1832 820 2911 1069 guotwillig folg ze laßen, deß HouptBüßuß halb
1840 914 2871 1162 ampt dem mit sydes genayten Aubangeli wüsse
1825 992 2871 1253 sy einehen bericht nit ze geben. Es willen aber
1836 1072 2903 1314 iigen hockgeehaten herrer ires dierun nüt wyn
1822 1157 2861 1358 froß amundten sund die alte beßenen befragen.
1813 1243 2856 1441 wo sy daß eint und andere stuck hin verkhonfft
1813 1326 2843 1509 habe Wylerß sye zra nit bewüst. Bedte ab
1765 1416 2879 1594 Godt unndt ein gnedige oberkheidt, diser frer
1816 1488 2874 1664 begangnes fähleren halb umbgnad und vrr
1817 1573 2840 1743 zeichung. Die wollend sy nit nach zrem er
1820 1678 2265 1810 dienenstraffen E.
1824 2020 2729 2152 Hannß Vögelis siever
1829 2127 2803 2254 gemält, wernere geschandtnuß, so es in
1823 2206 2777 2319 bywäsen myneß hochehrinden firters rahts
1822 2274 2839 2374 herr hirtzen herren vogt vom Steinß und
2163 2353 2239 2421 .
1820 2350 2827 2476 jr fridenrid. Harnerß an der h marter
1834 2430 2811 2528 mit 3 angezenckes steines erhalten und ver
1836 2519 2376 2629 nerßt nüt bekhennen wöllen.
1827 2591 2811 2748 Crstlich Hahr es dem Ridt, so zmme zuo Gun
1824 2696 2864 2817 von statt unnd landt gegeben worden (wider
1819 2784 2121 2894 ubertretten.
1850 2857 2848 2987 denne habe er zue Casmis Freyburgergebüts
1852 2959 2854 3077 ein kälher geoffnet und daruß ein broth und
1850 3041 2377 3151 ein halben käß genomen.
1859 3133 2752 3240 nit weith von danne habe er abermahl ein
1844 3175 2827 3316 Külles geöffnet und daruß 2 käsen entwendt.
1858 3291 2796 3430 Im wistenland mit helf Bendicht Greits alß
1857 3388 2775 3520 verschinnen derp tb. herrn würstenberger
1862 3455 2816 3593 geläsen, habindt sy ein masser sampt einem newen
1855 3529 2776 3674 hennli genomen daruon imme 4 e worden.
