3024 4032
810 316 1628 595 en net e
838 414 1633 670 ise en
795 469 1657 734 Aenh antache
786 541 1662 823 eglete
799 630 1677 886 enden ee
815 706 1660 945 wyß gewesen, und alß er sich jetz auß des
779 755 1719 1025 andt in sys heinath begeben wollen, ergeist
787 858 1687 1113 und also gefencklich aldes gefürdt worden
1670 1015 1698 1048 1
766 930 1713 1191 Bittet gott und ein gnedige obeklige
789 1029 1717 1256 umb verzeichung, ouch umb ledig laßung
795 1090 1663 1318 damit er in syt heinat khomen khönne.
1061 1373 1577 1545 Crstor Masi
741 1464 1670 1664 hristen Nahni, Diser ist voscheiner zeit
794 1583 1688 1733 auch schon gefangen, gewesen, aber widrumb
802 1639 1708 1807 außgenissen, sagt habe eß auß forcht dr matte
790 1749 1679 1862 die man mir anmutten werde getag, batt
784 1803 1665 1954 ein sohn, dan er auch zum bösen angewisen,
745 1880 1665 2012 Diser ist dem ansanzen nach ein böß unndt
750 1960 1259 2070 verdächtige persohn.
692 2273 1677 2442 fenem Taplista hioton Orrian
720 2390 1435 2526 Monon in Davoy pintig.
591 2588 1679 2732 Alß disem von dem herren großweybel für
766 2668 1648 2828 gehalten worden, daß er vershinnes tagte
743 2740 1643 2892 zuo wangen im Stadtli, daer sich woll
746 2793 1687 2958 bewynet, ein gwüße manßpersohn, mit einem
753 2874 1667 3052 mässen ohne einichen gegebnen anlaß auß
711 2967 1703 3148 Schrybenß erstächen wöllen, oer nit darnah vor
763 3010 1695 3197 abgehalten worden. Ihem die wirti so fun
717 3120 1667 3311 zue wnti abgeforderet zurboden geschlagt.
682 3195 1664 3393 Denne daß alß er uber solch verübt währ,
710 3250 1672 3468 von den junigen, so hinzurgeloffen, bedendiget
1891 504 2911 664 unnd ergriffen worden, er immerdas mit denen
1906 566 2899 741 gmächworten votoo honore vor jr g zu
1906 617 2900 781 mälden) Bongre und kätzer außgebrothten,
1854 705 2866 857 Und daß er nochsathen werde, die bongris
1903 756 2898 909 in canton de derna all verbrönnen knd
1877 863 2860 1007 daß der vogt die inquisition darim bringen
1869 918 2855 1057 werde, auch daß es gredt die kätzer de
1905 999 2955 1144 anton de berne, zeig amh gristum den herren
1904 1086 2919 1209 alß pranciscum zuo Vroeys zuo Sturben machen
1860 1153 2935 1288 und unschuldig hingerichtet, und wir syen ver
1904 1224 2920 1363 dampte bongrih. Und alß imme darüber
1869 1298 2884 1448 vorgehalten worden, daß er von lesterungen
1909 1371 2864 1499 wegen, daß hencken wol verdienet bedte,
1884 1442 2842 1586 Erd geandtwortet, daß er sich gern hencken
1898 1531 2941 1658 laßes und unserst herren fesu prisi querelle
1909 1588 2947 1731 an die hand nemen und für dieselber sterben
1910 1707 2092 1786 welle.
1883 1879 2967 1985 Hadt er sowol über den eint- und anderen puncten
1895 1964 2913 2051 die andtwordt geben, daß er truncken gsyh
1911 2037 2906 2144 syn, deßwegen von sölchem gar nüt wüße,
1894 2092 2937 2210 syn eie leidt, bittet deßweg umb g ver
1885 2157 2979 2280 zeitzung, wüße nüt darnon unndt kchanne solche
1904 2232 2957 2353 das wärlich glouben, so aber khrliche unporteyißhe
1890 2311 2935 2422 lüth sölcheß zügen müsse er eß wol glouben und
1896 2373 2962 2500 wan er sovil gredt, syn er wol gar zuo einem und
1907 2448 2887 2572 vernünfftigen thier worden, dan er zuo solchen
1894 2518 2966 2628 groben worte khein ursadt ghas sittenmadl imn
1882 2588 2913 2749 anderzeith im die und widerreisen, zu jr g
1845 2656 2945 2805 Landen, anderst nüt, dan alleß ehren Liebs, vnndt
1912 2742 2890 2880 gnotß widerfahren und sunderlich by zweyen
1895 2813 2919 2939 Jahren zuo Cnition, von dem herren Landt¬
1871 2895 2901 3040 vogt daselbsten, möchte erwünßhen, daß er der
1879 2979 2982 3127 Bunren were müßig gangen, sye zum dergleichen
1909 3070 2908 3185 niemahlen widerfahren, Alß er aber verner
1873 3131 2943 3269 befragt worden, waß er nurs vermeine daß der
1888 3197 2986 3365 unseren einem, der by inen solche grobe schäldtwordtn
2891 400 2983 475 83
