3024 4032
492 404 1203 585 Lattyna Bintz.
626 530 1069 654 vonn Zielibach
395 627 1340 805 sagt seye hieuor zu Landtsthut vnnd alsi
428 739 1346 876 auch schon zum banden ghin aber nit umb si
437 822 1345 936 willen) seye doch alwegen ledig vßkomm
423 887 1363 1029 vonn den jenigensachen so disen märit
435 973 1221 1121 gestolen worden, wüße sy nüt,
431 1069 1336 1199 ter jenige so dem Euchenmeyer syne sach
451 1143 1363 1292 gestolen heiße hauß, seyen der buben
452 1239 640 1365 3 gsin,
446 1328 1384 1450 sy weiße anders nüt angegeben weder ws
445 1409 1392 1538 Herren gottier der sy zu Zutziegl exan
477 1481 980 1593 eimert bekent habe.
435 1572 1393 1716 Dirselbs bekantnuß ist iun Grifft und
468 1668 1398 1811 lichbet alß das sy wirhenen by Pinge¬
501 1745 1421 1869 annel Murer zu Siel, ein Vnehelichki
473 1831 1411 1985 erzuget, welches wann es noch lebte by
497 1936 985 2035 10 harenalt were.
461 2019 1429 2175 denne seye sy mit wernhart Häteryler u
479 2095 1447 2253 Vndmne Gottschafft das Ir man tochtsey¬
515 2181 1445 2329 mit dem telben glych wan er ir ehman wer
493 2269 1279 2436 doch ohne kilchgang hußgehalten.
485 2364 1474 2586 So habe sy sich auch mit Hannß Mülli unnd ett
536 2449 1473 2682 gwüßen wirnen z Burgdorff befatschlet
542 2536 1473 2736 wo ey sich hinbegeben wolten etwas vffgete¬
548 2612 1477 2846 seyen, daß einen worden sich nach meßen zu
572 2670 1497 2893 verfüg, easelbsten dem tuhemeyer yez
534 2766 1495 2995 Vnnd das synig zuentfroulden, welches da
570 2828 1505 3070 ouch beschechen, vnd das gestolne Zug vff
556 2917 1502 3160 Hannß Bürzels Böüw Büni getribt wordn
564 2969 1511 3291 ebend nd vendt
541 3122 1274 3371 ersen in geli
1371 192 2326 581 eer
1422 259 2365 645 ecte
1433 384 2374 716 enne
1425 451 2407 785 geer
1416 528 2419 858 e
1469 680 2465 1000 aegen
1454 851 2067 1083 ats
1437 970 2408 1236 ahtem habe gedachte Huptzlin, ein Boßen¬
1459 1071 2417 1290 Guben gut annß unnd zum übernamen
1462 1113 2465 1381 Ehrenschmaltz, vfgewißen er solle hrem Nach¬
1486 1227 2462 1443 veren Hannß Suter zun Spyher brechen,
1457 1393 1883 1526 unds yestoll
1446 1486 2437 1719 Item so habe sy vnnd hre mitgespanen, der
1508 1550 2517 1773 mergedachten Furtzlenen ein zwifache durate
1493 1647 2589 1865 Pfewechslen geben, darfür sy ihnen nir 50 fl.
1513 1818 1706 1916 getrichtet.
1491 1935 2440 2102 Eetstlichen ist sy auch bekentlich, das sy zum
1540 2027 2460 2172 Hannz Vutter grett, wann sy widerumb
1520 2110 2523 2267 us banden komme, welle sy es ihme dann wol
1546 2224 1665 2327 mach.
1548 2334 2529 2493 Den 26. wentermonat ist vorgeschlibne win
1551 2455 2524 2580 senen mit ruten geschmeitzt, b gegeichnet
1553 2530 2553 2662 vnnd vff ein geschworen Vrpheilt hin, vonn
1563 2609 2617 2729 hrg kankt unnd gepiet, mit dem eiltver
1575 2691 1883 2805 wißen worden.
