3024 4032
814 279 1471 564 Pater a
751 430 1456 617 Langnome, sunst Glaßer
752 474 1244 669 eid gennh.
561 613 1465 854 Ist Den 6. aug durch mynen hoch
564 709 1513 943 zu Rahtsherren henmer, zum gegenge
564 773 1499 1018 tikeit h. Gabeiel von der baahe
579 880 1534 1116 mit und ohne Marter examimertn
549 953 874 1071 hat bekent.
481 1157 1517 1397 Erstlich. E Hhabe, don vor 4. Jahren zuoder V
572 1265 1516 1457 hafften Verena Bärtedi khundtersomme ge
572 1335 1516 1539 unnd sie vershinnen Martinen ein jahr gsy
567 1423 1498 1570 Ru syn ehewyb verlaßen unnd siderhar nihr
589 1486 1507 1667 theils, mit gemälten Bärtedewrs, zum ra
568 1574 1521 1728 nrswyß umbher gezogen, Habend sich andes
568 1638 1232 1773 wylen sid ehelüth außgäben.
562 1831 1521 1993 Dense sye er hievor mit dem Obeglaut des i
562 1948 1507 2047 3. tag umbher gezogen, habindt zuo Oberbur
566 1997 1500 2138 4. Reiben brotz ein achterli mäl, uß des
1369 2086 1434 2147 E
558 2065 1498 2191 Michelbhuß und auß Moserhausis unß mi
553 2148 1528 2271 4. Reibbroth genommen, darmit gan Rütli gag
555 2215 1531 2350 Da sy dann gefangen und gan Burgdorff getihen,
540 2299 760 2396 worden.
408 2430 1522 2560 Zuo Rofften, habindt synn 3. gefrane, des be
531 2513 1520 2667 Hannß Schwartz Jagge und auß eines auß
567 2591 1517 2704 einen spyches blünderet, zs hän uf der bith
560 2668 1509 2801 syne gsellen habendt strackts den diestal mten
555 2730 1516 2856 anderen getzeilt und imme e rock in Gigeb
534 2793 1529 2937 und budt daruon gäben, habindt aucf bester
538 2854 1514 3019 Allen grobsthuch hinweg geworffen, welches z
531 2929 1512 3138 ufgehaben, daß alleß biß an den hut einem k
560 3060 964 3194 maches verkouffen.
529 3132 1494 3328 Waß den diebstal antreffe, den er jievor lut sr
551 3176 1503 3386 beksandtnuß zur Attigl dem argonwe
555 3259 1492 3452 zuo Mekilchen Verrichten helffen, habe ur sord
1608 241 2585 583 oeen
1610 307 2668 648 a e
1613 387 2633 722 ee e
1613 468 2635 779 tae  te
1621 690 1958 843 te detenter
1568 792 2509 1030 Volgdt Waß er zuo Aitingen
1738 890 2423 1064 mit und othne Martes verzechen.
1624 1027 2724 1229 habe mit huf deß ergauwer Beiniß syneß vverbuben.
1565 1093 2705 1325 zur Moß kilchnacht, vor etwaß zeits zuo meßkilchnacht
1612 1160 2716 1406 uß einem spyches 16 anlegungen und wyßes seinigs
1609 1241 2662 1457 luch gestolet, dauon ime 14 all tuch und s an-
1596 1312 2597 1523 bgungen zuo Theil worden unnd ein wüest alt löckl
1602 1406 2694 1606 ze trinckgäldt, auß dem tuch habe es 6 krägen machen.
1612 1491 2651 1672 haßen, und habe dem Gabi anderthalb ell geschunckt
1595 1571 2659 1730 und daß ander alß 4 und ein halbe kll habe, einem
1598 1659 2718 1807 gewüssen man zuo Zolligekhoffen, mit namen Hüngel
1594 1732 2691 1869 gichel, nachdeme er ime geglaset, und nachwerkz
1603 1816 2708 1955 ein Moßwys getruncken, synes frouwen ze kouffen gaben
1562 2029 1699 2151 Do
1708 2030 2716 2177 Vorlauffen habe er Inn die zwentzig pfundt
1613 2110 2724 2266 halts ysen inn einem offenhuß gestolen, daßelbig habe
1599 2182 2696 2345 er zuo Meßer am Buchenberg verkaufft, daß lb
1597 2246 1873 2364 umb ein batzen
1604 2407 2660 2590 Item in den reütene by Bern, habe ir ein vier
1606 2474 2616 2654 ling köß gestolen, und zuo Waldthusen, ein halb
1581 2528 2650 2742 schweis, wie auch zuo Burgdolff c broß, disere
1595 2606 2732 2818 3. Diestäl hette er schon zuo Bürgdolt da er aurtz¬
1599 2669 2742 2934 lichen 5 tag gefangen geläg bekhandtt, und verracht
1617 2760 2005 2910 sich darumb gebüst¬
1587 2806 2688 3119 Mi dem Schleinch Hanß habe er meinelen nüzit
1616 2944 2705 3227 ählen helffen nit für ein krützer noch vierer wärke,
1602 3033 2619 3281 sonsten habe es mit synes kuntzen genant Verena
1610 3160 1844 3289 hat heffe
1605 3130 2654 3374 artiti niemales nützit eineß krützers wärth
1661 3367 1954 3497 ssgen worden.
1610 3234 2656 3595 dn
1707 3452 2684 3815 anaai
1614 3471 2285 3764 ue
2611 29 2727 145 42
