4032 3024
775 574 884 651 282
1110 574 1821 728 Mbaria Maltert sonst
1175 662 1712 798 Kerßbermtz genant.
871 819 1921 958 Dennach über eingelangtes Schreiben von
894 890 1984 1032 Voregen Er Gn. beliebene wollen, das daselbsten
896 959 1986 1100 wegen Ef Ihhg beklagten gezengen diesstählen,
886 1033 1938 1162 gefrüblich enthalten Magia Waltert sonst
886 1093 1988 1208 kerß berml genant, in allhiesige gefangenschafft
871 1167 1956 1283 fuhren gelassen umb solches daselbsten mit
891 1241 1958 1343 mehrerem über solche diebstahl zuexaminieren,
868 1306 1945 1383 Als habened zu Vollstreckung solchen besolche
880 1363 1943 1460 E. Het. dienere Muldhl. Groß weibel und der
869 1418 1924 1540 Bricht schreiber den 27. diß sich eii die ge¬
875 1488 1887 1584 frngenschafft vorfüegt, und mit dieser
872 1557 1816 1651 persohn folgendes Examen verführt.
899 1639 1190 1752 Wie es haisse
889 1716 1882 1832 Maria Walthert, aus der Kerchhorn dießbach,
874 1810 1395 1919 Warumb es zu Hangen
1664 1822 1755 1919 hore
877 1885 1065 1946 egeben
875 1922 1469 2042 dorvon Wüsse es mit man
1565 1942 1929 2036 so es mit recht
866 1980 1295 2061 verstanden haben.
2016 646 2150 767 183
2183 662 2878 773 Ob es noch seine Elteren habe.
2171 717 2252 803 Ju
2179 819 3224 941 wo rs sich soithor daes allhier ausgescheeitztec.
2168 876 3015 977 worden aufgeholten, und ereehret?
2182 935 3235 1059 theils zu Solothure bey der F. Schultheishen
2171 1012 3206 1113 Josonwaldonen, Alda es gedienet, theels zu
2164 1048 3065 1161 Olten bey einer strümpflißmeren
2167 1111 3236 1260 Was es mit dem heule machen wollen, so es
2143 1189 2712 1305 zu Cauterbach gekaufft.
2151 1295 3251 1406 Es habe solches für den Christen Röhthishorger
2159 1344 3080 1442 den Bücher, so en Teuffer sein soll und
2134 1397 3194 1508 Volothurnischen sich aufhaltet, haufen wollen.
2146 1476 3179 1636 War der anlaas seye, daß man es dründen
2135 1564 2645 1676 zu stangen gefängen
2149 1658 3171 1785 Jenige fraulo von Contorbach so ihme das
2125 1724 2933 1831 Casagl; ontlehnt, seye die Vrsach¬
2137 1789 3213 1919 Es habe ja diesers Casagli und noch eine Jigen
2129 1846 2179 1932 ti
2275 1890 3200 1979 worderen woreischen daselbsten entlende
2123 1910 3174 2042 Herer, es habe das Ensagl, entlehnt gehabt, undt
2133 1983 2176 2028 er
2248 1976 3156 2087 eahlen hern Juppen gestohlen auch haben
2128 2028 3164 2136 die so ins desen beklagt, nicht darauf bestehren
2106 2062 2320 2145 dorffen
