4032 3024
833 547 905 640 796
974 621 1963 802 Anfangs sagdte Es Ga, Es seye darbey gsin
949 723 1968 872 Nachdeme sie aber confrontiert worden, hatt
964 788 1940 937 das Margritke Ihme under augen erhalten,
961 852 1948 983 aß es sich nit bey eröffnung der Cassette
943 916 1971 1063 und des Schreibtischs befunden auch anfangs
954 976 1915 1092 mit darvon gewüßt, biß das Verein die
947 1052 1965 1156 32 thaler Ihme hinauß in die Nebendstu¬
943 1100 1947 1216 Hen (: daselbsten das Margrithe dem Kindt
931 1175 1961 1283 zueßen geben gebracht, Wohl aber hernach
940 1227 1972 1359 als das Verein den Schreibtisch und Cassette
924 1305 1931 1416 nicht wider beschließen können, seye es in die
928 1360 1909 1489 stuben gangen und Ihme selbige wollen
927 1418 1355 1527 beschließen helffen.
949 1493 1954 1623 Ob es dem H. Hauptmann nit mehrers vnd
933 1567 1949 1678 noch anders geldt, als mir die 8. vndt 32
916 1626 1951 1731 thrl. entwendt zumahlen selbiger noch 18
919 1681 1811 1801 Neinde Frantzosische Thaler vormiße.
934 1783 1894 1922 Nein, Es bezeuge höchlich, daß es keinen
905 1880 1917 1972 anderen Pfnung als diese 8. thrl. für Ihns
1748 1973 1851 2080 sind
2064 661 2166 758 297
2185 680 3276 817 Vnd 32 thol. für das Masgrithe genommen
2183 783 3239 863 und Obwohlen noch Gold und anders Geldt in
2181 836 3249 952 dem Schreibtisch sich befunden, so habe Ihns doch
2176 902 3265 1009 sein Hert geschlagen, daß es nit mehr als erst
2169 984 3248 1065 gemelte 8. und 3te Thrl. genommen und also
2170 1020 3238 1137 Bald gewünscht, daß es auch dieses nit gethan
2168 1093 2307 1174 hätte
2108 1149 3252 1283 B. Ob Es und die Kinden Mutter nit zu ande
2176 1237 3249 1335 ren mahlen mehr den Keller schlüßel entzuckt
2170 1312 3219 1403 und hinderrucks des Herren und der Frauwen
2157 1362 2571 1456 Wein genommen.
2120 1451 3187 1551 R Sie haben noch zwey oder dreymahl wein
2164 1508 3207 1608 auß dem Keller allwegen ohngefehrt Ein
2154 1573 3046 1676 Maß genommen, so sie grad getruncken
