4032 3024
874 573 1895 717 Nachdeme nun den 4ten Decembris dieser
870 658 1904 772 Ot abermahlen examiniert und Zured gestoßen
883 717 1871 835 worden, hat Er diese seine gethane bekandt
869 779 1849 900 nuß nochmahlen widerholt7 solchem nach¬
872 837 1474 937 wurde Er weiters befragdt.
866 915 1898 1027 Ob Er mit den Bendicht Gaßer den Müller
861 988 989 1056 kenne
797 1037 1819 1159 besonderbahr mit, Äußert daß Er Ihn
859 1134 1901 1225 einmahl angetroffen, als Er an Erlenbacher
850 1184 1835 1297 Marit gangen, und Ein andermahl seye
847 1248 1870 1358 der Gaßer mit Ihme nach 3t Aubin gangen
844 1324 1897 1424 alda der Gaßer ein Rechen gesucht, Er tz aber
844 1389 1867 1486 fur seinen Schwager eine schuld einziechen
841 1455 1013 1535 sollen.
793 1519 1849 1643 Warumb Er also geflochen, Wie Er gesechen
853 1599 1609 1710 den Provosen gegen Ichme komen
778 1688 1883 1793 Es habe ein gewußes Meisch Ihme angezeigt
838 1753 1878 1857 Er seye verleidet, und Mann werde Ihn ein
828 1814 1878 1923 Ziechen darauff Er so wohl wegen der Schmach
833 1876 1825 1985 als wegen der herben kalte mitfliechen wollen.
686 797 805 894 Kund
680 856 827 924 darauff
671 907 824 992 beharret
2109 613 3298 753 Waß das fur ein Mensch seye, so Ihme solches
2170 704 2394 811 angezeigt
2113 797 3335 906 Er kenne es besunderbahr nit, Es seye ein großes
2162 850 3256 968 Mensch gsin, und Glaube Er daß es des Großen
2140 911 2840 1036 Waltis von Biglen Tochter seye
2144 999 3285 1132 Nachdeme nun der Pfästinsiso bey der letzteren
2158 1102 3292 1205 Examination die ses Etzen gegenwährtig gewesen;
2784 1149 2965 1200 deßelb
2152 1151 3207 1245 nach beschrehenem außtritt gefragdt worden
2143 1219 3235 1333 Ob Er diesen Stz kenne vnd ob Er Einer von
2246 1282 2484 1348 Innigen seye.
2160 1275 3285 1394 denen gewesen, so Ichne also tractiert vnd Ihme
2380 1337 2551 1405 genomment
2142 1361 3288 1443 sein geldt: Sagdte Er darauff daß Er der
2147 1413 3225 1511 Jnzige von denen dreyen so mit Ihme gangen
2151 1473 3309 1580 zwar wohl so lang als der bty aber seines er achten
2143 1534 3195 1628 mit so besetzt gewesen vnd sit so viel bart gehabt.
2149 1597 3244 1694 und könte Er keinen Eydt thun daß es dieser Otz
2149 1659 3234 1774 gGewesen, aber viel eher einen Eydt thun daß Ers
2139 1736 2401 1846 nit gewesen
