4032 3024
791 513 863 575 10
915 571 2022 745 ObEs nit auch Einen der Allen Fridlin genant
913 664 1063 739 kenne
934 762 1496 873 Nein: Es kennr Ihn nit
833 752 908 879 .
931 873 1741 999 Ob Es nit den Rohtzeiger kenne
832 868 902 977 E.
844 988 886 1053 A
918 981 1956 1118 Ja es kenne den Rohtgeyger, Es habe Ihn
915 1052 1948 1187 ift im Göuw Collothurner Gebiets gesechen
910 1118 1529 1238 dein Mann kenne in auch
835 1186 919 1289 2.
915 1198 1959 1334 Ob Es nit auch den Mutzger Castar vnd das
897 1266 1352 1363 Moos Ann kenne
933 1335 1542 1461 ein Es kenne diese nit¬
870 1335 922 1438 E.
851 1458 904 1538 E.
917 1444 1974 1566 Ob Es nit auch zu Zutters koffen auch bey seinem
875 1522 1901 1622 Mann Gsin als sie daselbsten eingebrochen.
864 1564 1919 1677 kein Es seye damahlen an Einem anderen
888 1622 1078 1720 Ehrt gsu
820 1717 1951 1826 G. Wer dann damahlen zu Luttigkoffen bey seinem
880 1769 1122 1853 Mann 9sin
835 1824 1928 1951 R. der Suppenschreiber georg, Vnd noch Einer
882 1906 1961 2015 den es nit wuße wie Erheiße. Actum vorstaht.
2093 614 2186 701 101
2313 587 2505 680 etet
2469 630 3376 782 Seamen mit hie vorgemelten
2413 737 3085 898 Asfar Spring.
2179 894 3338 1039 Den 24ten Marti a714. hatt Missl.
2206 984 3303 1093 Rahts herr Frisching zuvolt Oberkeitlichen
2213 1048 3310 1154 befelchs de Dito mit Zuzeuchung Ihr Gel.
2211 1109 3262 1208 dieneren M Rhl. Großweibel Imhoffs
2197 1181 3337 1272 und des Grichtschreibers sich in die Gefangenschaft
2190 1220 3310 1304 begeben den daselbst enthaltenen Gastar Spring
2201 1276 3301 1361 von Stästis Burg, egen vor dem UnderRichter
2194 1344 3307 1430 zu Atingen bekandten diebstahls und anderen
2190 1398 3141 1499 beklagdten Sachenhalb zu examinieren
2194 1508 3212 1616 Auß Waß ursachen Er eingezogen worden?
2125 1427 2188 1590 2
2131 1585 3272 1694 R. Er seye im Tschepbach mit denen Kinden vndt
2182 1656 3284 1760 dem Weib übernacht gsin alda sie im Wührtshaus
2179 1709 3258 1823 umb 2. b. fleisch gekaufft und zunacht gesten
2161 1776 3246 1886 da habe sie ein gewüßer Mann Verklagdt, daß
2165 1821 3217 1933 sie so köschlich eßen, worauf mann Sie einge¬
2161 1883 2296 1970 Zogen
2905 1936 2985 2011 Ver
2171 1947 3219 2085 Wer der Mann seye, so sie deßen beklagdt?
