4032 3024
781 517 850 611 90.
888 565 1993 742 Er bätte umb GBottes Willen umb Verzeichung
877 642 1963 768 Er wüßte mit waß darfür guht wäre Er habe
878 709 1957 829 damahlen nur nit gewußt, daß das Mensch
870 780 1986 899 schwanger gsin, dann es Ihms zu vor niemahle
876 838 1107 919 angezeigt
826 930 876 1013 E.
887 911 1962 1067 Ob Er nit wuße ob es etwas eingenommen habe
875 993 1414 1087 das Kindt abzutreiben?
882 1070 1308 1173 Er wuße gar mit
799 1079 855 1184 d.
874 1193 1952 1316 Ob Er nit dieses unaußgetragenen Kindts Vatter
780 1211 853 1304 E.
847 1290 979 1372 Gsey.
808 1334 1918 1465 Er wuße solches nit zusagen dann das Mensch
839 1419 1544 1519 seyn nit alleZeit bey Ihme gsin
857 1488 1946 1605 WWaß dieses Mensch als es zu bber Burg sterben
764 1489 856 1623 2
839 1565 1856 1675 wollen, vor seinem todt mit Ihme geredt habe
762 1658 1871 1769 R. Es habe Ihn gefragdt, Ob Er das Kindt so zu
823 1723 1912 1822 synigen getauft worden zu Ihm nemen wolle,
818 1786 1850 1889 da habe Er gesagdt, wann Es Ihms ziechen
833 1842 1820 1952 nöge, und als hierauff die Zeit angezeigt
1732 1954 1884 2040 Wann
2107 614 2197 708 91
2185 640 3322 764 Wann es seye schwanger worden, habe sein bruder
2224 724 3292 845 so auch zugegen gewesen, solches außgerechnet, und
2234 802 3293 917 befunden, daß es Ihme bey 9. Wuchen mit ziechen
2243 860 2351 940 möge
2218 916 3293 1043 eilen nun auß diesem Wohlli ohngeacht alles
2236 990 3274 1089 ernstlichen Zusprechens kein mehrers zu bringen
2212 1059 3301 1154 zewesen, als hatt Michhl. Enaminator es darbey
2212 1101 2944 1207 bewenden laßen. Actum Vorstahl.
