4032 3024
752 581 872 688 278
1052 624 1776 759 Johannes Baumarir
1189 694 1550 820 von dieß bach
889 761 1947 946 Weiters ist auch examiniert worden Johan¬
887 854 1929 976 nes Saumann von dieß bach so verwichener
895 922 1959 1036 Tagen ob einem Vermuhtlich vorgehabten Pfert
891 970 1932 1107 diebstahl erdappet und gefängklich eingesetzt
883 1029 1048 1125 worden
886 1098 1956 1217 Ward demnach befragdt, Ob der H. Oberherr von
892 1158 1958 1264 dieß bach Ihne nit auß dem disteut seiner Herr¬
874 1202 1973 1335 schafft bannisiert und Ihme verbotten habe ohne
860 1299 1947 1383 seine Bewilligung nit wider darein zukehren.
804 1352 1909 1497 Antw. Ja Er habe Ihn auß seiner Herrschafft
870 1444 1095 1530 Verwiesen
908 1529 1674 1657 Wo Er sich seithar auß gehalten
879 1662 1948 1761 Er habe seithar zu Morser einen Kupfer Brunen
881 1719 1938 1827 zr aben helfen und sonsten gearbeitet, seye her¬
864 1808 1918 1888 nach gen Nemdenburg komen, vnd daselbst
850 1845 1915 1952 herren Professor Scheurer angetroffen, der
851 1915 1871 2022 Ihme Versprochen mit dem Iken Oberherren
1657 2000 1931 2096 seinethalben
2045 672 2143 795 279
2165 684 3279 812 einethalben zureden. Nachwehrts habe Er auch zu
2160 776 3269 847 einer frauwen wollen, und selbige zu dem Ober¬
2140 827 2478 940 herren schicken
2051 911 3278 1049 Z. Wo Er den Christen Burck angetroffen
2105 1026 3238 1131 R. vorgestern zu Kappelen, Er habe Ihn zu vor
2145 1079 2644 1183 niemahlen gekennt.
2057 1161 2961 1281 E. Wo der Bäwck hingangen seye.
2096 1222 3223 1369 R. Er habe gesagdt Er wolle auff blumen stein
2150 1324 2377 1423 nach hauß
2149 1403 3208 1522 Ob Sie nit mit Einanderen Abgeredt das
2130 1479 2741 1584 Roß zu Kersatz gestählen
2164 1563 2278 1655 Nein
2121 1627 3226 1765 Repliciert Warumb Er dann geflohen seyn?
2137 1713 2644 1808 als Leuth dar zu kommen
2068 1792 3165 1914 R. das geschrey der Bauwren, so dem Burck
2122 1877 3229 1963 welcher zu dem Roßgangen, und wie Er glaube
2113 1946 3199 2034 selbiges Wegnemenwollen;) nachgezagdt, habe
3007 2007 3126 2111 Ihn
