4032 3024
895 590 1957 719 keiters bekennte Er, daß Er in dem anderen
874 660 1877 790 aden unden für dem vorigen, zwey stücklin
844 723 1966 861 Riband deren das Einte 4: das andere 5. Ellen
842 778 1951 908 gehalten, entwendt, die habe Er volgends das
816 831 1951 968 Einte stücklin Einem Kerli so zu Krieg gedinget
828 896 1920 1027 umb 4. by. und das andere stucklin einer
829 957 1530 1076 Magdt umb 3. b. verkaufft
814 1052 1911 1163 So habe Er auch an der Metzger Gaßen unden
823 1113 1925 1240 für dem Schlußel auß einem Ladelin ein ge¬
817 1173 1938 1293 strichlets halbsuch entwendt, welches Er einem
808 1232 1909 1360 Maydtlin so gegen Hölligen gangen Vmb 3t R.
792 1291 1028 1385 Verkaufft
804 1374 1927 1489 Vnd Endtlichen bekennte Err daß seines Vatters
811 1458 1907 1563 Bruders Sohn, ein kleiner vus beutin horn ge¬
807 1519 1893 1597 nant von Schupfen auch zuweilen in der Statt
793 1561 1421 1672 herumb streiche und stähle
778 1624 1903 1770 Dieses ist das Jenige so von diesem Kerli durch
787 1698 1776 1821 Guetliches Examen hervorgebracht worden.
774 1751 1157 1862 Actum Vorstaht.
708 568 843 629 A ist
709 608 852 663 des Ar¬
701 652 833 714 thands
2093 592 2176 662 51
2382 619 3338 768 aniel Schmidt firi Metyger¬
2392 700 3122 803 knecht gebührtig von Ar Anw
2180 779 3337 885 Nach deme dieser Schmidt wegen Eines dem
2190 860 3328 937 Vstr Anthon Schar dem wullwäher Verwichener
2184 913 3279 1003 Tagen entwendten stuck tuchs, gefängtlich einge¬
2189 965 2915 1067 zogen. Ist Er darauff den 6te
2918 962 3280 1045 hujus durch Ihr
2178 1008 3317 1132 Hnl. dienere Mi Rhl. Großweibel Inhocft vnd
2180 1073 3307 1171 den Grichtschreiber, so wohl des obanzognen Ent¬
2182 1127 3310 1226 wendten stucks Tuch, als anderen beklagdten dies
2174 1186 3269 1304 sahlen halben ernstwörtiglichen examiniert
2182 1243 3253 1348 und darauf volgende Bekandtnuß von Ihme
2172 1313 2572 1419 erhalten worden
2059 1367 3238 1478 Befragdt, Wie Er heiße, waß alters vnd von
2174 1455 2566 1545 wannen Er seye
2077 1522 3313 1626 Antwort Er heiße daniel Schmidt, seye von Araus
2172 1571 3016 1689 und ohngefehrt bey 19. Jahren alt.
2169 1654 3259 1769 Wie lang Er sich alhier vmb die Statt vnd bey
2168 1728 2747 1835 wein Er sich aufgehalten
2162 1786 3289 1916 Er befinde sich seit verwichenem herpst alhier
2167 1873 3238 1964 und habe dem Jacob werthl. seinem Vettere
2154 1939 3202 2031 wirth bym Herren Vogel als ein Metzgar knecht
2145 1986 2396 2090 gedienet.
3073 2011 3148 2141 2
