4032 3024
758 560 820 619 22
796 572 1925 693 Ja Er habe fehrn oder das vorder Jahr mit
871 647 1943 781 demselben im Oberland dem H. Willading Ertz
854 719 1019 811 graben
753 781 1952 899 Ob Er und der Veldislahm nit auch an Einem
856 855 1873 954 anderen Ohrt ohnlängsten bey Ein anderen
844 935 1779 1009 Isin, und wo Er denselben angetroffen.
754 997 1919 1111 Er habe den Veldis den vergangenen Gantzen
843 1069 1258 1161 herbst nie gesechen
752 1157 1923 1273 Ob Er nit auch den Nilaus Pfästli kenne
781 1260 1879 1361 Er bätte umb Gottes willen zuglauben
855 1327 1905 1415 daß Er wegen dieses Pfästlins gantz un¬
823 1397 1914 1487 schuldig, Er kenne den Pfäßlin mit, und be¬
841 1457 1857 1558 Zeuge bey seinem heil und guhten gewaßen
835 1515 1872 1625 daß Er überal von des Pfäßlins sach nichts
817 1591 1002 1696 Wuße
805 1660 1836 1780 Repliciert, Es könne nicht wohl anders
833 1739 1873 1833 seyn, dann daß Er Einer von denen gesellen
827 1794 1821 1895 seye, so den Pfästlin im Lochi angefallen
829 1852 1831 1958 weilen Er selbigen Tags dorth herumb sich
832 1916 1023 2012 befunden
1619 1955 1712 2058 E.
2064 610 2143 704 23
2137 654 3306 768 Er seye selbigen Abends zu seinem Bruder gen
2206 734 3308 843 töschigen gangen, bey Ihme übernacht gebliben
2201 820 3302 909 und biß am morgen nit mahl wider zum Hauß
2196 857 2508 953 Einaußkommen
2115 930 3267 1043 Ob Er mit ein Pferdt entwendt, und solches
2209 993 3269 1105 dem H. Predicanten zu Rechigen verkauft
2113 1078 3181 1188 lein, Ein solches habe Er niemahlen gethan
2099 1166 3237 1280 Ob Er nit vom Hanns Aschlimann einen
2170 1241 3288 1354 halben faltschen Funspfundler empfangen.
2109 1354 2592 1456 Nein Niemahlen
2080 1463 3251 1580 Ob Er mit dem Jungen Ingold angehalten
2172 1532 3285 1636 daß Er Ihme einen faltschen Mungstempfel
2160 1597 2445 1697 machen solle
2105 1657 3237 1778 solches seye Ihme Niemahl in Sinn kommen
2142 1741 3225 1842 Es habe der alte Ingold zu Langnanw Ihme
2151 1803 3213 1901 einmahl ein fusit schloß gemacht, welches Er
2135 1855 3266 1958 otz doch mit selbsten abgeholt, sonderen sein bruder,
2908 1977 3170 2085 Hanns
