<?xml version="1.0" encoding="UTF-8" standalone="yes"?>
<PcGts xmlns="http://schema.primaresearch.org/PAGE/gts/pagecontent/2013-07-15" xmlns:xsi="http://www.w3.org/2001/XMLSchema-instance" xsi:schemaLocation="http://schema.primaresearch.org/PAGE/gts/pagecontent/2013-07-15 http://schema.primaresearch.org/PAGE/gts/pagecontent/2013-07-15/pagecontent.xsd">
    <Metadata>
        <Creator>prov=University of Rostock/Institute of Mathematics/CITlab|PLANET AI GmbH/Gundram Leifert/gundram.leifert@planet-ai.de:name=Transkribus German Kurrent M2(htr_id=29820)::::v=2.6.7
prov=University of Rostock/Institute of Mathematics/CITlab|PLANET AI GmbH/Tobias Gruening/tobias.gruening@planet-ai.de:name=de.uros.citlab.module.baseline2polygon.B2PSeamMultiOriented:v=2.6.7
prov=University of Rostock/Institute of Mathematics/CITlab|PLANET AI GmbH/Tobias Gruening/tobias.gruening@planet-ai.de:name=/net_tf/LA73_249_0mod360.pb:de.uros.citlab.segmentation.CITlab_LA_ML:v=2.6.7
Transkribus</Creator>
        <Created>2022-05-02T16:14:02.118+02:00</Created>
        <LastChange>2023-05-09T21:20:16.688+02:00</LastChange>
        <TranskribusMetadata docId="1336519" pageId="52421082" pageNr="44" tsid="121356009" status="IN_PROGRESS" userId="68497" imgUrl="https://files.transkribus.eu/Get?id=CWZALQKFQSDNAQMJFWFQVQZY&amp;fileType=view" xmlUrl="https://files.transkribus.eu/Get?id=KVGVCSWFGTGHUFSZBGLRVUHF" imageId="30694822"/>
    </Metadata>
    <Page imageFilename="IMG_7246.jpg" imageWidth="4032" imageHeight="3024">
        <ReadingOrder>
            <OrderedGroup id="ro_1687513554420" caption="Regions reading order">
                <RegionRefIndexed index="0" regionRef="r1"/>
                <RegionRefIndexed index="1" regionRef="r2"/>
                <RegionRefIndexed index="2" regionRef="region_1673427009526_2858"/>
                <RegionRefIndexed index="3" regionRef="region_1673426993574_2851"/>
                <RegionRefIndexed index="4" regionRef="r3"/>
            </OrderedGroup>
        </ReadingOrder>
        <TextRegion orientation="0.0" type="page-number" id="r1" custom="readingOrder {index:0;} structure {type:page-number;}">
            <Coords points="764,425 765,565 838,563 837,423"/>
            <TextLine id="r1l1" custom="readingOrder {index:0;}">
                <Coords points="779,521 794,521 804,510 811,510 811,459 801,459 799,457 797,459 794,456 789,459 786,456 779,456"/>
                <Baseline points="786,515 804,515"/>
                <TextEquiv>
                    <Unicode>8</Unicode>
                </TextEquiv>
            </TextLine>
            <TextEquiv>
                <Unicode>8</Unicode>
            </TextEquiv>
        </TextRegion>
        <TextRegion orientation="0.0" type="paragraph" id="r2" custom="readingOrder {index:1;} structure {type:paragraph;}">
            <Coords points="881,572 881,1821 1935,1815 1935,566"/>
            <TextLine id="r2l2" custom="readingOrder {index:0;} person {offset:7; length:8;}">
                <Coords points="909,622 1312,640 1412,676 1452,648 1631,660 1708,708 1921,715 1926,659 1817,666 1650,603 1549,621 1442,578 1402,608 1177,542 915,556"/>
                <Baseline points="918,612 967,614 1017,617 1067,620 1117,621 1167,625 1216,627 1266,631 1316,634 1366,638 1416,641 1465,646 1515,651 1565,656 1615,661 1665,666 1714,673 1764,680 1814,687 1864,696 1914,704"/>
                <TextEquiv>
                    <Unicode>Ob der Mäßerlin Ihme nit angezeigt</Unicode>
                </TextEquiv>
            </TextLine>
            <TextLine id="r2l3" custom="readingOrder {index:1;}">
                <Coords points="895,698 1012,729 1099,692 1162,723 1235,701 1317,744 1404,714 1666,751 1668,712 1623,684 1565,695 1534,664 1412,680 1305,648 1069,656 1035,630 900,622"/>
                <Baseline points="903,687 940,687 978,687 1016,689 1054,690 1092,692 1129,693 1167,695 1205,698 1243,700 1281,703 1318,706 1356,710 1394,714 1432,716 1470,720 1507,723 1545,726 1583,730 1621,732 1659,735"/>
                <TextEquiv>
                    <Unicode>Wo Er denselben har bekommen</Unicode>
                </TextEquiv>
            </TextLine>
            <TextLine id="r2l5" custom="readingOrder {index:2;} person {offset:12; length:8;}">
                <Coords points="897,796 1450,819 1592,869 1782,852 1922,892 1947,804 1554,759 1378,776 1291,725 1071,765 997,711 904,705"/>
                <Baseline points="905,783 956,784 1008,786 1059,789 1111,792 1162,795 1214,800 1265,804 1317,808 1368,812 1420,818 1471,823 1523,827 1574,832 1626,838 1677,842 1729,847 1780,851 1832,855 1883,858 1935,861"/>
                <TextEquiv>
                    <Unicode>Es habe der Mäßerlin Als Er Ihn deßt¬</Unicode>
                </TextEquiv>
            </TextLine>
            <TextLine id="r2l6" custom="readingOrder {index:3;}">
                <Coords points="893,848 973,882 1033,854 1076,889 1389,882 1419,911 1575,884 1648,936 1788,902 1905,937 1926,901 1851,870 1803,893 1748,852 1676,879 1496,835 1432,857 1373,818 895,815"/>
                <Baseline points="900,843 950,846 1001,848 1052,852 1103,855 1154,858 1205,862 1255,866 1306,869 1357,874 1408,878 1459,882 1510,887 1561,890 1611,894 1662,899 1713,903 1764,907 1815,911 1866,917 1917,920"/>
                <TextEquiv>
                    <Unicode>wegen gefragdt, vorgeben Er habe den</Unicode>
                </TextEquiv>
            </TextLine>
            <TextLine id="r2l7" custom="readingOrder {index:4;} place {offset:10; length:7;}">
                <Coords points="883,926 1934,981 1884,921 1652,942 1572,897 1440,918 1352,881 1072,890 1033,854 965,890 887,873"/>
                <Baseline points="891,917 942,918 994,920 1046,921 1098,924 1149,927 1201,930 1253,933 1305,936 1356,940 1408,944 1460,947 1512,951 1563,954 1615,958 1667,962 1719,966 1770,969 1822,972 1874,977 1926,980"/>
                <TextEquiv>
                    <Unicode>Anken von Gertzen sie bekommen und wolle</Unicode>
                </TextEquiv>
            </TextLine>
            <TextLine id="r2l8" custom="readingOrder {index:5;}">
                <Coords points="890,978 1034,1021 1168,996 1277,1042 1384,1018 1474,1060 1614,1041 1867,1081 1871,1018 1692,957 1364,981 1266,945 1097,968 1009,922 892,935"/>
                <Baseline points="897,977 945,980 993,983 1041,985 1090,988 1138,990 1186,992 1234,995 1283,998 1331,1001 1379,1004 1427,1007 1476,1010 1524,1013 1572,1017 1620,1020 1669,1025 1717,1030 1765,1035 1813,1039 1862,1046"/>
                <TextEquiv>
                    <Unicode>selbigen hinab seinem Weib zuferggen</Unicode>
                </TextEquiv>
            </TextLine>
            <TextLine id="r2l9" custom="readingOrder {index:6;}">
                <Coords points="788,1123 1246,1099 1368,1157 1534,1170 1628,1131 1933,1169 1936,1116 1650,1057 1560,1107 1252,1020 1092,1071 1025,1036 792,1054"/>
                <Baseline points="798,1083 854,1086 910,1088 967,1091 1023,1094 1080,1096 1136,1100 1192,1103 1249,1105 1305,1109 1362,1113 1418,1116 1474,1120 1531,1123 1587,1127 1644,1132 1700,1135 1756,1139 1813,1143 1869,1146 1926,1151"/>
                <TextEquiv>
                    <Unicode>Ob Er nit gewußt daß Er denselben gestohlen</Unicode>
                </TextEquiv>
            </TextLine>
            <TextLine id="r2l10" custom="readingOrder {index:7;}">
                <Coords points="882,1167 901,1171 914,1162 927,1165 942,1156 959,1167 967,1160 1000,1160 1002,1121 994,1120 979,1105 967,1100 957,1102 950,1094 935,1089 923,1097 917,1092 911,1098 887,1089"/>
                <Baseline points="891,1148 916,1149 942,1151 967,1151 993,1154"/>
                <TextEquiv>
                    <Unicode>habe</Unicode>
                </TextEquiv>
            </TextLine>
            <TextLine id="r2l12" custom="readingOrder {index:8;}">
                <Coords points="892,1253 1563,1274 1685,1316 1936,1293 1938,1231 1901,1210 1492,1233 1248,1177 1048,1206 895,1178"/>
                <Baseline points="900,1241 951,1243 1002,1247 1054,1249 1105,1251 1157,1254 1208,1256 1259,1258 1311,1260 1362,1262 1414,1263 1465,1265 1516,1268 1568,1269 1619,1271 1671,1272 1722,1275 1773,1277 1825,1280 1876,1281 1928,1284"/>
                <TextEquiv>
                    <Unicode>Nein Er habe von dem diebstahl gar mit</Unicode>
                </TextEquiv>
            </TextLine>
            <TextLine id="r2l13" custom="readingOrder {index:9;}">
                <Coords points="867,1333 902,1330 930,1308 962,1307 1011,1342 1039,1343 1066,1325 1124,1349 1129,1248 1098,1257 1052,1249 1004,1266 940,1248 922,1257 897,1249 870,1255"/>
                <Baseline points="875,1305 902,1304 929,1304 956,1305 983,1307 1010,1309 1037,1311 1064,1312 1091,1313 1118,1314"/>
                <TextEquiv>
                    <Unicode>Gewußt.</Unicode>
                </TextEquiv>
            </TextLine>
            <TextLine id="r2l14" custom="readingOrder {index:10;}">
                <Coords points="1659,1409 1675,1413 1703,1398 1720,1409 1751,1395 1772,1405 1815,1388 1835,1402 1855,1394 1881,1413 1918,1399 1933,1407 1934,1363 1888,1345 1840,1367 1742,1339 1730,1346 1662,1335"/>
                <Baseline points="1668,1382 1693,1383 1719,1383 1745,1385 1771,1385 1797,1386 1822,1387 1848,1388 1874,1391 1900,1391 1926,1394"/>
                <TextEquiv>
                    <Unicode>gestohlne sachen</Unicode>
                </TextEquiv>
            </TextLine>
            <TextLine id="r2l16" custom="readingOrder {index:11;} person {offset:7; length:7;}">
                <Coords points="876,1436 995,1406 1280,1452 1332,1427 1459,1462 1858,1461 1903,1454 1905,1408 1579,1386 1532,1411 1403,1368 1320,1405 879,1358"/>
                <Baseline points="885,1406 935,1406 986,1407 1036,1409 1087,1410 1137,1413 1188,1415 1238,1418 1289,1421 1339,1423 1390,1426 1441,1428 1491,1430 1542,1433 1592,1436 1643,1438 1693,1439 1744,1440 1794,1440 1845,1441 1896,1440"/>
                <TextEquiv>
                    <Unicode>Ob der Maßerli nit auch andere diebstähl</Unicode>
                </TextEquiv>
            </TextLine>
            <TextLine id="r2l17" custom="readingOrder {index:12;}">
                <Coords points="876,1467 938,1497 1015,1462 1726,1538 1892,1502 1894,1464 878,1430"/>
                <Baseline points="884,1458 934,1460 984,1463 1034,1466 1084,1469 1134,1472 1184,1475 1234,1478 1284,1481 1334,1484 1384,1487 1434,1490 1484,1493 1534,1496 1584,1499 1634,1500 1684,1502 1734,1503 1784,1505 1834,1505 1884,1505"/>
                <TextEquiv>
                    <Unicode>mehr in den stall gebracht und versteckt.</Unicode>
                </TextEquiv>
            </TextLine>
            <TextLine id="r2l18" custom="readingOrder {index:13;}">
                <Coords points="860,1596 1162,1575 1239,1607 1546,1628 1691,1600 1693,1544 1527,1501 1472,1533 1424,1514 1302,1541 1265,1513 1100,1540 1035,1506 998,1528 863,1515"/>
                <Baseline points="869,1551 909,1554 950,1557 991,1559 1031,1561 1072,1563 1113,1565 1153,1566 1194,1567 1235,1569 1276,1571 1316,1572 1357,1574 1398,1575 1438,1577 1479,1578 1520,1581 1560,1584 1601,1585 1642,1589 1683,1592"/>
                <TextEquiv>
                    <Unicode>Er habe gar mit anders gesechen</Unicode>
                </TextEquiv>
            </TextLine>
            <TextLine id="r2l20" custom="readingOrder {index:14;}">
                <Coords points="855,1678 1332,1688 1486,1738 1899,1716 1901,1663 1759,1646 1460,1672 1352,1628 1249,1659 1033,1607 858,1622"/>
                <Baseline points="863,1662 914,1665 965,1668 1017,1671 1068,1674 1120,1677 1171,1680 1223,1683 1274,1686 1326,1688 1377,1691 1428,1693 1480,1695 1531,1697 1583,1700 1634,1701 1686,1702 1737,1703 1789,1704 1840,1704 1892,1704"/>
                <TextEquiv>
                    <Unicode>beharret auch alles Ernstlichen Zusprechens</Unicode>
                </TextEquiv>
            </TextLine>
            <TextLine id="r2l21" custom="readingOrder {index:15;}">
                <Coords points="855,1754 936,1728 1011,1762 1142,1741 1438,1791 1872,1798 1874,1748 1719,1720 1516,1736 1413,1695 1376,1723 1120,1674 858,1697"/>
                <Baseline points="864,1719 914,1724 964,1728 1014,1730 1064,1733 1114,1736 1164,1739 1214,1742 1264,1744 1314,1746 1365,1748 1415,1750 1465,1752 1515,1754 1565,1757 1615,1758 1665,1761 1715,1763 1765,1766 1815,1769 1866,1772"/>
                <TextEquiv>
                    <Unicode>ohngeachtet auff diesem seinem Vorgeben.</Unicode>
                </TextEquiv>
            </TextLine>
            <TextLine id="r2l22" custom="readingOrder {index:16;}">
                <Coords points="846,1804 938,1795 979,1812 1018,1794 1047,1818 1189,1830 1192,1761 1155,1766 1082,1747 1009,1763 944,1729 848,1760"/>
                <Baseline points="855,1787 880,1788 905,1788 930,1788 956,1790 981,1791 1006,1793 1032,1794 1057,1795 1082,1796 1108,1797 1133,1799 1158,1799 1184,1800"/>
                <TextEquiv>
                    <Unicode>Actum obstahl.</Unicode>
                </TextEquiv>
            </TextLine>
            <TextEquiv>
                <Unicode>Ob der Mäßerlin Ihme nit angezeigt&#13;
Wo Er denselben har bekommen&#13;
Es habe der Mäßerlin Als Er Ihn deßt¬&#13;
wegen gefragdt, vorgeben Er habe den&#13;
Anken von Gertzen sie bekommen und wolle&#13;
selbigen hinab seinem Weib zuferggen&#13;
Ob Er nit gewußt daß Er denselben gestohlen&#13;
habe&#13;
Nein Er habe von dem diebstahl gar mit&#13;
Gewußt.&#13;
gestohlne sachen&#13;
Ob der Maßerli nit auch andere diebstähl&#13;
mehr in den stall gebracht und versteckt.&#13;
Er habe gar mit anders gesechen&#13;
beharret auch alles Ernstlichen Zusprechens&#13;
ohngeachtet auff diesem seinem Vorgeben.&#13;
Actum obstahl.</Unicode>
            </TextEquiv>
        </TextRegion>
        <TextRegion type="page-number" id="region_1673427009526_2858" custom="readingOrder {index:2;} structure {type:page-number;}">
            <Coords points="2228,740 2053,740 2053,604 2228,604"/>
            <TextLine id="line_1673427024732_2864" custom="readingOrder {index:0;}">
                <Coords points="2171,687 2069,687 2069,637 2171,637"/>
                <Baseline points="2171,642 2069,642"/>
                <TextEquiv>
                    <Unicode></Unicode>
                </TextEquiv>
            </TextLine>
            <TextEquiv>
                <Unicode></Unicode>
            </TextEquiv>
        </TextRegion>
        <TextRegion type="heading" id="region_1673426993574_2851" custom="readingOrder {index:3;} structure {type:heading;}">
            <Coords points="3206,779 2313,779 2313,601 3206,601"/>
            <TextLine id="r3l1" custom="readingOrder {index:0;} person {offset:0; length:14;}">
                <Coords points="2456,735 2748,685 2777,709 2892,714 3158,700 3158,629 3024,663 2955,628 2837,638 2728,605 2683,632 2456,610"/>
                <Baseline points="2463,690 2497,690 2531,692 2566,692 2600,692 2634,692 2669,692 2703,692 2737,692 2772,692 2806,692 2840,692 2875,692 2909,692 2943,692 2978,692 3012,693 3046,693 3081,694 3115,695 3150,696"/>
                <TextEquiv>
                    <Unicode>Vilhelm Bucher vnd</Unicode>
                </TextEquiv>
            </TextLine>
            <TextLine id="r3l2" custom="readingOrder {index:1;}">
                <Coords points="2396,709 2414,714 2430,706 2439,695 2455,693 2450,608 2438,607 2434,611 2430,608 2389,611"/>
                <Baseline points="2402,698 2448,695"/>
                <TextEquiv>
                    <Unicode>V</Unicode>
                </TextEquiv>
            </TextLine>
            <TextLine id="r3l3" custom="readingOrder {index:2;} person {offset:0; length:12;}">
                <Coords points="2433,785 2478,761 2575,774 2606,760 2878,807 2877,707 2844,695 2797,713 2756,690 2672,711 2642,695 2603,728 2551,716 2497,737 2433,713"/>
                <Baseline points="2441,771 2466,766 2491,762 2516,759 2541,758 2567,756 2592,756 2617,756 2642,756 2668,757 2693,758 2718,758 2743,759 2769,760 2794,761 2819,761 2844,759 2870,758"/>
                <TextEquiv>
                    <Unicode>Hannt Wahtli</Unicode>
                </TextEquiv>
            </TextLine>
            <TextEquiv>
                <Unicode>Vilhelm Bucher vnd&#13;
V&#13;
Hannt Wahtli</Unicode>
            </TextEquiv>
        </TextRegion>
        <TextRegion orientation="0.0" type="paragraph" id="r3" custom="readingOrder {index:4;} structure {type:paragraph;}">
            <Coords points="2089,807 2070,2112 3321,2109 3340,804"/>
            <TextLine id="r3l4" custom="readingOrder {index:0;} person {offset:32; length:5;}">
                <Coords points="2169,903 2476,930 2617,897 2719,946 2957,896 3064,936 3328,927 3328,846 3216,819 2957,853 2489,817 2423,857 2169,814"/>
                <Baseline points="2177,911 2234,908 2291,906 2348,903 2405,902 2463,902 2520,900 2577,900 2634,900 2691,900 2749,902 2806,902 2863,903 2920,903 2977,905 3035,905 3092,905 3149,905 3206,906 3263,905 3321,905"/>
                <TextEquiv>
                    <Unicode>Den 12te Marti 1714. hat Muhhl. Bactz</Unicode>
                </TextEquiv>
            </TextLine>
            <TextLine id="r3l5" custom="readingOrder {index:1;} person {offset:9; length:10;}">
                <Coords points="2169,978 2610,961 2730,1000 2786,969 3280,965 3280,932 3200,909 2963,939 2910,904 2808,947 2169,903"/>
                <Baseline points="2177,966 2231,966 2286,965 2341,965 2396,963 2450,963 2505,962 2560,962 2615,962 2669,962 2724,960 2779,960 2834,960 2888,960 2943,960 2998,962 3053,962 3107,962 3162,963 3217,963 3272,965"/>
                <TextEquiv>
                    <Unicode>Ditector Augsfürger zu volg Oberkeitlichen</Unicode>
                </TextEquiv>
            </TextLine>
            <TextLine id="r3l6" custom="readingOrder {index:2;}">
                <Coords points="2197,1028 2910,1022 2952,1054 3003,1018 3050,1059 3159,1020 3196,1057 3289,1045 3289,958 3085,996 2197,977"/>
                <Baseline points="2205,1016 2258,1017 2312,1017 2366,1017 2420,1017 2474,1017 2528,1017 2581,1017 2635,1017 2689,1017 2743,1017 2797,1017 2851,1017 2905,1017 2958,1017 3012,1017 3066,1018 3120,1019 3174,1020 3228,1022 3282,1023"/>
                <TextEquiv>
                    <Unicode>beselchs, de Ebn dito, mit zuzeuchung Mo ith.</Unicode>
                </TextEquiv>
            </TextLine>
            <TextLine id="r3l7" custom="readingOrder {index:3;}">
                <Coords points="2188,1118 2329,1069 2518,1109 2561,1075 2614,1108 2870,1067 3207,1097 3282,1079 3282,1047 3165,1019 3055,1055 2733,1020 2621,1053 2562,1022 2187,1034"/>
                <Baseline points="2195,1082 2249,1077 2303,1075 2357,1071 2411,1070 2465,1068 2519,1068 2573,1068 2627,1068 2681,1068 2735,1068 2789,1068 2843,1070 2897,1070 2951,1071 3005,1071 3059,1071 3113,1071 3167,1071 3221,1071 3275,1070"/>
                <TextEquiv>
                    <Unicode>Großweibel Imhoofft, die in der Gefangen</Unicode>
                </TextEquiv>
            </TextLine>
            <TextLine id="r3l8" custom="readingOrder {index:4;} person {offset:36; length:7; continued:true;}">
                <Coords points="2177,1172 2315,1135 2425,1173 2509,1132 2655,1162 2706,1124 2865,1161 2937,1129 3289,1158 3288,1087 2611,1108 2560,1076 2518,1109 2331,1070 2176,1119"/>
                <Baseline points="2183,1140 2237,1139 2292,1136 2347,1134 2402,1133 2457,1130 2512,1128 2567,1127 2622,1125 2677,1124 2732,1122 2786,1121 2841,1121 2896,1119 2951,1119 3006,1121 3061,1121 3116,1121 3171,1122 3226,1125 3281,1127"/>
                <TextEquiv>
                    <Unicode>schafft enthaltene Zweren gesellen, Wilhelm</Unicode>
                </TextEquiv>
            </TextLine>
            <TextLine id="r3l9" custom="readingOrder {index:5;} person {offset:0; length:6; continued:true;} person {offset:11; length:12;}">
                <Coords points="2188,1222 2398,1191 2504,1225 2568,1189 2793,1220 2869,1179 3195,1216 3273,1181 3272,1134 2187,1155"/>
                <Baseline points="2195,1202 2248,1200 2302,1197 2355,1194 2409,1191 2462,1189 2516,1187 2569,1185 2623,1184 2676,1182 2730,1181 2784,1181 2837,1179 2891,1179 2944,1179 2998,1178 3051,1178 3105,1179 3158,1179 3212,1179 3266,1181"/>
                <TextEquiv>
                    <Unicode>B mher und Hauns Wahtli, wegen denen Ein¬</Unicode>
                </TextEquiv>
            </TextLine>
            <TextLine id="r3l10" custom="readingOrder {index:6;}">
                <Coords points="2167,1296 2249,1258 2597,1278 2647,1243 2706,1272 2776,1239 3225,1263 3224,1215 3011,1185 2870,1221 2572,1190 2494,1229 2269,1194 2166,1234"/>
                <Baseline points="2174,1262 2226,1259 2278,1256 2330,1254 2382,1251 2435,1250 2487,1248 2539,1246 2591,1245 2643,1244 2696,1242 2748,1242 2800,1241 2852,1241 2904,1239 2957,1239 3009,1239 3061,1239 3113,1238 3165,1238 3218,1238"/>
                <TextEquiv>
                    <Unicode>Anderen angeklagdten Criminalischen sachen</Unicode>
                </TextEquiv>
            </TextLine>
            <TextLine id="r3l11" custom="readingOrder {index:7;}">
                <Coords points="2196,1355 2394,1313 2538,1343 2608,1306 2722,1340 2918,1299 3266,1327 3307,1309 3306,1250 2194,1274"/>
                <Baseline points="2202,1320 2256,1317 2311,1315 2366,1313 2421,1310 2476,1308 2531,1307 2586,1305 2641,1304 2696,1304 2751,1302 2805,1301 2860,1301 2915,1301 2970,1299 3025,1299 3080,1299 3135,1299 3190,1299 3245,1299 3300,1299"/>
                <TextEquiv>
                    <Unicode>nit vorher gangener Hrs Ernstlichen Vermahn</Unicode>
                </TextEquiv>
            </TextLine>
            <TextLine id="r3l12" custom="readingOrder {index:8;}">
                <Coords points="2181,1380 2813,1393 2920,1360 3199,1389 3249,1361 3248,1320 2918,1299 2836,1336 2181,1351"/>
                <Baseline points="2189,1373 2241,1372 2294,1370 2346,1368 2399,1368 2452,1367 2504,1365 2557,1364 2610,1362 2662,1361 2715,1361 2768,1359 2820,1359 2873,1358 2926,1358 2978,1356 3031,1356 3084,1356 3136,1355 3189,1355 3242,1355"/>
                <TextEquiv>
                    <Unicode>ung, nochmahlen examiniert, und demnach</Unicode>
                </TextEquiv>
            </TextLine>
            <TextLine id="r3l13" custom="readingOrder {index:9;} person {offset:12; length:7;}">
                <Coords points="2177,1469 2372,1429 2531,1465 2704,1431 2835,1462 2865,1430 2937,1426 2936,1366 2831,1403 2767,1373 2663,1395 2563,1370 2489,1404 2382,1373 2238,1403 2175,1375"/>
                <Baseline points="2184,1431 2221,1430 2258,1430 2295,1428 2333,1428 2370,1427 2407,1427 2445,1425 2482,1425 2519,1424 2557,1424 2594,1422 2631,1422 2668,1422 2706,1421 2743,1421 2780,1421 2818,1421 2855,1421 2892,1419 2930,1419"/>
                <TextEquiv>
                    <Unicode>zu Erst den Wilhelm S ucher</Unicode>
                </TextEquiv>
            </TextLine>
            <TextLine id="r3l14" custom="readingOrder {index:10;}">
                <Coords points="2101,1524 2281,1504 2435,1546 2694,1505 2857,1542 2919,1502 3256,1490 3255,1453 3175,1435 2780,1461 2704,1431 2577,1477 2100,1453"/>
                <Baseline points="2108,1511 2165,1511 2222,1511 2279,1511 2336,1511 2393,1509 2450,1509 2507,1508 2564,1508 2621,1506 2678,1505 2735,1504 2792,1503 2849,1502 2906,1500 2963,1498 3020,1497 3077,1495 3134,1493 3191,1491 3248,1490"/>
                <TextEquiv>
                    <Unicode>befragdt, Ob Er wuße, wie schwehrlich Er gefehlt</Unicode>
                </TextEquiv>
            </TextLine>
            <TextLine id="r3l15" custom="readingOrder {index:11;}">
                <Coords points="2180,1582 2386,1563 2759,1595 2803,1565 3011,1569 3010,1526 2958,1502 2761,1541 2635,1504 2435,1546 2179,1522"/>
                <Baseline points="2187,1568 2227,1567 2268,1566 2309,1565 2350,1565 2391,1564 2431,1563 2472,1562 2513,1562 2554,1560 2595,1559 2635,1559 2676,1559 2717,1557 2758,1557 2799,1557 2839,1556 2880,1556 2921,1556 2962,1556 3003,1557"/>
                <TextEquiv>
                    <Unicode>und worinn sein Verbrechen bestehe</Unicode>
                </TextEquiv>
            </TextLine>
            <TextLine id="r3l16" custom="readingOrder {index:12;}">
                <Coords points="2119,1643 2263,1622 2436,1665 2536,1625 2679,1652 2810,1619 2910,1658 2968,1629 3128,1653 3250,1640 3250,1588 3153,1561 3077,1591 2841,1564 2760,1596 2118,1593"/>
                <Baseline points="2126,1637 2181,1635 2237,1634 2293,1633 2349,1631 2405,1630 2461,1629 2516,1628 2572,1626 2628,1625 2684,1625 2740,1623 2796,1623 2852,1623 2907,1622 2963,1622 3019,1623 3075,1623 3131,1625 3187,1626 3243,1626"/>
                <TextEquiv>
                    <Unicode>Antw. daß Er seines Weibs uneheliches Kindt</Unicode>
                </TextEquiv>
            </TextLine>
            <TextLine id="r3l17" custom="readingOrder {index:13;}">
                <Coords points="2174,1699 3256,1711 3255,1645 3205,1632 3121,1660 2855,1624 2675,1661 2632,1622 2436,1664 2174,1646"/>
                <Baseline points="2181,1694 2234,1689 2287,1687 2341,1685 2394,1683 2447,1682 2501,1681 2554,1680 2607,1680 2661,1680 2714,1680 2767,1680 2821,1680 2874,1680 2927,1680 2981,1680 3034,1680 3087,1679 3141,1677 3194,1676 3248,1674"/>
                <TextEquiv>
                    <Unicode>habe als ehelich tauffen, und für das jeinige ein</Unicode>
                </TextEquiv>
            </TextLine>
            <TextLine id="r3l18" custom="readingOrder {index:14;}">
                <Coords points="2160,1778 2198,1785 2234,1763 2347,1768 2384,1742 2458,1774 2482,1758 2521,1766 2569,1750 2567,1716 2513,1717 2479,1693 2452,1708 2410,1698 2376,1719 2276,1693 2157,1726"/>
                <Baseline points="2166,1752 2192,1750 2218,1748 2245,1746 2271,1745 2297,1742 2324,1742 2350,1741 2376,1739 2403,1739 2429,1737 2455,1737 2482,1736 2508,1736 2534,1736 2561,1734"/>
                <TextEquiv>
                    <Unicode>schreiben laßen.</Unicode>
                </TextEquiv>
            </TextLine>
            <TextLine id="r3l19" custom="readingOrder {index:15;}">
                <Coords points="2068,1847 3263,1823 3263,1771 2971,1807 2571,1748 2354,1801 2068,1762"/>
                <Baseline points="2076,1841 2138,1835 2200,1829 2262,1825 2324,1823 2386,1820 2448,1820 2510,1818 2572,1818 2634,1818 2696,1820 2758,1821 2820,1821 2882,1823 2944,1824 3006,1825 3068,1826 3130,1826 3192,1826 3255,1824"/>
                <TextEquiv>
                    <Unicode>E. Ob Er gewußt, Waß für eineStraaff darauf</Unicode>
                </TextEquiv>
            </TextLine>
            <TextLine id="r3l20" custom="readingOrder {index:16;}">
                <Coords points="2170,1909 3027,1876 3121,1913 3261,1883 3261,1842 3146,1824 2981,1856 2170,1839"/>
                <Baseline points="2177,1887 2230,1884 2284,1880 2338,1878 2392,1876 2446,1875 2500,1874 2553,1874 2607,1874 2661,1874 2715,1874 2769,1875 2823,1875 2877,1875 2930,1877 2984,1877 3038,1878 3092,1878 3146,1878 3200,1877 3254,1877"/>
                <TextEquiv>
                    <Unicode>stehe, wann Einer nit allein selber die Ehebreche</Unicode>
                </TextEquiv>
            </TextLine>
            <TextLine id="r3l21" custom="readingOrder {index:17;}">
                <Coords points="2164,1952 2602,1925 3043,1959 3086,1926 3234,1947 3235,1903 2681,1875 2164,1912"/>
                <Baseline points="2171,1940 2223,1935 2276,1932 2329,1929 2382,1926 2435,1925 2487,1925 2540,1925 2593,1925 2646,1926 2699,1928 2751,1928 2804,1929 2857,1931 2910,1932 2963,1933 3015,1934 3068,1934 3121,1932 3174,1931 3227,1928"/>
                <TextEquiv>
                    <Unicode>sonderen auch alles mache, das Offenbahr werde</Unicode>
                </TextEquiv>
            </TextLine>
            <TextLine id="r3l22" custom="readingOrder {index:18;}">
                <Coords points="2172,2017 2802,1987 3043,2036 3213,2011 3214,1945 2172,1946"/>
                <Baseline points="2180,1988 2231,1985 2282,1983 2333,1980 2385,1980 2436,1979 2487,1979 2539,1979 2590,1980 2641,1982 2693,1983 2744,1983 2795,1985 2846,1986 2898,1988 2949,1988 3000,1988 3052,1988 3103,1988 3154,1986 3206,1983"/>
                <TextEquiv>
                    <Unicode>daß Er die Ehe gebrochen, damit Er Eine schidig¬</Unicode>
                </TextEquiv>
            </TextLine>
            <TextLine id="r3l23" custom="readingOrder {index:19;}">
                <Coords points="2168,2068 2311,2077 2348,2047 2396,2038 2418,2051 2451,2033 2551,2054 2610,2037 2632,2047 2647,2022 2611,2008 2520,2014 2490,1992 2470,2012 2419,1983 2359,2010 2167,2017"/>
                <Baseline points="2175,2040 2200,2040 2226,2039 2252,2038 2278,2037 2303,2036 2329,2036 2355,2035 2381,2034 2407,2034 2432,2033 2458,2033 2484,2033 2510,2033 2535,2034 2561,2034 2587,2036 2613,2037 2639,2039"/>
                <TextEquiv>
                    <Unicode>ung erhalten könne.</Unicode>
                </TextEquiv>
            </TextLine>
            <TextLine id="r3l24" custom="readingOrder {index:20;}">
                <Coords points="3015,2134 3034,2131 3044,2138 3092,2110 3116,2112 3111,2012 3101,2014 3088,2028 3078,2025 3072,2032 3066,2026 3045,2039 3010,2033"/>
                <Baseline points="3020,2093 3049,2096 3078,2094 3107,2090"/>
                <TextEquiv>
                    <Unicode>H.</Unicode>
                </TextEquiv>
            </TextLine>
            <TextEquiv>
                <Unicode>Den 12te Marti 1714. hat Muhhl. Bactz&#13;
Ditector Augsfürger zu volg Oberkeitlichen&#13;
beselchs, de Ebn dito, mit zuzeuchung Mo ith.&#13;
Großweibel Imhoofft, die in der Gefangen&#13;
schafft enthaltene Zweren gesellen, Wilhelm&#13;
B mher und Hauns Wahtli, wegen denen Ein¬&#13;
Anderen angeklagdten Criminalischen sachen&#13;
nit vorher gangener Hrs Ernstlichen Vermahn&#13;
ung, nochmahlen examiniert, und demnach&#13;
zu Erst den Wilhelm S ucher&#13;
befragdt, Ob Er wuße, wie schwehrlich Er gefehlt&#13;
und worinn sein Verbrechen bestehe&#13;
Antw. daß Er seines Weibs uneheliches Kindt&#13;
habe als ehelich tauffen, und für das jeinige ein&#13;
schreiben laßen.&#13;
E. Ob Er gewußt, Waß für eineStraaff darauf&#13;
stehe, wann Einer nit allein selber die Ehebreche&#13;
sonderen auch alles mache, das Offenbahr werde&#13;
daß Er die Ehe gebrochen, damit Er Eine schidig¬&#13;
ung erhalten könne.&#13;
H.</Unicode>
            </TextEquiv>
        </TextRegion>
    </Page>
</PcGts>
