4032 3024
785 515 874 625 116
895 600 1952 742 Ob Er nit umb Vergangenen Martini viel
897 674 1892 807 Geldt gehabt, und wo Er selbiges bekommen.
888 778 1994 919 Er habe etwann Einen Thaler 15: oder 16. ge¬
874 833 1899 962 habt, so Ihme theils der Ihr Landtrogt zu¬
880 890 1971 1029 Erachßelwaldt, theils der Anthon Jost und
874 956 1969 1081 andere Kauser Jager denen Er geholffen die
869 1018 1960 1120 2ausfer auftreiben, für seinen antheil vnd
871 1103 1955 1193 Lohn geben, und habe den Somer und herbst durch wohl
887 1138 1311 1212 bey 40. r. bekommen.
900 1175 1872 1294 Ob Sie Ihme Silber oder Muntzgeben
815 1246 1732 1391 L. Sie haben Ihm Silber geldt geben.
892 1356 1611 1488 Ob Er nit auch Goldt gehabt?
793 1463 1918 1601 E. Er habe zwo duplonen alhier auff dem
851 1559 1960 1663 Roßmarit, und hernach noch Eine zu Einem
840 1623 1919 1728 Ehepfandt für seine Liebste auffgewechßlet
853 1682 1862 1796 undt seye darmit auf Lentzburg gangen
799 1755 1914 1860 Wein und wo Er dieses Geldt zu gehalten
843 1840 982 1918 geben
857 1913 1846 2023 der Magdt zu Waberen, habe Ers geben
836 1984 1063 2077 zghalten
2089 608 2159 685 11.
2257 651 3290 804 Waß Er der Magdt damahlen gesagdt habe,
2462 737 2546 781 geldt
2243 749 2689 845 wo Er das bekommen
2242 847 3280 936 Er wüße nit, daß Er Ihra etwas gesagdt
2135 828 2215 930 d
2245 938 3296 1044 Wie viel Silber geldt Es gewesen, so Er zuge¬
2132 951 2203 1059 L
2242 1018 2525 1105 alten geben
2253 1073 3030 1197 Est welche Thaler und auch Muntz.
2155 1077 2219 1180 H
2233 1178 3223 1271 vorinn das geldt gewesen, als Er es der
2124 1182 2211 1303 E.
2224 1256 2778 1360 Vaberen Magdt geben
2144 1333 2211 1454 H.
2240 1336 2745 1455 In Einem kiemen
2233 1439 3066 1543 Wo Er denselben Riemen bekommen.
2127 1444 2211 1555 R
2231 1537 3285 1612 Er habe Ihn von des Sattlers zu Wattenngl
2156 1540 2200 1619 .
2216 1580 2503 1673 sub gekaufft
2223 1646 3288 1764 Ob Er nit vergangenen Martini dieses Geldt
2122 1653 2207 1771 E.
2209 1724 3032 1820 zum Baren alhier entwendt habe
2141 1784 3241 1900 R. Nein gar nit; Er seye zwar damahlen am
2185 1861 3252 1935 Morgen vmb 10. Uhr bym Bären gsin, seye aber
2186 1934 3114 2017 schon vor den 12. wider hinweggangen
2186 1996 3204 2075 dieses ist also das Jenige so mit die sem Sägißen
2183 2062 3064 2156 mann verrichtet worden actum vorstahl
