4032 3024
754 549 844 628 110
883 570 1293 710 Er wuße es nit,
1526 707 1688 805 Gezger
883 713 1944 848 Ob Er den so genanten Roht mit kenne? und
873 805 1615 915 mit Ihme Gemeindtschaft habe
840 897 1985 1045 Anfangs Wolte Er denselben nit kennen, auff
861 982 1993 1112 zu sprechen aber Möhhl. Examinatoren, sagteEr;
825 1048 1979 1178 Er kenne Einen Rohten Zeiger zu Langenthal
874 1112 1395 1219 der kruine Puß habe
875 1208 1976 1323 Wann derselbe da zu gegen ware, und bekennte
863 1285 1952 1390 daß sie mit Ein anderen gestohlen hätten, Waß Er
858 1347 1177 1442 dar zu sagdte:
1443 1418 1782 1530 repliciert. Ja
860 1420 1219 1528 Wo zu Reiben
816 1535 1954 1660 . Er solle anzeigen, waß Sie zu Reiben gemacht
850 1608 997 1705 habenu
800 1687 1921 1806 R Er wuße mit, Sie seyen, Niemahl zu leiben
856 1762 1348 1868 bey Ein anderen gsin.
852 1846 1951 1983 arumb Er dann Reiben genambset darach
1761 1932 1891 2020 sohne
2082 597 2188 739 114
2417 611 2563 679 Niengam
2204 622 3026 747 Ihne doch mit dar von gefragdt habe?
2217 757 3281 875 Er wuße mit von Reiben, weder daß Sie dorten
2220 827 2547 923 uber nacht gsin
2200 895 3256 1000 hierüber wurde Ihme krefftiglich zugesprochen
2197 969 3301 1067 Wie daß nicht anders seyn könne als daß Sie zu
2199 1025 3315 1121 Reiben etwas müßen verübet haben, mit ermah¬
2211 1086 3304 1180 nen durch eine offene bekandtnuß solches an¬
2194 1143 3310 1245 zuzeigen; Io hatt Er dennoch deßen ohngeacht
2194 1214 3277 1294 nit gestehen wollen, daß Sie zu daselbsten et¬
2199 1270 3124 1376 was ungebührliches vebegangen haben.
2177 1364 3289 1487 Solchem nach wurde Er weiters befraget, Ob der
2169 1455 3309 1548 Rohtzeiger vndt Er im Querner gebiet Einanderen
2183 1510 2637 1619 nit helffen stählen
2118 1577 3201 1724 R. Er habe im Lierner niemahlen gestohlen.
2107 1716 3275 1830 Z nd im Sundtgöun, ob Er auch daselbsten nichts
2177 1791 2422 1872 entwendt.
2116 1839 3252 1971 R. Er habe sein lebtag keinen fuß im Sundt
2172 1917 2525 2025 goui gehabt.
