4032 3024
881 615 1931 732 abe Einen solchen haafen gebrochen, vnd dar
808 709 1947 786 damit solches nit mercke wolle es diesen Haafen dar¬
866 739 1945 843 thun biß der ander wider gemacht seye, aber die¬
858 793 1915 895 ses sein Vorgeben seyn nit wahr gsin; sonderen
871 857 1909 956 es habe den Haafen dem wührt bey der
845 917 1810 1033 Neuwenbrugg vmb g. E. verkaufft.
1810 1006 1906 1079 mes
851 1005 1900 1138 Ob Es nit noch andere dergleichen stücklicher
866 1074 1783 1179 Sonderlich mit flachs und Garn verübt.
853 1147 1845 1267 Es haben des Hanns Sahlis Töchteren des
862 1220 1909 1324 Schnmachers Bitz Frauwen 12t6flachs zu¬
851 1284 1948 1372 verwahren geben, da habe es des Sahlis Töchteren
851 1356 1919 1433 angebotten es wolle Ihnen den flachs verkauffen
850 1395 1864 1478 und als sie Ihme solches verwilliget habe es
838 1454 1882 1558 die 12. Far flacht der Sternen wührtin ver¬
835 1516 1501 1617 kaufft und das geldt behalten
811 1586 1862 1699 Verners bekennte es auch daß es von des
832 1656 1891 1757 Sahlis Töchteren 18: tt. Garn bekomen, welche
829 1716 1819 1821 es der Er auw Landtrögtin von Arwangen
815 1775 1833 1883 bringen sollen, habe aber das Garig der Erl.
803 1832 1904 1936 Bscharneren gebe das 1. Vmb 7. b. Verkaufft
819 1902 1467 2009 und das Geldt auch behalten
727 629 813 692 t die
706 671 828 721 Frauu
2093 615 2152 683 45
2176 649 3293 754 Denne bekennte Eb, daß es dem Viulaus Stubi
2203 715 3285 847 26. t. entwehnt, dar von aber der Stub von seinen
2187 778 2860 877 Ellteren 18. 5 widerbekommen
2195 842 3252 963 Verners habe es der Els beth Marti 3. thrl. ge
2203 920 2350 995 nomen
2179 938 3234 1059 Denn Christen Pfander dann seye es wegen
2185 1026 3114 1129 Ihme Vetkauften Garns 6. R. schuldig
2185 1085 3226 1210 Vnd der Maria Schwein Grüber auch für Ver¬
2168 1167 2684 1259 kauftes Garn. 6x
2160 1250 3255 1353 Item so habe die Erl. Predicantin zu Albligen
2172 1303 3254 1402 Ihme 22. tb. flachs zu verkaufen geben, dar
2151 1365 2940 1469 von es das erlößte Geldt behalten
2138 1438 3213 1549 Vnd Endtlichen bekennte es auch daß es von
2142 1507 3192 1611 Peter Marthi eine Bibel entlehnt, welche es
2171 1563 2643 1670 nachwehrts Versetzt.
2144 1639 3253 1739 dieses ist also das Jeiige so durch das gehaltene
2138 1686 3252 1806 Examine von diesem Menschen gebracht worden
