4032 3024
786 603 886 700 914
925 655 1946 792 uihalten, der Ihme zum bescheidt geben
898 718 1946 866 Wann Niemands keinen anderen bescheidt
902 788 1931 923 bringe, nochetwas anders befehle, so möge
887 863 1923 976 Er seinethalben wohl Vorthfahren dann Er
892 932 1953 1054 könne Ihms nit verbiethen; Auf das hin habe
895 982 1920 1118 Er Kohler fünst Ehrliche Männer beschickt
887 1070 1955 1166 sein Verstorbenes weib zu besichtigen, als Namb
889 1111 1955 1231 lichen Hanns Aitz den Schulmeister, Nulaus
876 1189 1934 1286 Glauser den Gerichtssäß bendicht Glauser
887 1270 1935 1376 Jacob Haberl den Sigrist und Niggli zeß
895 1320 1905 1426 vor Etzelhoffen welche nachdeme sie das
884 1388 1961 1486 Weib besichtiget, gesagdt Sie finden mit anders
886 1452 1909 1565 als daß es eine Leich seye wie ein andere
877 1526 1963 1635 Welche Männer dann auch auff erforderen ihren
887 1581 1444 1694 bericht abstatten werden.
833 1653 1908 1766 E. Waß das fur eine Suppen gsin die so viel
893 1737 1333 1838 redens verursachet
829 1818 1900 1942 R. Er wüße gar mit Er habe nie mit gesuchen,
880 1898 1849 2015 sein verstorbenes Weib, habe alle Ihre
1600 1988 1884 2103 Nahrungsc.
2054 664 2158 748 315
2170 730 3288 850 Nahrungs-mittel, als Saltz, Schmaltz, ancken brodt
2158 827 3285 929 und dergleichen, selbst underhanden gehabt, auch für
2163 863 3293 987 Ihns selber gekochet, Er habe dem Weib nie nichts
2164 940 3259 1048 kochet, auch nur niemahlen eingeschnitten, Zeit
2167 1023 3212 1111 etwas Zeits daher habe es Ihre Speiß nit mehr
2159 1066 3205 1179 ertragen können, sonderen seye gurofft ins¬
2153 1125 3235 1234 wührtshauß gangen und Ihme etwas laßen geben
2141 1206 3276 1313 Gestalten das so viele umbher schweiffen im wührts
2159 1268 3236 1366 lauß während ihrer Ehe mit die ningste ursachgsin
2147 1347 3222 1413 daß sie mit Ein anderen so übel gelebdt dann
2148 1399 3242 1500 ohngeacht alles zu sprechens, habe es niemahlen
2146 1449 3209 1556 daheimb bleiben und Arbeiten wollen, sondern
2142 1518 3206 1618 imerdar im wührtshauß gewesen und daselbsten
2138 1566 3223 1694 gesudlet; Er befehle aber sein sach dem lieben
2142 1640 2297 1723 Gott
2177 1730 3224 1837 Ob Er dann gar mit von der Suppen wußes
2165 1813 2308 1891 Mein
2123 1890 3190 1987 beharrete auch im übrigen Vest daruff, daß Er
2137 1954 3195 2058 den 3ten Octobris gar nit vom dorf hinweg noch
2997 2039 3076 2098 an
