4032 3024
785 570 896 682 920
908 633 1981 785 thal getragen den resten aber sambt dem Isen¬
922 716 1949 825 durck im höltzlin versteckt gelaßen. Als aber
920 768 1969 890 der Zimmermann vdas Geldt von dem Verkauffte
898 827 1962 965 Kupfer zu Langenthal widergeben müßen, habe
885 881 1836 1005 Er gesagdt sie wollen den resten nit reichen
935 945 1968 1100 Wo und anwelchem orth sie das Kupfer auß¬
889 1037 1053 1128 Brout
901 1111 1978 1227 sit weit von Urthenen, als an einem Sand¬
902 1199 1931 1308 nchten Orth da ein weg nach hindelbanck gehe¬
893 1238 1931 1375 habend Sie ein Feuuer gemacht das Kupfer
892 1317 1906 1429 ein wenig darauf gelegdt und zusammen ge¬
893 1377 1108 1472 Schlagen.
898 1467 1933 1588 Warumb Er so wenig kupfer bekommen vnd
904 1551 1464 1639 der Zimmermann so viel
925 1618 1911 1736 Sie seyen willens gewesen das Geldt mit
886 1703 1956 1802 Einanderen zu theillen Es habe Jedoch der Zim-
883 1754 1888 1866 mermann nit gewußt daß Er den resten in
867 1817 1395 1929 hottz noch gereicht habe.
1653 1868 1884 1998 Gefraget
1596 1960 1884 2061 heraf
2065 673 2187 779 921
2162 731 3249 863 Befragdt Wohr das Ertst genomen, so Er al¬
2173 814 3253 930 hier Verkauft, und wie es darmit zugangen:
2095 885 3235 1024 Antw. In dem Letzten Krieg habe Er in H. Haupt
2180 1001 3287 1075 mann Jenners Compagnie, anstatt ein anderen
2156 1030 3238 1124 so Ihn gedinget, als ein Soldat gndienet vnd
2168 1100 3252 1196 seye mit der Compagnie nach Aushausen gezo¬
2160 1152 3259 1253 gen da mann nun daselbsten des Pfaßten Speicher
2164 1214 3211 1322 geblunderet und die Beuth auß wägen geladen
2162 1273 3242 1371 habe Er zween läafen von dem Speicher hinab¬
2161 1338 3209 1439 geworsen, die Zutuschen einiche holtzer gefallen
2156 1396 3232 1497 alda habe Er selbige mit ghuder bedeckt, Nachdeme
2153 1458 3253 1555 nun die Compagnie in 8: tag hernach wider dorth
2144 1522 3248 1604 hinkomen, seyen diese häuffen noch daselbst gelegen
2164 1576 3203 1675 welche Er in einen Sachgethan der compagnie
2152 1636 3212 1725 nach gen hutwegl getragen, und nit weit dar Von
2152 1712 3214 1786 in Einem holtz vergraben. Volgendt wie des H.
2147 1775 3214 1856 hauptmann im Goofs Compagnie, Vnder dem E
2136 1822 3156 1923 auch als ein soldat Ehrlich vnd wohl gedienet Von
2131 1873 3225 1976 Breigardten wider herauff komen vnd abgedancket
2140 1940 3131 2048 worden, habe Er die Haußen bey hutwygl ge
2847 2042 2991 2129 reicht
