4032 3024
761 516 874 651 118
1004 597 1772 765 Asfar String
865 737 1978 886 Die weiler der in Oberkeitlichen
885 847 1995 947 Handen eine Zeit daher enthaltene Caspar
871 894 1953 1016 Spring, in hievorigem Examen Allem
870 970 1928 1083 ansechen nach, sein Hert nit geraumbt;
869 1032 1966 1145 sonderen auß forcht der Straaff, die Mei¬
875 1102 1955 1229 ten Begangene diebstähl verhalten; ha¬
870 1170 1864 1284 hend Ihr Grl. durch einen Prüschen
855 1224 1944 1345 Befelch Mitt Rahtsherren Frisching an
1066 1280 1522 1365 u Endteikung der Ichahreheit
863 1318 1948 1434 gesunnen, mit Betrons auch würcklicher
862 1380 1915 1488 Anwendung der Marter andenselben
853 1446 1919 1561 setzen zulaßen; welchem zu volg Muhhl.
848 1514 1933 1621 xaminator Sambstag den 7. Aprilis
845 1586 1903 1689 sich widrumb in die gefangenschafft ver¬
839 1642 1897 1751 fuegt und in Abermahliger gegenwahrt
854 1710 1941 1820 Ihr GRl. dieneren H. Großweibels vndt
847 1769 1944 1893 des Grichtschreibers Er AMl. ernstliche in¬
838 1843 1877 1968 tention mit gantz krefftigem zusprechen
1796 1951 1933 2041 insem
2106 622 2209 742 149
2242 638 3332 812 diesem Spring eröffnet: Worauf selbiger
2241 739 2927 853 folgende Bekandt nuß gethan
2228 812 3344 944 Sein Vatter Hanns Spring, so zu Stäsfisburg
2225 911 3324 1013 daheimb gm, habe zu Olten Religion geände
2218 955 3319 1060 ret, und sich im Sollothurnischen verhenrahtet
2197 1016 3329 1105 Er Casfar Spring seye zu Aufhausen ImLu¬
2212 1087 3340 1199 ferner Gebieth getauft worden, vnd dißmah¬
2206 1150 3148 1261 len ohngefehrt bey 20. Jahren alt.
2209 1214 3310 1346 Seine Auferzeuchung belangend seye Er
2210 1296 3333 1371 Anfangs mit seinem Patter und als derselbe
2212 1367 3312 1462 Zeitlich gestorben, mit der Mutter eine Zeit-
2209 1428 3298 1531 langvmbher gezogen. Nachwehrts habe Er
2207 1477 3244 1581 Drey Jahrlang zu Sollothurn bym Crentz
2195 1538 3306 1653 gedienet, und befinde sich seit e. Jahren daher
2197 1601 2709 1693 nit mehr in Dienst.
2186 1654 3289 1795 Befragdt auß waß ursachen Er eingezogen
2206 1749 2364 1832 chorden
2185 1800 3244 1925 Sagdte Er, Als Er den Winter durch im
2188 1881 3250 1993 Eiheggberg umbhergezogen habe der Suppen
2178 1937 3265 2050 Schreiber Ihn verführt, daß sie zu Lutter toffe,
2191 2019 2460 2106 eingebrochen
