4032 3024
774 446 849 538 106
1230 536 1341 611 mut
913 547 1998 738 Er wüße gar zusagen, Wie es die anderen ge¬
904 606 1985 783 macht haben, dann Er seye gar mit darbey gsin¬
900 697 1670 837 Wo Er den Bohrer bekommen
890 818 1986 988 zu Oberwyl habe Er denselben in Einem
1512 915 1632 964 selbigen
886 880 1974 1053 Baunrenhauß genommen, E seye gantz Rostig
871 943 985 1057 Asin
931 1039 1888 1211 Ver der Suppenschreiber Guörg seye
885 1189 1942 1325 Er habe denselben zuvor sein Leblag nie
876 1255 1923 1358 gekannt, biß Eaß Er Ihme komen, dahabe
864 1320 1966 1454 Er Ihm von dem einbrechen geredt, vnd Ihm
868 1373 1482 1493 angesprochen mit zu gehen
822 1465 1968 1613 Repliciert, wie doch möglich seyn könne, daß
861 1578 1963 1665 mann Einem Grad von solchen sachen reden derfe
861 1598 1950 1726 und diebstählen reden dörffe, wann mann Ein¬
862 1669 1753 1784 anderen zu vor niemahlen gesechen habe
780 1744 1562 1882 R. Sit haben Ihn soverführt.
1026 1852 1119 1901 Danz
790 1842 866 1961 E.
857 1860 1698 1989 ie Erkuuße, daß oder Suppen
1702 1876 1923 1991 Schreiber
1710 1980 1859 2073 Also p
685 1242 832 1359 iin holtz
680 1334 748 1397 zu
2216 627 3281 760 187 Also heiße, wann Er zu vor nie gekennt:
2150 746 3367 884 R. Die Leuth alda derselbe zu vor übernacht gsin
2208 821 3109 939 haben Ihm gesagdt daß Er so heiße.
2192 943 3335 1071 Repliciert daß seye nit gläublich daß Er grad
2206 1012 3277 1126 alsobald seye gangen genfrage, wie Er heiße
2788 1070 2935 1124 mit Ehine
2193 1080 3351 1190 und darauff Khundtsame Gemacht vnd Eingebroche
2159 1172 3292 1304 R. Er seye grad die selbe nacht gangen mit Ihnen
2205 1258 2534 1352 gan einbrechen
2130 1334 3321 1461 E. Wie dann der Andere geheißen, so bey Ihnen
2180 1398 2907 1509 gsin und Gholffen einbrechen.
2200 1504 3183 1621 Er Wuße gar nit Wie derselbe gheißen.
2128 1501 2176 1626 H
2241 1635 3274 1726 wie doch gläublich seyn wolle, daß Sie Ihme
2192 1650 2230 1703 4
2107 1656 2170 1732 E
2204 1685 2335 1736 1 seinen
2180 1694 3290 1801 fur antheil nur 10: R. geben, das könne gar nit
2179 1768 2275 1849 seyn
2185 1831 3203 1949 Er bätte umb Verzeichung, Sie haben Ihm
2087 1835 2155 1950 H.
2184 1897 3191 2017 einmahl gar nit mehr geben, Es seye so der
2172 1963 2857 2069 Resten gin, den sie Ihm geben.
