4032 3024
782 563 886 643 280
904 592 1965 801 habe Ihn erschreckt, Er hätte wohl entfliehen
919 704 1953 847 können, weilen Er aber das Roß niemahlen
916 756 2018 939 begehrt noch berührt, habe Er nit weichen wollen
931 869 1982 1004 Ob Ihme nit bekannt gsin daß der Burck ein
916 933 1419 1044 zitehr bey sich gehabt.
926 1019 1549 1152 Nein Er habe keins gehabt.
908 1130 1958 1261 Lepliciert. Warumb Er dann geruffen als
910 1209 1959 1331 die Bauwren ihne ergriffen der Burck solle
912 1282 1910 1406 mit dem Bustert komen und Feiner geben.
910 1379 1971 1512 hierauff sagdte Er anfangs, daß mit Er sonder
893 1450 1929 1573 der Burck solches geredt, Nachwehrts aber
889 1507 1967 1630 gestuhnde Er daß Er solches Geredt, allein der
887 1572 1949 1686 Burck habe kein gemehr noch Gschoß gehabt
881 1643 1915 1747 sonder Er habe die Manner nur darmit ab
878 1704 1835 1820 schräcken und zu forchten machen wollen
877 1783 1924 1902 volgends Bekennte dieser Baumann Es habe
881 1849 1940 1955 dieser Der Burck Ihne angesprochen, Er solle
2074 696 2158 759 281
2190 682 3254 844 in dem Weg Schiltwacht stehen, Er wolle Ihm
2194 780 3257 887 etwas Trunkgeldts geben, Er Burcki wolle das
2183 846 3273 953 Pferdt nemen, subreihnaber abgeschlagen dar
2176 911 3245 1005 auß seye der Burcki dakohruber den Zaun
2174 979 3235 1074 hinein zu dem Pferdt, so daselbst in der wäydt
2177 1054 3273 1131 gangen, gestigen, und habe eb nemen wollen, solches
2173 1096 3229 1199 aber noch nit abdem platz geführt als Er von
2171 1158 3271 1258 denen zweyen Mannere, versagt worden, welche
2167 1204 3253 1322 Grausam über sie geruhten, so daß Er Baumann
2170 1272 3198 1378 auch geflohen; Endtlich habe, als der e geht
2170 1340 3238 1441 gewußen diß ohrts habe, sich gern von Ihnen fahrn
2162 1403 3247 1504 faßen und sich willig eingestellt, hätte auch wohl
2153 1482 3229 1562 entfliechen konnen, zumahl an der Einte von diesen
2153 1522 2993 1630 Manneren nur ein kleine Persohn seye
2107 1611 3215 1724 EOb der Buock dem Pferdt nit albereit eine
2153 1695 3244 1798 halffteren angelegdt und den Schweis auß gebundt
2158 1754 2249 1843 habe
2159 1824 3219 1917 Eer könne es Eigentlich mit sagen, der Burck seye
2158 1890 3022 1991 eine Zihte weil bey dem Perdt gestanden
2135 1956 3202 2062 dieses ist also das Jenige waß auß diesen gefange¬
2147 2021 2981 2122 nen gebracht worden. actum Vorstahl¬
2051 1312 2141 1410 Boh
