4032 3024
757 550 823 643 94
797 599 1910 717 H. R. Ein Guhter Herr und patron, so habe seine
829 676 1934 793 Schwoster Ihme gerahten denselben anzusprechen
857 730 1897 848 und Ihne umb raht zu bitten, wie Er sich könne
849 798 1198 900 darauß Ziechen
842 864 1864 977 Ob Er nit noch Ein andermahl und zwar Ver¬
830 935 1894 1046 gangenen Freytag Abends Vmb Siben ihren
814 997 1305 1112 bey hen N. hanß gsin
842 1095 1212 1205 Nein, gar nit.
807 1170 1887 1280 Wolte auch solches nit gestehen ohngeacht die
1119 1249 1194 1295 wor
806 1262 1905 1353 hauß haltern ohme abgezeuget, daß Er selbi¬
795 1311 1822 1428 gen Freytag abends Vmb 4. Uhren Em
969 1366 1149 1428 getlopfet
1051 1384 1855 1480 sie Jhme auch bescheidt geben; Er
804 1393 1040 1469 Hauß b.
946 1442 1039 1493 anch
792 1444 1848 1549 huggi habe damahls Einen degen under dem
798 1517 1098 1608 Arm gehabt.
803 1591 1858 1706 Ob nit seine Schwöster vor Et welchen J ahren
811 1663 1442 1755 ein unehelich kindt gehabt
814 1719 1822 1830 Ja vor ohngefehrt 13. Jahren Es seiht
1728 1804 1795 1845 h
1697 1802 1725 1839 1
779 1790 1861 1883 Hen sel. Bort vnd Er Statt
786 1866 1350 1958 halter darzu 9hin e und
1721 1870 1866 1969 daß H.
1257 1870 1473 1987 bin G. li
789 1913 1917 2021 dieses ist also das Jenige so mit diesen Leuthen un
796 2009 1609 2116 verrichtet worden. Actum vorstaht.
2522 549 2551 592 e
2572 560 2930 649 Kkamen mit
2247 589 3148 752 incertz heggi dem Mitzger
2373 701 2896 783 und seiner Brauwen
2439 545 2559 635 2.
2047 613 2132 698 15
2133 802 3276 929 Den 27. Decemb: 1713. habend Ihr Gnl.
2154 880 3218 966 dienere M. ithl. Großweibel Imchog un¬
2155 946 3241 1060 Grichtschreiber Wyttenbach sich abermahlen
2165 1005 3207 1116 in Gefangenschafft begeben umb den regg
2148 1068 3223 1174 und sein Weib, mit des Gewesenen Läuser
2132 1135 3216 1253 Bruggers Knaben so die bewußten brandt¬
2137 1202 3226 1316 Brieffen geschreben, zu confrontieren Anbey
2145 1249 3236 1359 auch durch ernstwohrtiges zu sprechen Selbige
2126 1328 2986 1438 zu mehrer bekandtnuß zubringen
2115 1400 3268 1527 DDa dann Erstlich die Heggenen bekandtlich worde
2149 1474 3234 1568 daß Sie und Ihres Manns Schwöster den brief
2142 1538 3208 1650 aahh getragen, und Ihre geschwegen in
3063 1596 3206 1685 Magdt
2137 1609 2838 1714 ihrem bey seyn selbigen des H.
2143 1652 3235 1756 übergeben; des Morg volgenden Morgends seye
2121 1718 3222 1822 sie beyden widrumb i gangen und
2994 1765 3205 1878 gefragdt
2130 1793 2735 1903 habe Sie gegginen den H.
2132 1830 3142 1962 Waß Er für bescheid über den brieff gebe
2737 1905 3226 2006 Gesagdt, Er wolle mit
2121 1925 2499 2022 Worauff der H.
2137 1994 2553 2084 dem Mann reden
3000 2008 3233 2108 Verners
