4032 3024
781 572 873 678 238
1057 615 1235 729 Burr
951 670 1968 817 Er Wetger habe dem Metzger bey seinem
904 750 1960 865 hauß nachgefragdt, der Joner aber habe mit
907 813 1962 914 Ihme gemährtet, und vorgeben dieses Kindt
908 872 1907 997 sege eines Manns von Neuwergg, deme
916 948 1944 1036 mann, wegen vielen schulden aces aufge¬
898 999 1952 1118 schrieben, Ja auch die wösch und einen briesch¬
914 1054 1890 1160 kuchen in dem ofen, dieses Kindtin aber
910 1117 1945 1216 damit Er selbiges erretten und auß der Butzen
907 1180 1948 1285 ziechen könne, habe Er im Forst Versteckt ge¬
904 1245 1884 1366 habt und diesen beyden Gsellen befohlen
901 1319 1938 1407 solches zu verhandlen, damit Er auch etwas
905 1371 1931 1484 geldts auff die Straaß habe (: so aber alles
847 1437 1923 1542 unwahrhaft gewesen und sie ertichtet gehabt:
1145 1495 1175 1551 ige
905 1511 1909 1594 darauf der Marit umb das Kindt etwas
911 1570 1939 1681 zu 7. R. ergangen vndt Eabe Er Burri 3.
911 1622 1843 1725 und etlich batzen von dem Geldt bekommen
867 1710 1898 1826 E. Ob Er nit auch bey dem Marit gewesen, als
920 1781 1688 1881 der Jouer das Kindt verhandlet?
863 1868 1874 1994 EEr seye ein Wenig dar von gestanden vnd
1666 1966 1801 2054 habe
2064 687 2154 785 139
2179 711 3055 832 abe Obiges so gehört und mit gehordt.
2169 835 3268 949 Ob der Metzger gewüßt, daß das Kindt gestoh¬
2158 912 2365 1003 len gsen.
2163 961 3207 1092 Nein der Goner habe, wie vor angezeigt
2158 1058 3258 1142 vorgeben Er wolle das Kindt einem Armensenn
2143 1114 3209 1226 Vergeldtstageten Mann auß der Butzen Zziechen
2145 1173 3208 1265 sonsten es auch mit seinen anderen Mittlen wäre
2121 1259 2554 1342 Verlohren gangen
2164 1327 2830 1434 Wo Er die Geiß genommen.
2190 1433 3217 1542 Sie beyde mit der Joner und Er habend die
2137 1501 3200 1598 Geiß im Freyburg gebiet auß einen stall ge¬
2133 1575 3186 1665 nomen Er Buren habe sie auß dem stall her¬
2140 1637 3228 1722 auß geführt vnd der Joner aber seyn Schiltt
2134 1679 3232 1782 wacht gestanden vnd habe geloßt, dann Er Bürrl
2135 1755 2353 1843 übel hore
2131 1823 3213 1940 welcher von Ihnen die Geiß dem Metzger zu
2134 1907 2310 1993 geführt.
2061 1951 3211 2087 R. Er Burri allein habe sie dem Metzger zugeführt
3056 2037 3145 2137 und
