4032 3024
794 543 881 633 268
1242 557 1659 700 Jacob Huber
1049 629 1780 780 Ein Schumacher Knecht von
1228 730 1607 824 St: Ballen
1207 789 1365 890 Ostbe
1365 838 1404 895 3
891 828 1948 1007 Den 4te Septembis 1714. ist über obige
900 909 1991 1078 zwo Weibspersohnen auch Examiniert worden
887 989 1955 1140 Jacob Zuber ein Schumacher Knecht, welcher
889 1050 1909 1192 Verwichener Tagen in herren Fuhrers Hauß
888 1124 1935 1266 drey silberne Löstel entwendt und deßtwe¬
888 1179 1836 1316 gen behändiget und eingezogen worden
870 1227 1943 1412 Wurde, also derselbe befragdt Wie Er heiße
868 1323 1673 1451 von Wannen und wie alt Er seye:
1604 1417 1834 1528 handtwegcks
884 1442 1959 1571 Er heiße Jacob Zuber seines Alters ein Schue¬
876 1525 1935 1630 macher, gebührtig von St. Gallen, und etwann
870 1564 1322 1667 bey 20. Jahren alt.
820 1636 1755 1804 2. Wie lang es seye daß Er alhar komen.
882 1751 1970 1871 Gestrigen Tag seye Er wider in die Statt komen
851 1832 1957 1912 sonsten seye Er auch schon Tags zu vor in des Statt
850 1873 1898 2002 gewesen aber widrumb darauß gangen vndt
1666 1993 1854 2075 ohnweit
2047 679 2128 778 169
2161 682 2885 815 ohnweit der Statt übernachtet.
2974 804 3058 875 etst
2176 816 3286 947 Woher und von welchem Ohrt Er dißmahlen gereiset
2157 902 2269 965 seye
2116 945 3261 1054 E. Von zurich her, alda Er zu seiner reiß geldt auß
2152 1035 2374 1117 genommen
2176 1107 3265 1218 Ob Er nit auch zu Araun gewesen, Vnd daselbsten
2147 1173 2463 1279 gestohlen habe.
2158 1247 3217 1367 Ja Er habe daselbsten 3. Silberne Löffel ge¬
2137 1337 3220 1412 nomen, als 2. in dem Einten hauß vnd den
2146 1381 3208 1484 3en in Einem anderen hauß Graddarneben die
2626 1433 2865 1490 angehalten,
2121 1438 3257 1545 Er aber nachdeme Er erppet worden, restituiert
2138 1507 2217 1573 habe
2158 1563 3218 1703 Ob Er zu Araun wegen dieses diebstahls seye
2134 1657 2490 1740 gestrafft worden
2084 1749 3247 1868 d. Mann habe Ihn etwann eine stund lang deßtwegen
2137 1813 2627 1912 aus halb Eisen gestellt.
2171 1881 3003 2011 Wie lang es seye, daß solches geschechen
2079 1978 2681 2094 R. Etwann drey Wuchen
