4032 3024
875 578 1899 714 Ob nit das Guster Anni sonst Ann Kinder ge¬
865 655 1828 764 mit seine gespihlen und offtmahls mit Ihme
858 730 1124 815 umbher zieche
865 780 1903 893 daß Guster Ann, kenne es zwar Wohl aber es
846 842 1687 935 seye lang mit mit Ihme umbgangen
847 903 1941 1006 Vor den Jenigen Wein Getrupcken so in dem
1475 947 1921 1032 Ehrt Rohrbaad abge¬
1534 985 1907 1065 holt und Ihnen in
834 993 1529 1083 bey bigten laßen oein Srafer
1545 1027 1914 1104 den Krumb acher
1484 1074 1886 1161 gebracht worden.
1139 1090 1197 1152 r
848 1073 927 1151 Ar
850 1094 1600 1206 Es nße mit dar von vnd seye
835 1174 1451 1254 mit im Krumacher Gsig¬
828 1214 1789 1319 Jenigen Hier auf wurde auch Vorge¬
617 1207 828 1322 Dister dies
635 1287 830 1367 Burß Jenen
851 1278 1811 1376 soder laßen Ann Kinder sonst zustor¬
838 1333 1034 1413 Ihmege¬
757 1335 819 1393 Bey
621 1340 733 1405 Enden
1014 1351 1775 1447 Ann genant auß der Kischör
631 1385 734 1457 wesen
784 1382 1074 1467 R. Es seye gar
1185 1407 1441 1506 Dieß bach
630 1424 1048 1516 mit der Enden gsin.
689 1502 1518 1615 ormit es sich erhalten Thüe
695 1588 1854 1701 Es habe einihe halb Bruder bey denen habe
790 1673 1822 1759 es eine Zeitlang gespunnen und gewarchet
780 1721 1837 1800 die Ihns dann ernehret; bißweilen habe es
774 1786 1107 1884 auch gebättlet.
685 1851 1829 1958 Wann es so arnihtig seye und daß es ge¬
757 1924 1812 2006 bättlet, wo es dann die guhten Kleider die
1673 1997 1774 2077 u6
2157 606 2755 715 es antrage, hargenommen?
2094 689 3232 819 Haur im schneidet, habe es verdienet, daß es
2157 770 2683 872 selbige kaußen können
2090 832 3259 953 Ob es niemahlen zu Biglen und umb Worb her¬
2149 909 2697 1009 umb sich auf gehalten.
2089 969 3289 1091 Nein Es habe sich der Orthen nie mahls aufgehalten
2091 1088 3277 1192 Ob es dann gar niemahlen an diesen Orthen ghi¬
2088 1167 3259 1253 Wohl es seye etlichemahl bey diesen orthenorbey
2150 1251 2326 1319 gangen
2093 1278 3016 1415 Ob Es mit auch im Augistholtz Gsin?
2082 1392 3192 1496 Im holtz seyn mie mahlen gsin, aber darneben
2137 1471 2472 1558 vorbey gangen
2083 1517 3238 1632 Wie lang es seye, Alß es das letzte mahl neben
2158 1600 2799 1695 diesem holtz vorbey gangen.
2086 1662 3258 1769 vor dem letsten schneidet, vnd Zeithar niemehr¬
2084 1747 3178 1840 Wie solches seyn könne; Es seye Ja Erst vor
2135 1821 3001 1930 Vier wuchen im Engist holtz geeische
2086 1907 3097 2014 Sein, solches werde sich gar nit erfinden
1963 1819 2064 1889 tmndt
1963 1871 2090 1929 Einichen
1966 1909 2088 1995 ellen
