4032 3024
848 593 1937 730 orauß des Bruggers Knab vorgelaßen
838 678 1933 802 und Ob deme also befragt worden Welcher
838 742 1921 850 aber vermeldet, Er versinne sich nit solches von
827 807 1881 917 dem Hegg gehordt zu haben, daß Er befohlen
1061 874 1145 917 Worb
823 868 1681 978 die Freund in dem Brieff durch zuthun
828 939 1858 1067 Weiters Befragdt Ob Sie nit noch andere
818 1019 1915 1108 dergleichen brieffen mehr angeben und schrei¬
813 1089 1052 1168 ben laßen
816 1164 1266 1288 Noch Einen an Iun
1514 1135 1861 1255 bdee Gorb
832 1231 1918 1343 welchen Sie auch ein anderen Geholffen angeben.
811 1303 1897 1414 Waß Sie dem Knaben zu Lohn geben, daß Er¬
816 1395 1228 1495 Ihnen geschriben.
744 1457 1531 1588 d. Er habe Ihm 4. batzeg geben
740 1562 1339 1690 2. Ob Er mit auch bey hen
1342 1526 1891 1656 A. derA
802 1624 1842 1738 gsin, und waß Er bey Ihme zu thun gehabt?
717 1713 1879 1836 R. Er seye an Einem dinstag Morgends als Er¬
801 1770 1856 1861 ab dem Marit komen zu Ihme gangen, und
1284 1834 1842 1932 Gesagt; Es werde Ihm
790 1851 1088 1930 dem Herren
793 1902 1798 2005 wohl bekannt seyn weßtwegen Er da seye
1711 1964 1891 2068 darauf
742 579 809 706 28
2221 625 3299 774 darauff so. 1. gesagdt; Msr Heggl. laßt
2196 706 3236 833 mich mit solchen sachen zu friden und machet
2168 789 3302 878 Euch forth, oder ich werden Euch etwas anders
2178 837 3162 946 sagen; worauß Er hegg hinweg gangen
2203 936 3274 1054 Ob Er nit offtmahlen mit seiner Schwöster
2182 1012 3276 1117 und auch eintzig bey Hrn N. Hauß an der
2172 1073 2616 1172 Brunngaßen Ihen
2184 1129 2989 1263 Ja Er seye Offtmahls dorth Gsin.
2193 1279 3303 1386 Ob ermelter H. N. Ihme nit auch Geldtgeben,
2176 1338 3064 1449 und Weßtwegen Er Ihme geben habe?
2187 1449 3231 1560 Ja Er habe Ihme einmahl geben. Auß der
2170 1512 3266 1620 Vrsach, Es habe Ihne seggi zur selbigen Zeit
2160 1569 3252 1683 eine noht ergriffen, daß Er Geldt haben müßen
2159 1648 2650 1740 da habe Er den H. L.
2806 1639 3234 1725 seh. Hbgehtee
2137 1694 3286 1803 Ag angesprochen, daß Er Ihme Vorstreiten
2149 1762 3256 1859 solle, oder Er wolle Ihme eine sach auß bringen
2157 1823 3228 1891 die Er mit seiner Muter begangen; da habe
2145 1881 2376 1982 der H. L.
2539 1879 3229 1978 sel. Ihme befohlen wider zu
2137 1934 3214 2051 komen. Nachwehrts habe Er Ihme durch seinen
2946 2000 3155 2116 Herren
2072 638 2141 737 39
