4032 3024
726 569 808 677 164
985 600 1889 758 Cathrina ehlmarn
820 734 1903 903 Gleicheritags ist auch Exa durch
813 855 1931 950 M. Rthl. Großweibel Examiniert worden
802 910 1943 1031 Dathri Fehlmann Ein muher schweiffendes
1705 982 1824 1037 raagen
793 973 1937 1091 Maydtlin so vor einihen Tagen demPeiler¬
802 1034 1959 1166 bey der Papyrmuhli etwelche sachen entwendt
791 1124 1925 1209 von deßtwegen selbiges behändiget undt ein¬
795 1173 1159 1272 gesetzt worden
778 1266 1924 1380 Befragdt wie es heiße wie alt und wo es
779 1345 1147 1435 daheumb seye
739 1398 1945 1507 Antwort: Es heiße Rathr Fehlmann bey22.
774 1503 1819 1593 Jahren und seye zu frymettigen daheumb¬
711 1596 1657 1716 D. Ob seine Ellteren noch bey leben
682 1690 1905 1834 R. Es habe noch den Vatter, so sich bey den Hauß¬
762 1777 1878 1869 Lenthen zu Brunn aderen zu Zieche, die Mutter
784 1845 1623 1957 aber seye schon längsten gestorben.
690 1931 1815 2065 L. Waß es mache und wormit es sich erhalte.
2019 635 2114 751 169
2154 710 3203 839 Es habe den vergangenen Somer durch bey Basel ge¬
2143 790 2344 875 schnitten
2141 864 3260 985 Wie manchmahl es schon hier in der Gefangenschafft
2119 946 2216 1043 9sin
2116 1004 2807 1139 Es seye Intz das Viertemahl
2132 1099 3183 1241 Auß waß ursachen es das Erstemahl eingesetzt
2111 1208 2288 1297 worden
2120 1251 3244 1370 Es habe der Frauw dickenen beyderen es damahl
2115 1344 3237 1438 gedienet Geldt entwendt, (:wüße mit mehr wie viel
2101 1405 3244 1487 es gewesen sein Vatter aber habe es der Frl. ditenen
2097 1461 3178 1555 widrumb ersetzt, darauff es wider ledig worden
2222 1521 2824 1610 at vngesehr 20 thalern
2118 1570 3235 1679 Vnßtwegen es zum anderen mahl in gefangen¬
2085 1642 2391 1750 schafft komen
2100 1715 3172 1845 Es habe drußen im Sahli des Ihr Landtrogts
2088 1807 3228 1921 Haußleuthen ein Ehrigs Hausfel entwendt, damahln
2071 1867 3222 1986 seye es mit dem Haafen am halb die Statt hinunder
2079 1949 2476 2050 geführt worden.
