4032 3024
746 518 808 612 58
826 604 1895 744 Wegen des Einten Sachs zugesprochen Über¬
832 681 1945 803 nachwehrts, da Er den anderen auch bekennt ge¬
832 761 1950 871 nomen zu haben, habe Ihme niemand getröunkt
790 838 1958 993 R. Es seye wohl wahr, aber Er habe solches doch
822 923 1262 1022 außforcht gesagdt
696 997 1911 1152 E. Ob Er mit dem Muller Lantz gesagdt, Er
820 1094 1960 1196 solle nit so streng mit Ihme verfahren, Er wolle
793 1152 1446 1260 Ihme das Kohrn bezahlen
747 1269 1928 1361 R Ja Er habe es gesagdt aber nur von deßt wegen
788 1324 1949 1451 daß der Lantz Ihne nit in Schand bringe, Er habe
792 1397 1699 1511 Einmahl doch das Kohrn nit genomen
829 1443 1123 1545 Solchemnach
776 1499 1895 1611 hierauf hat Ihme der Refiknecht vorgehalten
787 1564 1914 1672 Wie daß Er Ihme und dem Lantz, im hinauf
790 1625 1894 1719 gehen, angezeigt, wie Ers mit dem entwendten
784 1712 1871 1790 ohrn gemacht habe. Nämblich Er seye beyn
776 1748 1885 1862 Mußhaffen zu oberst auf der Stagen gestanden
1271 1813 1418 1856 mit dem
792 1807 1879 1924 und habe der Jeinge, so das Ghorigen Roß alle wochen
772 1861 1835 1977 in die Statt kome, das Kohrn hinweg getragen
1684 1967 1897 2064 Vnd habe
2090 581 2175 696 59.
2214 640 3316 758 und habe Er biß dahin nur noch 4. b. fur eine
2203 720 3332 835 Maaß von Ihme bekommen, Er werde Ihm aber noch
2205 783 2457 882 mehr geben
2182 871 3304 980 hierauß sagdte Er, Es sey wahr Er habe Ihnen
2198 944 3310 1041 solches vorgeben Aber deme seye doch nit also
2184 992 2902 1104 Er habe nit die wahrheit gesagdt
2197 1079 3212 1210 Ob ihr mit vor Etwas Zeits draußen Hym
2099 1145 2183 1222 E
2197 1162 3316 1266 orunnhauß Ein 4. Egketes Eisen außgezogen
2185 1220 2842 1327 und selbiges versteckt habe
2220 1297 2804 1415 Ja Er habe solches gethan
2110 1314 2196 1429 H
2148 1402 3265 1518 Nachdeme nun Ihr Gue. Dienere gesechen
2167 1480 3240 1587 daß ohngeacht alles krefftigen Zusprechens
2179 1545 3240 1640 dieses Mann die Vormahls bekante That, nun
2174 1602 3229 1707 nit mehr gestehen wollen, sonderen auf dem
2118 1658 3263 1771 Leugnen beharret, habend Sie solches Er Gul.
2169 1729 3267 1833 zu dero hochweisen Verneren Verordnung hin¬
2166 1805 2628 1904 derbringen wollen.
2368 1831 3157 1944 über vorweisung deß tumoleisens bebenten
2171 1882 2708 1977 Wohl die Gloy Mn dankel, wel¬
2808 1914 2984 1978 mit heilßt
2983 1924 3145 1972 N. n. F.
2169 1954 2601 2006 gestohlen mnd demselben
2949 1960 3050 2021 gebon
2638 1957 2893 2019 Con a. 956
2226 1985 2619 2050 nichts mmpang Jehabe
2702 1995 2900 2051 du bekent
2163 2005 2471 2073 kürnng so deß oesti
2506 2029 2759 2082 nit gelesen.
2236 2041 2501 2101 ten Schahe eib¬
2551 2061 2675 2117 beschehen
2715 2039 2958 2123 ponsebutati
3060 2062 3146 2135 thl
2151 2052 2856 2171 so daß er deßthalb gantz einschuiltig si
