4032 3024
728 578 829 683 966
856 700 1919 830 Warumb es das dritte mahl eingezogen
841 769 1013 866 worden
846 810 1943 959 Es habe bey dem dauid fischer sel. gedienet
829 928 1889 1031 bey dem es großen Junger gelitten welches
815 973 1937 1083 Ihn verursachet, daß es dem H. hischer einbrodt
826 1031 1919 1150 ein Tischlachen und zwo ronen geldt genommen
818 1092 1936 1229 deßtwegen es einhalb Jahrlang ins Schallen¬
813 1179 1365 1287 Werch gethan worden.
761 1268 1927 1397 E. Außwaß ursachen es dißmahlen eingesetzt
817 1372 998 1468 worden.
813 1426 1925 1570 Es habe sich beydem Sagenfeiler bey der Pa¬
803 1521 1946 1637 Eyr mihl 14. tag lang außgehalten, und dem¬
797 1590 1923 1683 selben folgende sachen enttragen. Ein Körblin
808 1654 1875 1748 im Ringlin so mann auff den Kopf legdt, Ein
783 1725 1943 1839 zwächelin, Ein halb tuch ein paar Schne ein Cassag¬
793 1796 1942 1895 lin von rattine, einPsalmen buch und ein furtuch,
792 1854 1859 1980 das Psalmenbuch und das fürtuch habend Sie
795 1946 1153 2034 wider bekommen
2056 630 2153 726 167
2156 729 3156 860 Wo es mit denen übrigen sachen hinkomen?
2155 810 3228 954 die Schue das Körblin und das Zwächelin seyen
2143 899 3192 1008 Beÿ dem Wuhrt beÿ der Neuwenbrügg, das
2135 969 3232 1086 tattinene Cassägli aber habe Ihm das El) Stoll
2141 1040 2350 1113 genommen
2167 1132 3244 1223 Ob Es nit noch andere diesstahl mehr begangen.
2169 1204 3121 1344 Nein es habe sonst nichts mehr gestohlen.
2120 1330 3177 1452 Weilen nun dieses Mensch keinen Weiteren
2125 1422 3172 1514 diebstahl begangen zuhaben bekandtlich seyn
2126 1478 3162 1583 wollen, als ist selbiges wider an sein ohrt ge¬
2110 1538 2903 1658 führt worden. Actum Vorstaht.
