<?xml version="1.0" encoding="UTF-8" standalone="yes"?>
<PcGts xmlns="http://schema.primaresearch.org/PAGE/gts/pagecontent/2013-07-15" xmlns:xsi="http://www.w3.org/2001/XMLSchema-instance" xsi:schemaLocation="http://schema.primaresearch.org/PAGE/gts/pagecontent/2013-07-15 http://schema.primaresearch.org/PAGE/gts/pagecontent/2013-07-15/pagecontent.xsd">
    <Metadata>
        <Creator>prov=University of Rostock/Institute of Mathematics/CITlab|PLANET AI GmbH/Gundram Leifert/gundram.leifert@planet-ai.de:name=Transkribus German Kurrent M2(htr_id=29820)::::v=2.6.7
prov=University of Rostock/Institute of Mathematics/CITlab|PLANET AI GmbH/Tobias Gruening/tobias.gruening@planet-ai.de:name=de.uros.citlab.module.baseline2polygon.B2PSeamMultiOriented:v=2.6.7
prov=University of Rostock/Institute of Mathematics/CITlab|PLANET AI GmbH/Tobias Gruening/tobias.gruening@planet-ai.de:name=/net_tf/LA73_249_0mod360.pb:de.uros.citlab.segmentation.CITlab_LA_ML:v=2.6.7
Transkribus</Creator>
        <Created>2022-05-02T16:14:02.839+02:00</Created>
        <LastChange>2023-01-12T10:58:45.056+01:00</LastChange>
        <TranskribusMetadata docId="1336519" pageId="52421316" pageNr="88" tsid="114799609" status="IN_PROGRESS" userId="141590" imgUrl="https://files.transkribus.eu/Get?id=PLJBCZSVMBNRBITXNQNQRMMO&amp;fileType=view" xmlUrl="https://files.transkribus.eu/Get?id=AQAPTYWGGWTXBUCKJTZXCNQV" imageId="30694939"/>
    </Metadata>
    <Page imageFilename="IMG_7290.jpg" imageWidth="4032" imageHeight="3024">
        <ReadingOrder>
            <OrderedGroup id="ro_1687513557506" caption="Regions reading order">
                <RegionRefIndexed index="0" regionRef="r1"/>
                <RegionRefIndexed index="1" regionRef="r2"/>
                <RegionRefIndexed index="2" regionRef="r3"/>
                <RegionRefIndexed index="3" regionRef="r4"/>
            </OrderedGroup>
        </ReadingOrder>
        <TextRegion orientation="0.0" type="page-number" id="r1" custom="readingOrder {index:0;} structure {type:page-number;}">
            <Coords points="776,547 776,704 888,706 888,549"/>
            <TextLine id="r1l1" custom="readingOrder {index:0;}">
                <Coords points="792,684 814,694 830,682 842,682 853,676 864,680 876,583 859,582 854,578 836,593 821,585 813,591 804,589"/>
                <Baseline points="804,647 832,648 860,654"/>
                <TextEquiv>
                    <Unicode>169.</Unicode>
                </TextEquiv>
            </TextLine>
            <TextEquiv>
                <Unicode>169.</Unicode>
            </TextEquiv>
        </TextRegion>
        <TextRegion orientation="0.0" type="paragraph" id="r2" custom="readingOrder {index:1;} structure {type:paragraph;}">
            <Coords points="813,709 813,1989 1917,1989 1917,709"/>
            <TextLine id="r2l1" custom="readingOrder {index:0;}">
                <Coords points="870,773 1074,742 1308,791 1476,763 1554,792 1594,760 1731,828 1785,792 1908,807 1910,754 1754,715 1609,744 1507,699 1187,725 940,662 875,684"/>
                <Baseline points="879,738 930,741 981,743 1032,744 1083,746 1134,748 1185,749 1236,751 1287,753 1338,755 1390,756 1441,759 1492,762 1543,765 1594,768 1645,772 1696,776 1747,781 1798,787 1849,795 1901,801"/>
                <TextEquiv>
                    <Unicode>Etliche strangen Garn vnd faden Ein Scheiblin</Unicode>
                </TextEquiv>
            </TextLine>
            <TextLine id="r2l2" custom="readingOrder {index:1;}">
                <Coords points="871,826 1305,856 1366,835 1446,874 1538,838 1653,871 1779,855 1781,805 1730,828 1625,773 1560,810 1434,768 1366,794 1058,748 969,787 874,767"/>
                <Baseline points="879,803 923,803 968,804 1012,804 1057,806 1102,806 1146,807 1191,809 1236,810 1280,812 1325,815 1370,818 1414,820 1459,822 1504,825 1548,827 1593,831 1638,834 1682,837 1727,842 1772,845"/>
                <TextEquiv>
                    <Unicode>Schmaltz und Ein dangel gschirr entwendt</Unicode>
                </TextEquiv>
            </TextLine>
            <TextLine id="r2l3" custom="readingOrder {index:2;} person {offset:23; length:13;}">
                <Coords points="850,918 929,882 1182,936 1243,900 1906,933 1908,866 1845,835 1656,889 1345,835 1138,868 1055,828 971,854 854,821"/>
                <Baseline points="858,879 910,881 962,881 1014,882 1066,885 1118,887 1170,888 1222,890 1274,891 1326,893 1378,896 1430,897 1482,899 1534,901 1586,903 1638,905 1690,908 1742,909 1794,911 1846,912 1899,914"/>
                <TextEquiv>
                    <Unicode>zum Anderen habend der Stephan Grieß, der</Unicode>
                </TextEquiv>
            </TextLine>
            <TextLine id="r2l4" custom="readingOrder {index:3;} person {offset:0; length:15;}">
                <Coords points="871,963 983,948 1119,985 1184,945 1420,963 1453,998 1891,1003 1832,935 1738,920 1545,940 1253,901 1181,933 1008,886 874,898"/>
                <Baseline points="879,945 929,945 979,945 1029,947 1080,948 1130,950 1180,951 1230,953 1281,955 1331,958 1381,960 1431,964 1482,967 1532,970 1582,973 1632,975 1683,980 1733,982 1783,986 1833,989 1884,992"/>
                <TextEquiv>
                    <Unicode>Christen Eicher vnd Er vor ohngefehrt i tagen</Unicode>
                </TextEquiv>
            </TextLine>
            <TextLine id="r2l5" custom="readingOrder {index:4;}">
                <Coords points="874,1036 927,1006 1036,1051 1176,1015 1484,1040 1577,1080 1697,1040 1738,1080 1851,1065 1853,1029 1783,997 1456,1000 1416,962 1019,989 967,957 877,967"/>
                <Baseline points="882,1010 930,1010 978,1010 1026,1011 1074,1011 1122,1013 1170,1014 1219,1016 1267,1017 1315,1019 1363,1022 1411,1024 1459,1026 1507,1029 1556,1031 1604,1034 1652,1036 1700,1039 1748,1041 1796,1043 1845,1046"/>
                <TextEquiv>
                    <Unicode>3 Vnderhalb utendorff des Nachts Einen</Unicode>
                </TextEquiv>
            </TextLine>
            <TextLine id="r2l6" custom="readingOrder {index:5;}">
                <Coords points="856,1092 940,1118 1043,1073 1153,1103 1268,1076 1323,1113 1379,1087 1780,1150 1924,1117 1926,1078 1800,1048 1753,1084 1696,1040 1618,1078 1503,1043 1459,1073 1281,1028 1222,1052 1176,1016 1087,1056 938,1014 858,1046"/>
                <Baseline points="864,1077 916,1077 969,1077 1021,1077 1074,1079 1127,1080 1179,1082 1232,1083 1285,1085 1337,1087 1390,1089 1443,1092 1495,1095 1548,1097 1601,1100 1653,1101 1706,1104 1759,1106 1811,1107 1864,1109 1917,1110"/>
                <TextEquiv>
                    <Unicode>Speicher eröffnet vnd auß demselben A. poar</Unicode>
                </TextEquiv>
            </TextLine>
            <TextLine id="r2l7" custom="readingOrder {index:6;}">
                <Coords points="851,1154 938,1144 1036,1188 1218,1151 1894,1183 1869,1130 853,1100"/>
                <Baseline points="858,1137 909,1139 960,1141 1012,1143 1063,1145 1115,1146 1166,1146 1218,1148 1269,1150 1321,1152 1372,1153 1423,1155 1475,1157 1526,1158 1578,1160 1629,1162 1681,1164 1732,1166 1784,1169 1835,1170 1887,1173"/>
                <TextEquiv>
                    <Unicode>hosen, Ein Weiberrock, 9. oder 10: Mägere</Unicode>
                </TextEquiv>
            </TextLine>
            <TextLine id="r2l8" custom="readingOrder {index:7;}">
                <Coords points="851,1224 1112,1215 1171,1247 1258,1215 1348,1261 1448,1223 1734,1262 1849,1243 1850,1214 1410,1152 1354,1197 1288,1166 1171,1193 853,1152"/>
                <Baseline points="858,1199 907,1202 956,1204 1005,1206 1054,1208 1104,1209 1153,1211 1202,1212 1251,1213 1300,1215 1350,1215 1399,1217 1448,1218 1497,1219 1546,1220 1596,1221 1645,1223 1694,1224 1743,1227 1792,1229 1842,1230"/>
                <TextEquiv>
                    <Unicode>läßlin, Einen halben feißen Kaß, vnd Ein</Unicode>
                </TextEquiv>
            </TextLine>
            <TextLine id="r2l9" custom="readingOrder {index:8;}">
                <Coords points="845,1273 864,1262 940,1303 979,1285 1102,1311 1244,1311 1324,1288 1325,1252 1302,1257 1281,1238 1191,1254 1149,1233 1097,1227 1073,1243 1022,1226 1003,1243 906,1216 846,1238"/>
                <Baseline points="852,1263 877,1263 903,1264 929,1265 955,1265 981,1266 1007,1266 1032,1268 1058,1268 1084,1269 1110,1270 1136,1271 1162,1271 1187,1272 1213,1274 1239,1274 1265,1275 1291,1275 1317,1275"/>
                <TextEquiv>
                    <Unicode>seiig Mahl genommen</Unicode>
                </TextEquiv>
            </TextLine>
            <TextLine id="r2l10" custom="readingOrder {index:9;} place {offset:12; length:10;} person {offset:34; length:7;}">
                <Coords points="815,1373 982,1348 1088,1390 1201,1359 1884,1392 1885,1343 1810,1308 1715,1329 1441,1274 1312,1326 817,1299"/>
                <Baseline points="822,1346 874,1347 927,1347 980,1349 1033,1349 1086,1350 1138,1352 1191,1353 1244,1355 1297,1356 1350,1358 1402,1359 1455,1361 1508,1362 1561,1364 1614,1365 1666,1367 1719,1368 1772,1369 1825,1370 1878,1371"/>
                <TextEquiv>
                    <Unicode>Drittens zu blumensten habend der Spephon</Unicode>
                </TextEquiv>
            </TextLine>
            <TextLine id="r2l11" custom="readingOrder {index:10;} person {offset:4; length:6;}">
                <Coords points="857,1416 946,1410 990,1447 1091,1409 1184,1458 1801,1442 1841,1477 1903,1470 1906,1398 1768,1404 1702,1364 1656,1397 1520,1365 1472,1397 859,1360"/>
                <Baseline points="864,1406 915,1407 967,1407 1019,1407 1070,1409 1122,1410 1174,1412 1225,1413 1277,1415 1329,1416 1381,1418 1432,1420 1484,1422 1536,1424 1587,1427 1639,1428 1691,1430 1742,1431 1794,1433 1846,1436 1898,1437"/>
                <TextEquiv>
                    <Unicode>der Eicher und Er, vor ohngefehrt 8. tagen auch</Unicode>
                </TextEquiv>
            </TextLine>
            <TextLine id="r2l12" custom="readingOrder {index:11;}">
                <Coords points="845,1474 967,1514 1149,1474 1599,1535 1819,1493 1821,1439 1715,1469 1599,1437 1359,1463 1311,1432 1217,1461 1060,1416 990,1448 945,1409 846,1414"/>
                <Baseline points="852,1470 900,1470 948,1470 996,1470 1044,1470 1092,1472 1140,1473 1188,1475 1236,1476 1284,1478 1332,1479 1380,1481 1428,1482 1476,1485 1524,1485 1572,1487 1620,1488 1668,1488 1716,1488 1764,1487 1812,1487"/>
                <TextEquiv>
                    <Unicode>des Nachts in einen Speicher gebrochen vnd</Unicode>
                </TextEquiv>
            </TextLine>
            <TextLine id="r2l13" custom="readingOrder {index:12;}">
                <Coords points="834,1532 951,1543 1004,1576 1208,1540 1278,1569 1427,1543 1498,1564 1488,1487 1367,1522 1151,1472 1103,1507 1009,1490 967,1514 835,1480"/>
                <Baseline points="842,1527 874,1529 906,1530 939,1530 971,1532 1004,1533 1036,1533 1069,1535 1101,1535 1134,1536 1166,1536 1198,1537 1231,1538 1263,1538 1296,1539 1328,1539 1361,1539 1393,1541 1426,1541 1458,1541 1491,1542"/>
                <TextEquiv>
                    <Unicode>darauß d7. Käßlin genommen</Unicode>
                </TextEquiv>
            </TextLine>
            <TextLine id="r2l14" custom="readingOrder {index:13;}">
                <Coords points="826,1636 906,1613 1047,1654 1089,1627 1146,1662 1221,1626 1377,1660 1438,1623 1472,1649 1556,1627 1603,1654 1604,1577 1479,1560 1393,1578 1333,1554 1253,1604 1077,1604 1032,1565 913,1541 827,1584"/>
                <Baseline points="834,1610 872,1614 910,1615 948,1617 986,1619 1024,1620 1062,1622 1100,1622 1138,1623 1176,1623 1215,1623 1253,1623 1291,1623 1329,1623 1367,1623 1405,1623 1443,1625 1481,1625 1519,1625 1557,1625 1596,1625"/>
                <TextEquiv>
                    <Unicode>Itens Seye Er mit zuthun des</Unicode>
                </TextEquiv>
            </TextLine>
            <TextLine id="r2l15" custom="readingOrder {index:14;} person {offset:0; length:8; continued:true;}">
                <Coords points="1602,1647 1622,1653 1648,1642 1666,1659 1673,1653 1680,1660 1690,1653 1705,1660 1725,1642 1761,1643 1780,1654 1825,1650 1825,1609 1805,1617 1772,1604 1741,1576 1731,1580 1716,1570 1697,1576 1682,1564 1621,1575 1603,1568"/>
                <Baseline points="1610,1638 1636,1640 1662,1641 1688,1641 1714,1641 1740,1640 1766,1640 1792,1641 1818,1643"/>
                <TextEquiv>
                    <Unicode>Shristen</Unicode>
                </TextEquiv>
            </TextLine>
            <TextLine id="r2l16" custom="readingOrder {index:15;} person {offset:0; length:8; continued:true;} person {offset:13; length:15;}">
                <Coords points="826,1715 875,1681 1088,1671 1262,1723 1339,1686 1412,1717 1461,1687 1861,1702 1861,1663 1814,1647 827,1636"/>
                <Baseline points="834,1674 885,1674 936,1676 987,1676 1038,1676 1089,1677 1140,1677 1191,1678 1242,1679 1293,1679 1344,1680 1395,1680 1446,1682 1497,1682 1548,1683 1599,1683 1650,1685 1701,1685 1752,1686 1803,1686 1854,1688"/>
                <TextEquiv>
                    <Unicode>Germanns und Stephan Grießen Vergange¬</Unicode>
                </TextEquiv>
            </TextLine>
            <TextLine id="r2l17" custom="readingOrder {index:16;} place {offset:14; length:7;}">
                <Coords points="830,1748 974,1774 1023,1744 1095,1773 1162,1740 1313,1745 1599,1784 1726,1746 1831,1774 1832,1719 1661,1695 1333,1727 1189,1680 964,1677 831,1712"/>
                <Baseline points="837,1731 886,1733 935,1734 985,1736 1034,1737 1083,1739 1133,1739 1182,1740 1231,1741 1281,1742 1330,1742 1379,1742 1429,1743 1478,1743 1527,1744 1577,1745 1626,1745 1675,1746 1725,1748 1774,1749 1824,1751"/>
                <TextEquiv>
                    <Unicode>nen Zerpst zu Mulenen des Nachss in Einen</Unicode>
                </TextEquiv>
            </TextLine>
            <TextLine id="r2l18" custom="readingOrder {index:17;}">
                <Coords points="812,1821 893,1835 950,1802 1147,1842 1254,1812 1349,1845 1593,1808 1806,1846 1807,1778 1726,1746 1647,1785 1267,1752 1007,1782 813,1749"/>
                <Baseline points="819,1797 868,1799 917,1800 966,1800 1015,1802 1064,1802 1113,1802 1162,1803 1211,1803 1260,1803 1309,1805 1358,1805 1407,1805 1456,1806 1505,1806 1554,1808 1603,1809 1652,1809 1701,1811 1750,1812 1800,1814"/>
                <TextEquiv>
                    <Unicode>Speicher gebrochen vnd habend darauß 3.</Unicode>
                </TextEquiv>
            </TextLine>
            <TextLine id="r2l19" custom="readingOrder {index:18;}">
                <Coords points="805,1912 1239,1867 1615,1923 1670,1881 1794,1901 1795,1839 1689,1825 1559,1850 1435,1814 1378,1852 1254,1812 1145,1844 1096,1812 1024,1842 951,1803 807,1833"/>
                <Baseline points="813,1860 861,1862 910,1863 959,1865 1008,1866 1056,1866 1105,1866 1154,1868 1203,1868 1251,1868 1300,1868 1349,1868 1398,1868 1446,1869 1495,1869 1544,1871 1593,1872 1641,1874 1690,1877 1739,1880 1788,1883"/>
                <TextEquiv>
                    <Unicode>bergkaßen und 8. kleine käßlin genommen</Unicode>
                </TextEquiv>
            </TextLine>
            <TextLine id="r2l20" custom="readingOrder {index:19;}">
                <Coords points="1625,1979 1650,1976 1683,1989 1694,1986 1702,1995 1716,1996 1736,1985 1748,1990 1754,1984 1773,1995 1788,1994 1789,1929 1770,1924 1758,1930 1713,1928 1695,1922 1657,1936 1625,1923"/>
                <Baseline points="1631,1973 1656,1971 1681,1970 1706,1970 1731,1971 1756,1972 1782,1974"/>
                <TextEquiv>
                    <Unicode>Allein</Unicode>
                </TextEquiv>
            </TextLine>
            <TextEquiv>
                <Unicode>Etliche strangen Garn vnd faden Ein Scheiblin
Schmaltz und Ein dangel gschirr entwendt
zum Anderen habend der Stephan Grieß, der
Christen Eicher vnd Er vor ohngefehrt i tagen
3 Vnderhalb utendorff des Nachts Einen
Speicher eröffnet vnd auß demselben A. poar
hosen, Ein Weiberrock, 9. oder 10: Mägere
läßlin, Einen halben feißen Kaß, vnd Ein
seiig Mahl genommen
Drittens zu blumensten habend der Spephon
der Eicher und Er, vor ohngefehrt 8. tagen auch
des Nachts in einen Speicher gebrochen vnd
darauß d7. Käßlin genommen
Itens Seye Er mit zuthun des
Shristen
Germanns und Stephan Grießen Vergange¬
nen Zerpst zu Mulenen des Nachss in Einen
Speicher gebrochen vnd habend darauß 3.
bergkaßen und 8. kleine käßlin genommen
Allein</Unicode>
            </TextEquiv>
        </TextRegion>
        <TextRegion orientation="0.0" type="page-number" id="r3" custom="readingOrder {index:2;} structure {type:page-number;}">
            <Coords points="2023,639 2016,781 2114,781 2121,639"/>
            <TextLine id="r3l1" custom="readingOrder {index:0;}">
                <Coords points="2033,777 2055,770 2070,771 2099,748 2125,743 2112,658 2101,659 2079,674 2063,669 2036,692 2029,687 2020,689"/>
                <Baseline points="2033,731 2060,726 2087,721 2114,719"/>
                <TextEquiv>
                    <Unicode>169</Unicode>
                </TextEquiv>
            </TextLine>
            <TextEquiv>
                <Unicode>169</Unicode>
            </TextEquiv>
        </TextRegion>
        <TextRegion orientation="0.0" type="paragraph" id="r4" custom="readingOrder {index:3;} structure {type:paragraph;}">
            <Coords points="2058,738 2058,2083 3257,2083 3257,738"/>
            <TextLine id="r4l1" custom="readingOrder {index:0;}">
                <Coords points="2141,801 2582,761 2783,796 3187,769 3264,802 3263,702 3072,739 2817,694 2763,731 2140,739"/>
                <Baseline points="2147,780 2202,778 2258,776 2313,775 2369,773 2424,773 2480,771 2535,771 2591,770 2646,770 2702,768 2757,768 2813,768 2868,767 2924,767 2979,767 3035,767 3090,765 3146,765 3201,764 3257,764"/>
                <TextEquiv>
                    <Unicode>Allein waß die 3. bergkasen Anlange, habe</Unicode>
                </TextEquiv>
            </TextLine>
            <TextLine id="r4l2" custom="readingOrder {index:1;}">
                <Coords points="2134,869 2322,830 2532,863 3249,845 3248,791 3202,786 2133,788"/>
                <Baseline points="2141,840 2196,837 2251,834 2306,833 2361,830 2416,828 2471,827 2526,825 2581,825 2636,824 2691,824 2746,824 2801,824 2856,824 2911,824 2966,824 3021,824 3076,825 3131,825 3186,825 3242,825"/>
                <TextEquiv>
                    <Unicode>Er vernommen, daß selbige zu vor dem Amani</Unicode>
                </TextEquiv>
            </TextLine>
            <TextLine id="r4l3" custom="readingOrder {index:2;}">
                <Coords points="2151,935 2225,898 2336,935 2411,908 2441,935 2480,909 2530,926 2583,898 2684,922 2794,890 2863,921 2940,879 2939,852 2860,843 2531,862 2412,840 2378,872 2269,832 2224,870 2149,872"/>
                <Baseline points="2157,900 2195,898 2234,897 2273,896 2312,894 2351,893 2389,893 2428,891 2467,891 2506,890 2545,889 2583,888 2622,887 2661,886 2700,885 2739,884 2777,882 2816,881 2855,880 2894,879 2933,876"/>
                <TextEquiv>
                    <Unicode>im Bäch seyen genommen worden.</Unicode>
                </TextEquiv>
            </TextLine>
            <TextLine id="r4l4" custom="readingOrder {index:3;}">
                <Coords points="2134,1018 2147,1017 2188,977 2201,982 2219,966 2240,982 2265,987 2260,929 2233,940 2201,917 2183,920 2159,935 2141,924 2135,932 2127,931"/>
                <Baseline points="2138,977 2167,971 2197,967 2226,966 2256,966"/>
                <TextEquiv>
                    <Unicode>Itans</Unicode>
                </TextEquiv>
            </TextLine>
            <TextLine id="r4l5" custom="readingOrder {index:4;} person {offset:9; length:17;}">
                <Coords points="2153,1058 2580,1030 2626,1066 2795,1029 3021,1064 3141,1053 3231,1018 3231,986 3075,954 2845,1005 2532,964 2393,1003 2314,973 2151,990"/>
                <Baseline points="2159,1040 2212,1038 2265,1037 2318,1037 2372,1035 2425,1034 2478,1034 2531,1032 2585,1031 2638,1031 2691,1029 2744,1029 2798,1028 2851,1028 2904,1026 2957,1026 3011,1025 3064,1025 3117,1025 3170,1023 3224,1023"/>
                <TextEquiv>
                    <Unicode>habe der Christen Herrmann sein Schwager</Unicode>
                </TextEquiv>
            </TextLine>
            <TextLine id="r4l6" custom="readingOrder {index:5;} person {offset:13; length:13;}">
                <Coords points="2141,1126 2528,1091 2584,1126 2813,1086 2977,1119 3203,1097 3204,1059 2893,1035 2626,1067 2443,1033 2140,1076"/>
                <Baseline points="2147,1106 2199,1103 2252,1100 2304,1097 2357,1094 2409,1092 2462,1091 2514,1090 2567,1089 2619,1088 2672,1088 2724,1088 2777,1086 2829,1086 2882,1086 2934,1085 2987,1085 3039,1083 3092,1082 3144,1080 3197,1079"/>
                <TextEquiv>
                    <Unicode>Ihne vnd den Stephon Grieß verwichenen</Unicode>
                </TextEquiv>
            </TextLine>
            <TextLine id="r4l7" custom="readingOrder {index:6;} place {offset:9; length:9;}">
                <Coords points="2138,1196 2559,1159 2704,1189 2885,1142 3190,1159 3233,1112 3121,1081 3023,1123 2839,1088 2579,1126 2518,1092 2448,1129 2356,1098 2136,1136"/>
                <Baseline points="2144,1170 2198,1167 2252,1164 2306,1161 2360,1160 2414,1158 2468,1155 2523,1154 2577,1152 2631,1151 2685,1150 2739,1149 2793,1148 2847,1146 2902,1145 2956,1144 3010,1143 3064,1142 3118,1140 3172,1139 3227,1136"/>
                <TextEquiv>
                    <Unicode>Marit in adelboden geführt alda ansoß adre</Unicode>
                </TextEquiv>
            </TextLine>
            <TextLine id="r4l8" custom="readingOrder {index:7;} person {offset:11; length:7;}">
                <Coords points="2141,1239 2433,1257 3019,1201 3128,1236 3246,1205 3244,1141 2916,1188 2781,1147 2681,1197 2314,1165 2139,1194"/>
                <Baseline points="2147,1229 2201,1227 2256,1226 2310,1224 2365,1223 2420,1221 2474,1219 2529,1217 2583,1215 2638,1213 2693,1211 2747,1209 2802,1208 2856,1206 2911,1205 2966,1204 3020,1203 3075,1203 3129,1203 3184,1203 3239,1205"/>
                <TextEquiv>
                    <Unicode>Bodens der Germann mit einem Krummen Ihrlie</Unicode>
                </TextEquiv>
            </TextLine>
            <TextLine id="r4l9" custom="readingOrder {index:8;}">
                <Coords points="2132,1320 2179,1284 2312,1314 2574,1267 2630,1294 2679,1260 2909,1300 3150,1279 3170,1230 2965,1208 2615,1244 2578,1218 2475,1257 2338,1227 2130,1263"/>
                <Baseline points="2138,1284 2189,1283 2240,1283 2291,1281 2343,1281 2394,1280 2445,1278 2497,1277 2548,1275 2599,1274 2651,1272 2702,1269 2753,1268 2804,1266 2856,1265 2907,1265 2958,1263 3010,1262 3061,1262 3112,1262 3164,1262"/>
                <TextEquiv>
                    <Unicode>einen Speicher eröfferet außwelchem Sie 5.</Unicode>
                </TextEquiv>
            </TextLine>
            <TextLine id="r4l10" custom="readingOrder {index:9;}">
                <Coords points="2135,1386 2572,1357 2623,1390 2801,1385 2862,1345 3027,1335 3160,1370 3166,1274 2927,1307 2856,1274 2770,1314 2461,1280 2133,1310"/>
                <Baseline points="2141,1356 2192,1355 2243,1353 2294,1352 2345,1350 2396,1349 2447,1347 2498,1346 2549,1344 2600,1343 2651,1341 2702,1340 2753,1338 2804,1338 2855,1337 2906,1335 2957,1335 3008,1334 3059,1334 3110,1334 3161,1332"/>
                <TextEquiv>
                    <Unicode>Sythen Späck vnd bey 10: käßlin genommen</Unicode>
                </TextEquiv>
            </TextLine>
            <TextLine id="r4l11" custom="readingOrder {index:10;} place {offset:22; length:10;}">
                <Coords points="2088,1517 2173,1482 2486,1505 2564,1473 3012,1498 3199,1457 3197,1405 2898,1436 2802,1399 2694,1445 2269,1387 2084,1414"/>
                <Baseline points="2094,1484 2148,1482 2203,1481 2258,1479 2313,1477 2368,1475 2423,1473 2477,1471 2532,1469 2587,1467 2642,1465 2697,1463 2752,1461 2807,1460 2861,1458 2916,1455 2971,1454 3026,1452 3081,1451 3136,1449 3191,1448"/>
                <TextEquiv>
                    <Unicode>D. Ob Sie mit auch im Guggisferg eingebrochen.</Unicode>
                </TextEquiv>
            </TextLine>
            <TextLine id="r4l12" custom="readingOrder {index:11;} place {offset:18; length:10;}">
                <Coords points="2186,1590 2576,1564 2807,1596 2884,1555 3177,1584 3226,1570 3225,1510 2904,1524 2809,1487 2672,1492 2622,1529 2383,1501 2338,1536 2184,1508"/>
                <Baseline points="2192,1562 2243,1562 2294,1560 2345,1560 2397,1559 2448,1557 2499,1556 2551,1554 2602,1553 2653,1551 2705,1551 2756,1550 2807,1548 2858,1547 2910,1547 2961,1547 3012,1547 3064,1547 3115,1547 3166,1547 3218,1548"/>
                <TextEquiv>
                    <Unicode>Nein sie seyen im Zuggisferg nie eingebroch</Unicode>
                </TextEquiv>
            </TextLine>
            <TextLine id="r4l13" custom="readingOrder {index:12;}">
                <Coords points="2100,1598 2113,1596 2120,1600 2133,1600 2152,1585 2164,1585 2154,1495 2145,1496 2141,1492 2121,1512 2115,1512 2109,1519 2106,1517 2101,1524 2091,1522"/>
                <Baseline points="2105,1580 2130,1580 2156,1574"/>
                <TextEquiv>
                    <Unicode>H.</Unicode>
                </TextEquiv>
            </TextLine>
            <TextLine id="r4l14" custom="readingOrder {index:13;}">
                <Coords points="2053,1711 2352,1658 2661,1694 2869,1634 3130,1669 3109,1567 2742,1573 2520,1619 2050,1600"/>
                <Baseline points="2058,1665 2111,1664 2164,1661 2217,1659 2270,1657 2324,1655 2377,1653 2430,1652 2483,1650 2536,1649 2590,1647 2643,1646 2696,1644 2749,1643 2802,1641 2856,1641 2909,1640 2962,1638 3015,1638 3068,1637 3122,1637"/>
                <TextEquiv>
                    <Unicode>R. Welcher von Ihnen zu Erst vom stählen</Unicode>
                </TextEquiv>
            </TextLine>
            <TextLine id="r4l15" custom="readingOrder {index:14;}">
                <Coords points="2136,1753 2145,1756 2174,1734 2191,1735 2229,1720 2256,1728 2263,1722 2296,1721 2294,1667 2278,1663 2237,1691 2221,1687 2213,1693 2202,1685 2191,1694 2168,1682 2134,1683"/>
                <Baseline points="2142,1719 2171,1716 2200,1715 2230,1713 2259,1713 2289,1716"/>
                <TextEquiv>
                    <Unicode>geredt</Unicode>
                </TextEquiv>
            </TextLine>
            <TextLine id="r4l16" custom="readingOrder {index:15;}">
                <Coords points="2077,1841 2368,1791 2652,1831 2699,1794 2745,1824 2900,1783 3026,1828 3196,1811 3176,1721 2985,1757 2696,1728 2603,1764 2414,1719 2075,1720"/>
                <Baseline points="2084,1811 2139,1805 2194,1802 2249,1798 2304,1796 2360,1793 2415,1791 2470,1790 2525,1788 2580,1788 2636,1788 2691,1787 2746,1787 2801,1787 2856,1787 2912,1787 2967,1786 3022,1785 3077,1784 3132,1782 3188,1781"/>
                <TextEquiv>
                    <Unicode>R. Sie habend etwann beyd Ein anderen dar von</Unicode>
                </TextEquiv>
            </TextLine>
            <TextLine id="r4l17" custom="readingOrder {index:16;}">
                <Coords points="2126,1881 2151,1873 2160,1879 2188,1856 2220,1872 2234,1864 2254,1871 2274,1852 2301,1851 2299,1805 2267,1805 2227,1834 2206,1835 2182,1822 2171,1830 2152,1813 2124,1828"/>
                <Baseline points="2132,1856 2159,1854 2186,1853 2213,1852 2240,1851 2267,1848 2294,1847"/>
                <TextEquiv>
                    <Unicode>Geredt.</Unicode>
                </TextEquiv>
            </TextLine>
            <TextLine id="r4l18" custom="readingOrder {index:17;}">
                <Coords points="2126,1950 2859,1965 2944,1928 3056,1960 3173,1925 2991,1865 2919,1913 2819,1871 2601,1913 2382,1860 2284,1899 2235,1866 2126,1881"/>
                <Baseline points="2133,1944 2184,1941 2236,1939 2288,1938 2339,1937 2391,1935 2443,1935 2494,1934 2546,1934 2598,1934 2650,1934 2701,1934 2753,1934 2805,1934 2856,1932 2908,1932 2960,1931 3011,1931 3063,1929 3115,1926 3167,1925"/>
                <TextEquiv>
                    <Unicode>dises ist das Jenige, waß diese gesellen über</Unicode>
                </TextEquiv>
            </TextLine>
            <TextLine id="r4l19" custom="readingOrder {index:18;}">
                <Coords points="2137,2018 2193,2041 2343,1999 2457,2043 2509,2004 2668,2040 3201,2015 3200,1952 3139,1941 2780,1977 2685,1940 2137,1961"/>
                <Baseline points="2144,1998 2196,1998 2249,1998 2301,1997 2354,1997 2406,1997 2459,1997 2511,1997 2564,1995 2616,1995 2669,1995 2721,1995 2774,1994 2826,1994 2879,1992 2931,1992 2984,1991 3036,1989 3089,1989 3141,1987 3194,1985"/>
                <TextEquiv>
                    <Unicode>gethans ernstliche zu sprechen guhtwillig behen</Unicode>
                </TextEquiv>
            </TextLine>
            <TextLine id="r4l20" custom="readingOrder {index:19;}">
                <Coords points="2114,2087 2125,2086 2144,2071 2163,2081 2176,2069 2193,2084 2225,2078 2244,2088 2270,2090 2268,2021 2241,2029 2218,2018 2192,2040 2164,2026 2141,2028 2113,2042"/>
                <Baseline points="2121,2067 2149,2066 2177,2064 2205,2064 2233,2063 2262,2064"/>
                <TextEquiv>
                    <Unicode>haben</Unicode>
                </TextEquiv>
            </TextLine>
            <TextEquiv>
                <Unicode>Allein waß die 3. bergkasen Anlange, habe
Er vernommen, daß selbige zu vor dem Amani
im Bäch seyen genommen worden.
Itans
habe der Christen Herrmann sein Schwager
Ihne vnd den Stephon Grieß verwichenen
Marit in adelboden geführt alda ansoß adre
Bodens der Germann mit einem Krummen Ihrlie
einen Speicher eröfferet außwelchem Sie 5.
Sythen Späck vnd bey 10: käßlin genommen
D. Ob Sie mit auch im Guggisferg eingebrochen.
Nein sie seyen im Zuggisferg nie eingebroch
H.
R. Welcher von Ihnen zu Erst vom stählen
geredt
R. Sie habend etwann beyd Ein anderen dar von
Geredt.
dises ist das Jenige, waß diese gesellen über
gethans ernstliche zu sprechen guhtwillig behen
haben</Unicode>
            </TextEquiv>
        </TextRegion>
    </Page>
</PcGts>
