4032 3024
818 571 896 640 160
877 619 1935 789 R. Er habe daselbsten niemanden nichts ge¬
906 713 1964 861 stohlen: Beharrete auch an der Marter darauf
906 787 1701 900 daß sie Er daselbsten nichts entwendt
851 841 916 949 D.
926 862 1848 1003 Ob Er mit den Bietz Johannes kenne.
849 956 1895 1092 R. Er kenne einen Bietz Johannes der Ihme
876 1021 1899 1162 geholffen Glaßtragen, aber Er habe wohl nichts
870 1088 1442 1198 schlimmes von Ihm gesechen
860 1169 1821 1291 Ohngeacht nun dieser Caspar Spring mit
862 1222 1906 1369 60. tt ger gewicht, hertigklich gefeckt, so hatte
863 1303 1787 1420 doch ein mehrers auß Ihme nit gebracht
864 1351 1878 1472 werden können, sonderen beharrete steiff vnd
851 1415 1835 1545 Vest, daß Er weder den Hannß Müller, Alli
853 1470 1830 1590 von durthen Reinacher, und Arwangen Peter
851 1546 1914 1664 noch das Barbl Liebistein kenne, weniger einihen
845 1593 1871 1713 diebstahl im Zurich gebieth noch anderstwo, mit
838 1656 1883 1784 Ihnen begangen oder Verubt laugnete auch steiß
828 1712 1838 1839 und Vost daß Er Inmahlen zu zur Zach eingezo¬
825 1772 1079 1853 gen worden
829 1828 1852 1991 dieses ist also das Jenige so auß Er Hel. Gefelch
816 1896 1567 2009 mit diesem Gsollen verrichtet worden
1519 1976 1819 2086 Actum Vorstaht.
2026 658 2141 767 161
2305 655 3196 790 Stephan Vnd Hanns
2426 745 3209 892 tGrieß von Reuttiger
2159 913 3244 1060 em 32. May 1744. Graberid Ihr
2147 1007 3220 1113 gnadt Dienere Mr ithl. Großweibel Im¬
2146 1071 3221 1181 Poof vnd der Grichtschreiber sich in die Ge¬
2146 1130 3234 1242 fangenschafft begeben, daselbsten die von dem
2152 1197 3213 1297 berherren zu Reichenbach gefängklich ath zu
2139 1252 3181 1362 oberkeitlichen Bauden Alhar gezendte Zween
2137 1331 3224 1418 dieben, Namens Stephan vnd Hannß Grieß
2138 1379 3180 1479 von Reuttigen, Wegen Vnd erschiedelichen
2132 1437 3199 1542 begangenen Einbruchen vnd Verubten dies
2123 1518 3215 1611 stahlen zu Examinieren; vnd wurde dem
2135 1559 2782 1670 nach Erstlichen vorgelaßen
2334 1634 3084 1749 Stephan Grieß seines Alters
2462 1703 2859 1797 Bey 22. Jahren
2087 1701 2285 1822 Eefrag d
2183 1776 3208 1914 Waß sein thun und laßen seye, Vnd Marmi
2117 1867 2425 1961 Er sich erhalte
2136 1930 3169 2054 Mit Glaß und Gschirtragen thune Er etwas
2976 2016 3192 2128 Wenigs
