4032 3024
781 549 899 637 240
911 579 1976 789 Vnd Ihme selbige für 2. D. 8 b. vnd 1. Maß wein
915 669 1997 855 Verkaufft davvon habe Er dem Joner 3.tb geben
928 743 1994 916 das übrige aber fur Ihn behalten, weil Er geldt
912 791 1277 886 von nöhten wäre
868 841 1943 1041 J. Ob Er etwas weiters mit dem Mutzger ge¬
904 941 1131 1025 handlet?
937 1012 1088 1105 ein
934 1107 1915 1256 Ob der Metzger Ihnen befohlen, etwas
909 1177 1508 1304 weiters Ihme zuzefuhren
931 1250 1098 1363 Nein.
844 1386 1920 1527 E Ob Er nit noch andere und mehrere dieb
879 1458 1650 1581 ftahl mit dem Joner begangen
893 1543 1897 1660 Nein, Es seye Ihme leid, daß Er dieses be¬
883 1620 1913 1730 gangen, habe es aber auß lauter noht gethan
889 1689 1916 1781 dann Er habe gesucht widrumb ein stück brodt
885 1756 1910 1851 mit arbeiten zugewinnen, aber Er habe nir
880 1783 1883 1911 gends darzugelangen mögen, da Er doch nur
880 1855 1703 1954 ueib die Speiß zu dienen anerbotten
868 1935 1857 2041 Solchem nach wurde auch vorgelaßen der
870 2016 1864 2116 in der gefangenschafft enthaltene Metzier
1704 2087 1896 2168 Heinrich
2067 687 2169 782 241
2271 711 3244 836 Heinrich von Rußt von Trub
2134 796 3151 934 Welcher befragdt, wormit Er sich erhalte.
2180 927 3262 1019 Er habe seit 7. oder 8. Jahren daher Gemetzget
2161 1002 3264 1107 und zwar alles ordenlich bezahlt, so daß Ihme
2155 1068 2933 1164 niemands nichts heuschen werde
2712 1140 2791 1209 hrte
2178 1155 3228 1276 Dier Ihme das entwendte Kindt zugebracht.
2122 1254 3244 1377 R. die Zween Kerl, der Bentz Burr und der
2159 1333 3227 1429 ander den Beutz habe Er schon seit langen Jahren
2149 1397 3241 1473 da derselbe noch hier in der Statt gedienet, gekent
2138 1456 3242 1535 den anderen aber habe Er zu vor niemahlen ge¬
2145 1501 2274 1592 sechen
2158 1556 3206 1679 Wann und zu welcher Zeit sie Ihme solches
2147 1634 2364 1732 Verkauft:
2162 1700 3204 1801 An Einem Sontag am Morgen da Er von
2130 1763 3190 1873 der Wacht kommen und gleich anderen mahlen
2143 1824 3205 1941 in den Kleideren auff einem trog gelegen, seye
2141 1882 3173 1972 der Bentz Burr an das fenster komen und
2123 1936 3203 2056 habe angeklopft, und Ihme das Kind angetragen,
3001 2039 3174 2112 vnd da
2080 1703 2158 1813 E
1985 1791 2120 1905 taufe
2001 1885 2134 1959 brüggfeld
