4032 3024
889 576 1971 716 worden, und den Flinkinger nochmahlen geschlagen
889 654 1940 781 und darbey begehrt, daß mann sie beyde binden
888 708 1898 835 und nachHern fuhren solle. Er habe ein guht ge¬
875 763 1486 857 wußen und förchte Ihme nit
867 823 1908 933 Worauf sie durch den Amann angehalten vnd
877 874 1355 975 alhar geführt worden
784 967 1897 1060 Ob Er nit morndrist denen Manneren so bey
871 1014 1898 1120 Ihnen gewesen geldt und zwar 10. Ihr. ange¬
862 1093 1909 1172 botten, daß sie Ihn wider loos machen laßen
777 1140 1870 1231 kein Gar nit, sonderen. Er habe gesagdt, Er¬
862 1216 1848 1311 Wolte d0: thrl. geben, daß dieses nit wider
851 1265 1155 1365 fahren wäre.
758 1328 1919 1434 Wo und an ihelchem Orth Er sich vergangenen
844 1400 1618 1516 Frytag 4. wuchen, aufgehalten:
776 1472 1859 1601 zu Lyß alda Er denen H. Tschiffelenen
862 1552 1864 1645 Mühli welche Er empfangen an die hand
857 1614 1864 1705 zunommen. Berufe sich auch des Orths auf die
847 1651 1405 1757 herren Bschiffeli selbsten
733 1743 1853 1858 b Er nit verwichenen frühelung mit dem
857 1823 1873 1918 3 und anderen mehr zu Oberhoffen bey Sig¬
850 1883 1871 1986 naun gsin, und Eine allrannen kauffen wollen.
779 544 851 635 18
2070 630 2149 723 19
2125 681 3289 797 Er wolle darüber die wahrheit anzeigen. Sie
2194 749 3328 829 haben Ihm gesagdt, daß sie wollend eine allraum
2204 829 3311 900 suchen zu kauffen, Er aber habe Ihnen Vordentet
2197 887 3289 965 solches seye nur betrug, und glaube Er nit daß
2201 932 3152 1030 in der gantzen weldt Eine zufinden seye,
2120 1022 3286 1148 Ob Er nit ohnlengsten hinder Belp Roß ent¬
2200 1102 2855 1205 kendt, oder helffen nemen.
2120 1186 3296 1313 Nein, Er habe wohl gehördt das Pferdt ent¬
2193 1259 3226 1365 wendt worden. Er seye aber damahls nit¬
2188 1317 2927 1423 umb Stelp sonder zu Eyß gsin.
2191 1395 2718 1504 die ses ist das Jeiiges
2156 1474 2849 1604 Actum 4te Decemb. 1723
