4032 3024
759 548 838 637 98.
839 588 1330 710 Moos Ann kenne?
863 686 1702 803 kein Er kenne selbigen auch nit¬
784 793 1928 935 E Vnd Wann mann Ihm solche Vmbständt vor¬
1720 903 1767 938 vie
830 897 1949 1008 stellen könne, daß Er überzenget seyn, daß Ihme
829 937 1917 1052 diese Persohnen bekannt, und Er mit vnd neben
814 1004 1924 1121 denselben dem Pfasten zu Schonenwehrt ein
826 1066 1150 1153 gebrochen seye
838 1137 1712 1262 Er seye sein labtag nie eingebrochen
861 1247 1151 1326 Ob Er mit diese
835 1280 1905 1402 Was Erfar Frennwohrt in Einem hauß
817 1357 1895 1457 zwuschen Rambseren außgelaßen, da Er ge¬
813 1436 1909 1533 tagdt, Wann mann Ihm Thäte, wie Gewryßen
799 1497 1901 1580 Maleficanten von Schnottwyl und Brügglen
797 1546 1924 1656 Wie ers Ihnen Machen wolte, vnd daß Er keinen
800 1607 1241 1689 provosei mit förchte:
775 1654 1927 1765 E. Er habe gesagdt, Er habe gesagdt Er förchte keinen
782 1726 1895 1826 Brovohen mit, Er wolte Einem den Blunder
788 1786 1904 1898 an Kopf werßen, und Einen Zogstecken außziechen
781 1848 1505 1960 und Ichne darmit inderschlagen
2075 626 2142 707 95
2107 690 2207 787 E
2236 657 3266 792 Ob Er nit auch gerndt Wann Einer Ihm
2231 741 3312 827 etwas zu Leidt thate, so wolte Er Ihm heuchauß
2203 794 3289 890 verbronnen, und wann Ers wider auf Bauwen
2215 846 3340 943 wurde, an seine Thüren schreiben, daß so viel Neien
2200 912 3337 1013 Er bauwen thäte, so viel wolte Er Ihm Verbrönne
2215 1007 3267 1131 Vorauf Er nach underschiedelichen außfluchten
2132 1042 2210 1129 s
2209 1088 2908 1188 bekennt, daß Er solches geredt¬
2218 1209 3291 1330 Ob Er nit bey Rambseren Einem Armen Mann
2071 1194 2190 1316 L.
2183 1272 3170 1381 sein frisch gebachenes brodt entwendet.
2213 1396 2565 1494 Nein gar nit
2122 1395 2191 1513 H
2087 1499 2191 1643 E
2207 1508 3302 1639 Ob Er nit zu Lutterkhoffen mit hülff einicher
2183 1599 3229 1698 anderen in Einen Speicher gebrochen, vnd Vnder
2181 1644 2797 1750 schiedeliche sachen entwendt.
2188 1738 3261 1849 Es seyen Ihre drey von denen Gsellen bey Ein
2100 1740 2205 1865 d
2177 1812 3071 1909 anderen ghin, so daselbsten Eingebrochen,
3088 1822 3184 1902 die
2171 1867 3223 1957 habend denen Leuthen, Jappen Leinlachen vndt
2158 1935 3270 2041 ziechen genommen, Er aber seye Schiltwacht gestand¬
2002 2010 3115 2105 deßtwegen da haben sie Ichm fur seinen Theil 10b geben
3010 2102 3079 2161 E
