4032 3024
767 537 860 620 350M
855 546 1954 740 Ob dann seine Tochter mit zu anderen hauseren mehr Ge¬
839 645 953 736 chubs.
838 702 1393 830 NeinEr wuße mit dar von
832 806 1963 965 Ob seine Tochter nit Auch noch mit Einem Anderen ungebuhr
820 894 1198 1000 lich zuthun gehabt?
834 989 1644 1105 Ja, Weder es seye eine Außgemachte sach¬
705 1082 1633 1224 D Wo dann die sach außgemacht worden.
1385 1187 1834 1288 Herr denEs angangen
716 1189 1966 1352 R. Drußen zu könte, der Genge El habesich vor dem Gorgricht
838 1285 1942 1402 u könign gestelt, und seye Schon vor etwas Zeits Dorth auß ge¬
829 1367 1959 1490 macht worden, Er beruffe sich aber auff das Thorgricht daselb¬
814 1431 1806 1558 sten, und Glaubern werde Dorth Auffgeschriben seyn.
795 1575 1869 1731 Solchem Nach Wurde auch Examenient des
1138 1694 1469 1807 stolls Tochter.
2054 650 2169 759 351
2344 641 2886 788 Babi Stoll.
2095 742 2312 855 Betragdt
2207 818 2852 933 Wie es leiße und wie alt es seyn.
2151 903 3204 1038 Gleiße bab Stoll, bey vier oder Kunffund zwantzig
2172 998 2431 1107 Jahran Act.
2168 1065 3259 1215 Waß es verwichenen Meyen Allhier in der Statt gemacht:
2156 1180 3238 1302 Eseyehinauß nach Conolfingen gangen, und da es am abend
2175 1258 3217 1381 aht widerumb in die Statt und zum Oberen thor komen seyn
2141 1327 3224 1442 das Thorthonbeschloßen ghin, da habe ihme Ein Mensch gesagdt, Es
2149 1395 3236 1514 solle zu der Franto Lautenburgerin hauß des Ull Engels Frauw
2155 1480 3214 1582 so daselbsten im anderenstublin wohn, Werdes Inh Wohl über¬
2158 1539 3229 1648 nacht haben, Wie es zumselben Stublin kommen, seyen schon zwen
2148 1611 3214 1734 Mentschen da ghin die eine duppen Geßan, da habe ihm desull
2142 1684 3192 1804 Engels Frauw auch eine Suppen gemacht, die es ihren Wie auch
2142 1758 3202 1859 Daschraffgeldt bezahlt, Als es nunen seiner Ruhw in Batth gin¬
2175 1835 3199 1950 ibe des Ulli Engels frau nachts umb 11. Uhr den Ihr in die
2161 1909 3188 2019 ameren Gebracht, derseye Truncken Ghin, da es nun Wollen
2152 1973 3130 2102 aufstehen, habe der Ihe hns iidergeworffen und seyn so
2982 2083 3166 2169 Starch
1978 1856 2156 1913 noch einem
1979 1773 2123 1870 7sambt
1977 1939 2111 2019 Menschen
1987 1897 2139 1949 Anderen
