4032 3024
769 515 867 646 248.
917 575 1968 791 Er habe gearbeitet, waß Er können, und so
895 685 1942 833 Viel mann Ihme geben, so aber Meisten
900 750 1945 895 theils in flick arbeit bestanden, dann wei¬
901 821 1981 962 len Er nit bemittet, und Ihme wenig neune
887 880 1973 1014 Arbeit zu machen auvertrauwet worden, habe
886 942 1933 1080 Er sich und sein weib mit Großer muhe in
1744 1040 1846 1100 urch
888 1008 1961 1154 beschwehrlicher Armicht meßen zu bringen
895 1113 952 1192 1
959 1104 1947 1259 Vann Er dann so arnuht sehlig und mit
905 1184 1862 1319 so großer mühe sich und sein weib habe
903 1259 1928 1380 müßen durch bringen, worumb Er dann
890 1320 1933 1441 so bald Er mur einen Pfeinig gehabt selbi¬
883 1372 1908 1492 gen gangen gen vertrincken und zwar
890 1420 1938 1545 in den Kelleren anstatt Er fleißig arbeiten
890 1474 1902 1606 und etwann zu Zeithen in Bescheidenheit
889 1544 1887 1657 einen Trunck in seiner wohnung neßen
875 1599 1054 1678 sollen.
881 1683 1890 1823 Es habe der Verstorbene Habold Ihne an¬
867 1753 1944 1883 Gesprochen eine halbe zukauffen, mit Verdeuten
876 1832 1880 1941 daß Er gihten zween betzigen Wein waße,
877 1890 1896 2011 deme Er willfahret und einhalb maß rohten
1702 1977 1848 2079 Wein
2063 673 2140 759 149
2171 690 3250 792 ein zahlt in Einem Keller gegendem Schlüßel
2158 787 3244 872 hinuber wie sie nun die halbe getruncken gehobt
2183 823 3205 923 age der Habold, Er wuße in Einem Anderen
2165 881 3215 977 Keller drunden an der Metzger Gaßen noch¬
2165 944 3226 1033 beßeren wein umb b. c., da seyend sie dorthin
2155 1000 3252 1107 gangen und habe Er Pluß daselbsten dem habold
2170 1062 2698 1155 noch eine halbe zahlt.
2139 1118 3198 1244 Nachdeme nun hierauff Er fluß vermahnt
2150 1207 3217 1317 worden die hergangenheit der sach mit dem
2151 1262 3255 1350 habold in der Frauw Schaffnerm Sinner Keller
2144 1325 3209 1433 Wahrhafftig umbstendtlich und wahrhafftig an
2135 1404 2395 1485 zu zeigen
2122 1465 3172 1586 hatt derselbe Anfangs sich nit erinneren
2143 1536 3188 1619 wollen, daß Er in gemeltem Keller dem
2124 1595 3198 1688 Habold einen stoß geben, dar von Er die Keller
2140 1653 3192 1731 tagen hinunder gefallen, sonderen Vorgeben
2128 1720 3212 1803 daß Nachdeme der Jabold Ihne einen S. h. Schul¬
2135 1780 3207 1866 men gescholten und andere unnütze wohrt mehr¬
2139 1835 3196 1934 zugeredt, habe Er denselben bym ari gefaßt,
2498 1897 2544 1941 G
2132 1897 3182 2002 der habold aber sich mit 9waldt von Ihm gerißen
2957 1962 3079 2056 Vnd
