4032 3024
778 508 832 610 56
1108 527 1635 648 Hanns Rächer
1108 617 1698 729 auß der Kilchori konit
838 704 1943 867 achdeme Ihr Gril. Dienerey Mr Rhl.
861 788 1982 930 Broßweibel Iuchooff und dem Grichtschreiber
843 839 1958 976 vorgebracht worden; Waß maßen Hanns Rä¬
853 907 1894 1044 cher ein alter Müller Kahrer Verwichener
856 967 1952 1092 Tagen bey dem Mußhafen zween Sack mit
828 1028 1928 1150 Kohrn entwendt haben solle. Ist delbiger auf
850 1079 1928 1228 dero gethane Veranstallt gefängklich einge¬
840 1155 1932 1282 zogen, und darauff den 22: febri deßtwe¬
845 1212 1947 1354 gen ernstlich examiniert und demnach befragt
839 1274 1000 1360 worden
728 1326 828 1454 E
823 1341 1891 1464 WWie Er hieße von Wannen und wie alt Er
829 1412 921 1500 seyr
760 1480 827 1592 H.
823 1489 1880 1618 Ea heiße Hanns Rächer, seye in der Kilchör
815 1548 1923 1688 köndt dahrimb und ohngefehrt b0: Jahr alt
747 1617 1871 1753 E. Ob Er nit verwichenen Montag 8. tag denen
821 1713 1889 1835 heyden Mülleren Lantz und Gurdtner bym
808 1767 1750 1869 Mußhaffen habe Gholften kohrn faßen?
806 1849 1888 1971 Er habe dem Instr Gurdtner anerbötten zu
722 1844 795 1955 H
1707 1943 1895 2037 helfen.
2080 590 2189 693 57
2194 639 3349 773 helffen, aber derselbe habe Ihm verdeutet weilen
2200 744 3286 844 der Gosteli Ihme die Sack gereicht, so wolle Er
2187 786 2812 898 Ihm den Gosteli brauchen
2105 892 2185 989 H.
2204 857 3298 976 Ob Er nit damahls von dem gefaßten Kohrn
2195 951 3306 1023 Einen Mutt hinweg getragen undt entwendt habe
2104 1011 2170 1117 R.
2198 1007 3320 1090 Er seyn am selben Tag niemahls über die Bruge
2188 1069 3328 1164 ym Neuwen Gebauw hin überkommen, biß Abend
2167 1138 3314 1236 paht, da schon alle Säck von dannen hinweggsin
2182 1220 3280 1300 Warumb Er doch die That auf diß mahlen
2173 1289 3307 1385 so freih laugnen dörfe, da Er doch selbige vor¬
2169 1334 3276 1446 mahls gestanden und dem Kesiknecht byseyn
2164 1396 3305 1498 des Müller Lantzen bekennt, daß Er beyde Sach
2167 1459 2792 1556 mit Kohrn entwendt habe
2168 1534 3252 1669 Mann habe Ihm gar heftig getröuckt undt
2169 1629 3239 1724 angst gemacht, wie daß mann zu Oberst in die
2161 1677 3238 1777 Gefangenschaft hinauf thun wolle, Wann Ers
2164 1741 3279 1823 nit werde bekennen derowegen Er auß großen
2152 1797 3215 1906 schräcken gestanden, daß Er die Zween Sach
2170 1859 2664 1947 mit Kohrn genommen.
2764 1911 2851 1974 Ihin
2134 1916 3276 2035 Repliciert Mann habe zwar wohl anfangs
2593 2002 3259 2109 wegen des Einten Sacks zugesprochn
