4032 3024
773 566 886 667 208
896 628 1937 799 Der Schlug ohngefehrt gegen A0: Uhren, da
916 711 1938 853 es noch Zumblich heiter 9sin, in Stall kommen, vnd
916 772 1918 924 alsobald ein kleines Ladlin (:so dißmahl noch
916 833 1921 983 im Stall am Orthlige da Ers wider hingelegdt:
898 898 1837 1023 genommen, solches hinder die Kuhe auff die
897 970 1891 1080 bschuße gelegdt, darauf gestanden und die
888 1045 1889 1165 Leidige that mit der Kuhe verrichtet, Es seyn
886 1092 1862 1215 so nach darbey gsin, daß es die Kuhe mit der
885 1142 1526 1273 hand habe konnen anrühren
880 1212 1898 1353 Auff befragen, Ob Es dann gesechen daß
891 1296 1834 1435 der Schlup sein Männlich gli entblößt etc.
869 1364 1889 1507 Sagdte diesers Mensch, Ja: Es habgesechen
871 1438 1860 1567 daß Er damahlen sein Männlich slid ent
881 1488 1878 1632 bloßt und in die Kuhe gestoßen. Es hab auch
878 1574 1878 1688 gesuchen, als Er ein runglic an der Kuhe Hhin¬
1588 1650 1652 1697 dase
862 1629 1886 1734 daß Er von Ihra abgestanden, und darauff die
871 1698 1824 1817 Kuhe das waßer gelaßen, darnach seye Er
863 1746 1838 1868 wider an Sie gerohlen, welches eine halb
850 1805 1832 1944 Viertel stundt gewahrt, und weil Er die sach
1630 1925 1847 2025 getrieben
2049 681 2137 779 209
2153 690 3233 830 getrieben, habe es gehördt, wie Er allzeit ge¬
2150 772 3215 897 bautzet, Nachdeme Er die that verrichtet sey
2125 846 3255 964 Er hinüber in anderen Stall in sein betth gangen
2125 961 3229 1075 So bald nun der Schlup auß dem Stall gewesen
2141 1050 3235 1130 seye es auch dar auß geloffen zu der Meister Frau¬
2143 1090 3216 1186 wen gelosen Ihra solches angezeigt und bezehrt
2131 1154 3207 1242 daß Jemand hinaußkommen und schanwen solle
2140 1211 3223 1305 wie die Kuhe stehe, Aber sie habend sich geförchtet
2143 1270 2929 1365 und niemand hinaußgehen wollen
2131 1336 3165 1435 Seitlar nun so offt Jemands in Stall kome
2128 1402 3201 1509 so stelle sich die Kuhe alsobald hinder sich, hart
2122 1461 3163 1558 gegen die Bschüf an, so daß mann sie muße
2121 1518 3117 1625 weg stoßen, wann mann vorbey gehen wolle
2106 1612 3193 1743 Auff Befragen, ob der Schlup Ihme hievor
2124 1689 3188 1802 etwas leidts zu gefuegt, oder Ob Es mit Ihme
2126 1754 2719 1862 in findtschafft gestanden
2110 1850 3138 1985 Sagdte Es kein gar nit, Er habe Ihme
2895 1950 3069 2041 sein etc.
