4032 3024
739 576 858 679 942
861 624 1939 757 sich außhalten könne; Er wolle darmit mit
858 709 1959 842 zu thun haben; Worauß der Junckherr gesagdt
845 776 1953 908 Er wolle noch zu vorselbsten mit dem Menschen
861 823 1938 948 reden, Er solle Ihm anzeigen, daß es auß
853 893 1908 1015 Dinstag darnach sich bey der Papyr Muhli
862 949 1901 1076 einfinde, Er wolle auch dahin komen. Die ses
838 1020 1928 1150 habe Er verrichtet und habe der Junckherr
850 1081 1878 1201 am Selben dinstag Beÿ der Papprnuchli
850 1144 1914 1272 etwann ein stundtlang mit dem Menschen
845 1201 1928 1324 geredt. Nachwehrts habe Er Stoll von dem
842 1284 1949 1369 Maydtlin vernommen; daß der Junckherr ge¬
829 1339 1931 1455 sagdt, Wann es seyn müße, daß es hinweg
838 1424 1924 1487 solle, so wolle Er nach geldt stellen und das
820 1478 1354 1592 Mäÿdtlin verköstigen
799 1578 1881 1681 L: Ob Er mit damahlen mit dem Mäÿdtlin
829 1648 1917 1763 auch zu der Papermuhli gangen, und darbey
826 1720 1902 1833 9in, wie es mit dem Iunkherren geredt:
842 1815 1912 1930 Er seye nit Vollends dorthin Gangen, sonder
825 1891 1918 2001 ren hieharwehrts der Papyr muhli gewahrtet.
1770 1992 1860 2106 zu
2035 648 2147 767 I49
2166 728 3210 878 Nachdeme diese Anderredung beyder
2151 804 3184 911 Papyrmühli vorgangen, waß dann für ein
2158 882 3245 1000 Brieff nachwehrts zu Moren geschriben worden.
2165 974 3202 1104 der Ihr habe einen Brieff geschriben, welchen
2165 1057 3224 1181 das Maydtlin zu selbsten zu Mören abgeholt
2143 1122 2963 1234 Er aber habe den Brieff mit gesuchen
2159 1223 3227 1348 Ob Er dann von diesem Briefgar mit gewußt:
2158 1316 3208 1436 Mut anders Weder das Mäydtlin habe Ihm
2141 1401 3167 1491 angezeigdt, der Junckherr heige Ihm 5. Ehrl.
2115 1465 3187 1578 Versprochen, allein Er habe biß dato noch nicht
2124 1542 2266 1625 geben
2050 1586 3201 1721 Ob Er nit Letstlich selber geredt, der Ihr habe
2119 1684 2776 1792 30. R. zugeben Versprochen
2772 1685 2823 1775 1
2115 1769 3201 1899 der Junkherr habe gesagdt, wann das Mensch
2104 1846 3154 1932 schwanger seye und hinweg müß so könne Er
2116 1912 3183 1999 biß Martin etwann 30. R. zu wegen bringen,
