4032 3024
784 545 893 644 226
880 630 1928 793 Repliciert Wann Er mit anders als schauwen
925 721 1938 843 wollen ob das reich zufreßen habe; warumb
928 776 1883 906 dann auch dem Maydtlin im Zucht zu ge¬
913 822 1117 923 muchtett.
886 907 1907 1054 E. Es seye ein gewüßer Mann drußen von
906 1009 1897 1109 dem Er gehördt sagen, daß Er mit diesem
891 1081 1918 1181 Mäydtlin ungebührlich zuthun gehabt, deßt
896 1159 1907 1251 wegen Er wollen schauen, Ob Es ein solches
892 1208 1910 1318 Mensch seye, aber es habe Ihm mit wollen
902 1278 1128 1350 Verstatten
917 1371 1873 1495 Ob Er dieses Mensch nit gefragdt wann
893 1442 1878 1566 es etwas böses von Ihm wüßte, ob es Ihms
910 1509 1298 1610 solte außbringen
908 1587 1905 1712 Nein Er habe Ihns dieses gar nit gefragdt,
911 1712 1901 1831 Vmb welche Zeit Er am Freytag in Stall
957 1795 1040 1871 igen
884 1787 943 1857 Ga
810 1851 1894 1982 R. Nach dem Nacht Eßen, so zwuschen Tag vndt
1625 1966 1750 2049 nacht
2052 668 2162 772 227
2167 704 3151 823 nacht, und seÿr noch Zimblich heiter Gsin
2176 790 3225 900 Alß Er in Stall komen, Ob Er nit Ein Ladlin
2160 873 2347 984 gesucht.
2181 948 3123 1081 Mein gar mit, Er habe kein ladlin gesucht.
2904 1033 3027 1094 machen
2196 1049 3204 1166 Waß Er dann im Stall habe thun wollen
2163 1139 3261 1259 Es seye 9sin gan schauwen Waß die haab mache,
2143 1210 2966 1323 Er habe sie dar vor gehördt so bärtzen
2153 1279 3264 1410 Waß Er dann hinder der rohten Kuhe gemacht.
2180 1371 3212 1513 Er seye zwuschen beyden kühnen und nit hin
2382 1466 2436 1513 llas
2142 1468 2599 1570 der rohten gestanden
2127 1516 3223 1650 Repliciert warumb Er doch dißmahl so frach
2140 1604 3182 1723 langnen dörfe daß Er nit hinder der rohten
2127 1670 3220 1783 Kuhr gestanden, da Er doch vormahls außtrinke¬
2143 1733 3210 1846 ich bekennt, Er seye hinder der Kuhe gestanden
2122 1807 3191 1903 Wie Er sein Mannlich Glid entblößt vndt
2150 1868 2685 1975 das Waßer abgeschlagen
2069 1931 3182 2071 R. Er seye einmahl nit hart an der Kuhe gestanden
3014 2014 3105 2131 2
