4032 3024
756 596 877 705 324
994 620 1780 765 Urß Zimmermark
911 746 2000 906 Befraget, Wo und wie Er zu diesem seinem
924 820 1965 974 Camaraden komen, und seit wie lang Er sol¬
929 883 1243 984 Bigen kenne.
1885 972 1968 1053 Vor
899 955 1942 1087 Antis: Sie haben drunden im Landt, seit
913 1039 1941 1152 etwann 8. Jahren neben Einanderen gedie¬
922 1104 1922 1207 net, hernach seyen, Jedoch nit mit Ein¬
914 1169 1936 1286 anderen widrumb hinauf ins Landtkomen
911 1228 1955 1334 und etwann vor 6. Jahren hie oben Ein anderm
910 1288 1354 1382 Wider angetroffen
968 1394 1918 1502 Ob Er mit dem Weinmann angezegt
911 1465 1924 1571 und gesagdt, Er wuße ein Reßig so sie liehs¬
902 1517 1357 1619 lich nomen können?
943 1590 1564 1707 Ja Er habe Ihms gesagdt.
943 1708 1923 1812 Wo und an welchem Orth sie zu sammen
889 1792 1935 1883 komen, und sich underredt haben das Keßti zu
904 1842 1060 1913 nemen
832 1893 1934 2021 R. zu Burgdorff in Eines Weinschenckenhauß
896 1971 1408 2070 nächst bey der Cronen
1740 1998 1838 2121 E.
2054 673 2140 749 115
2221 694 3286 817 Wie sie es gemacht, da sie das Koßi genommen.
2146 808 3216 929 WVorauf Er selbiges erzehlt, gleich wie in des
2164 889 2970 990 Weinmanns Examen vermeldet
2182 992 3228 1110 Auß waß Anlaß und urach Ihme in Sinn
2160 1072 3247 1185 kommen, einen Anschlag auff dieses Keßi zu machen
2180 1161 3232 1283 der Anfang habe sich also zugetragen Als Er
2158 1233 3247 1338 drußen mit weit vom Siechenhauß ein dotzel
2161 1284 3226 1393 stürtzige Löffel gelöhret, seye ein handtwerck
2156 1347 3193 1453 Kerli so sich für einen Murer außgeben vnd
2144 1407 3205 1518 Frantz heiße zu Ihmkomen, der habe Ihm ka¬
2155 1472 3234 1571 bac geforderet, auß verdeuten aber daß Er keine
2150 1529 3206 1640 Brauche, seye derselbe kerl zum Neinthauß
2153 1589 3205 1682 gangen Tabac zukauffen, und hernach wider zu
2134 1662 3186 1757 Ihm komen, Wie nun Er Zimmermann seine
2134 1715 3210 1821 Köffel löhten wollen und aber kein feiner machen
2140 1781 3182 1880 können, habe Ihm dieser kerli bym Siechenhaus
2131 1837 3185 1938 Feuner gereicht, solchem nach sage Er Zimmerman
2149 1909 3162 2006 zu dem Kerli Er muße noch in die Statt gan
2799 1959 3140 2090 Mösch kaufen
