4032 3024
729 536 1909 709 E. Ob es das so genante Schrapfer Bab mit auch
837 620 1006 699 kenne
713 677 1884 819 . Ja es kenne das Schröpfer Bäbi, und habe auf
846 770 1901 882 in Zeit seiner Geschwegen geholsen selbiges schlagen
715 826 1926 971 E. Ob Es mit auch den Wilhelm Stz, und den Hanns
806 913 1943 1040 Aschlimann, oder so genanten Blaselahr, kennes
719 998 1808 1142 . Nein Es kenne keinen von denen beyden
755 1113 1852 1250 Ob Es nit vor 4. wuchen zu gümbligen in
796 1198 1854 1310 dem Bindtenschenck hauß sich auffgehalten
790 1260 1859 1376 waß es dorten gemacht und wer alles bey
783 1322 1068 1435 Ihme gin?
723 1414 1875 1532 L. Ja es seye dorth gewesen, und seye Einer von
793 1485 1812 1588 utistorf bey Ihme Ih, Namens Waßer
781 1560 1862 1661 welcher Ihme in diesem Sindtenschenck hauß
781 1616 1894 1730 die Ehe versprochen, deßtwegen es Nachwehrt
772 1686 1851 1800 auß utzistorff gangen Ihme nach zufragen
757 1756 1825 1887 ohngeacht nun diesen beyden Menschen alles
945 1838 1065 1893 nonsts,
763 1849 1798 1953 frefftigen zugesprochen worden, so wolte doch
762 1904 1775 2001 keines derselben bekennen, daß es vor ohnge¬
736 1960 1822 2070 fehrt 4. wuchen in dem Eygistholtz gewesen
2399 537 3225 673 Wilhelm G von dieboldshausen.
2142 612 3283 769 Gleichentags ward auch Examiniert Wilhelm
2155 703 3254 828 St von dieboldshaußen der Kilchöri Rechigen
2146 771 2685 872 und demnach befragdt
2133 834 3265 986 Wo Er sich außhalte, und vormit Er sich undt
2160 933 2680 1034 die jeinigen ermehre?
2142 988 3265 1099 twort. Er wohne dißmahl als ein Haußmann
2045 1036 2143 1128 A
2137 1072 3238 1184 in H. Fuhrers Matten: Es seyen die Müller
2142 1129 3236 1246 zu Brugg seine Schwäger noch schuldig, und seye
2119 1190 3259 1298 Er gesinnet wann Er es was von denselben in die
2132 1269 3275 1362 hand bekommen könne, etwann ein Lachen zu ein
2135 1324 2320 1415 pfechen
2043 1367 3241 1534 E. Ob Er sich niemahlen zu Biglen aufgehalten.
2083 1491 3296 1593 G Er seye zwar wohl zu Riglen gsin, aber niemahlen
2087 1551 2129 1614 l.
2129 1567 2485 1664 Dorth gewohnt
2048 1589 3238 1757 R. WWie langes seye, daß Er das letzte mahl bey
2134 1699 2568 1797 worb durch gangen
2063 1757 3235 1881 G Etab ann Ein Monat daß Er da vorbey gangen
2042 1862 2952 1990 J. Wohin Er damahls Gangen seye
2058 1961 2953 2089 d. Gen höschigen zu seinem Bruder.
