4032 3024
799 556 853 623 16
1763 580 1809 647 9
885 582 1971 729 Anfangs wolte Er solches nit gestehen nach
910 641 1997 797 wehrts aber bekennte Er, daß das Verein Stran¬
886 709 1923 804 Ihn zu dem Werthmüller geschickt, welcher
893 766 1818 871 Ihm Acht Thaler geben. 4 ochtagaaen als
1822 802 1906 858 H. et
1231 816 1982 906 mub Ihme solches mit mehrern umb stand vorg
1858 884 1963 941 halte
891 866 1781 971 Ob Er nit auch den Blaselahn kenne
838 920 1904 1056 R. Ja Erkenne Ihn, und habe Ihm selbiger un¬
884 1004 1966 1123 lengsten angezeigt, daß Er dem wührt zu Enggi¬
875 1062 1673 1161 stein einen Urphel entwandt habe.
989 1168 1889 1288 Endtlichen wurde auch examiniert
1021 1257 1768 1382 Bendicht Gaßer gewesener
1075 1333 1614 1439 Müller zu Belp. und
844 1392 1907 1510 Befraget Weßt wegen Mann Ihne zu Bilch
863 1445 1479 1558 dorf gefängklich eingezogen
823 1533 1888 1648 Antw. Er wolle hierüber die bloße wahrheit
852 1594 1828 1697 anzeigen weßtwegen solches geschechen seye
859 1648 1878 1744 Alß Er mit dem Schiffmann Schwendimann
847 1714 1898 1803 von hier auß der Statt gangen, Willens nach
857 1762 1930 1852 wimis zum H. Castlahnen Ernst sich zu begeben
845 1829 1891 1921 da habe Er zu Kilchdorff im wührtshauß den
839 1877 1885 1989 Flintinger auff dem Ofen ligend angetroffen
1711 1972 1828 2060 zuec
2207 643 3320 773 zu dem habe Er Gaßer gesagdt, Waß Er da mache
2221 728 3290 827 und Ihme angezeigdt, daß mann zu Hern den
2213 797 3288 886 Wilhelm 8tz wegen des Pfästlis Gefängklich
2213 837 3257 947 eingesetzt; darauff der fluckinger gesagdt
2209 925 3277 1000 mann habe Ihn auch gesucht, deß wegen Er sich
2195 958 3298 1055 von Hauß hinweg gemacht. Eine weil hernach
2203 1024 3310 1119 Zieche der Flinkinger ein Zedelin hervor welche
2188 1076 3268 1174 Er gaßer Ihme auß der hand genommen, und wie
2189 1133 3244 1223 Er gesuchen, daß darinnen Eine Weibs persohn
2190 1194 3220 1292 und erschriben, habe Er solches in sack gestoßen
2194 1256 3237 1338 Alß aber der Flinkinger dieses Zedelin mit
2191 1316 3264 1416 gewaldt wider haben wollen, und Ihne Gaßer
2196 1373 3267 1466 bey der Gaßaggnn gefaßet, und selbige etwas
2189 1448 3240 1548 aufgerißen, habe Er Ihme einen Klapfgeben
2185 1507 3291 1608 daß Er da hinaußgefallen, darauff der Schwen¬
2183 1574 3216 1669 dimann abgewehrt daß Er Ihn nit weiters
2179 1619 3250 1705 geschlagen, der Flinkinger aber seyn mit dem
2179 1691 3208 1785 wurth in die Rebendstuben gangen, und Ihm
2173 1741 3187 1850 etwas gesagdt, darauf und als sie wider
2177 1808 3210 1917 her außkomen, habe der Fluninger gesagdt
2163 1877 3171 1975 Er gaßer habe dem Ot auch geholffen den
2174 1928 3235 2044 Pästlin worden. Darüber Er gaßer Zoring
2949 2029 3147 2110 worden
2093 597 2177 683 117
