4032 3024
787 491 887 606 112
866 579 1980 737 Waß Sie alles zu Schonenwehrt genommen.
837 671 1869 829 R Erwuße es mit Er seye nit darbey gsin
819 783 1910 951 L. Ob Er den Brugger Metzger nit kenne.
920 904 1481 1021 Mein Er kenne Iohn nit
861 1005 1904 1169 hierauf wurde Er noch mahlen Ernstlich er¬
871 1102 1992 1247 mahnt in sich selbsten zu gehen, umd seine schlimme
862 1164 1958 1287 thaten nit also halt stahriglich zu verlangnen
864 1240 1955 1367 undtbedencken Waß die so zu Arburg hinge¬
856 1302 1950 1427 richtet worden, für ursach gehabt Ihne an¬
857 1366 1949 1506 zu klagen, wann Sie ghn nicht gekennt hätten
1096 1481 1179 1546 Alle
826 1495 1969 1625 K. Er wolle herbergen anzeigen wo Er gewesen
857 1580 1949 1677 und wurde niemand sagen können, daß Er
1512 1650 1611 1693 dann
844 1651 1939 1753 Ihme etwas entwendt, udwann Er also ein
851 1709 1930 1825 gebrochen vnd gestohlen hätte, wie mann Ihre
844 1789 1956 1897 beklagdt, so wurde Er auch beßore Kleider habe
848 1875 1923 1946 als die so Er trage, sein Groster fehler seye wegen
849 1912 1873 2010 des Steichers, sonsten habe Er keinen Anderen
1660 1960 1846 2048 Veilen
838 1967 1250 2059 diebstahl begangen.
2110 604 2215 731 113.
2197 683 3317 828 Weilen nun Mihh. Rahtsherr gesechen, daß in
2219 794 3332 897 der Guthe auß diesem Kerli nichts weiters zu¬
2213 841 3307 964 bringen, selbiger auch weder den brugger
2207 906 3318 1024 Mutzger, Allenfridli noch das Moob ann nicht
2206 980 3268 1059 krnnen weniger von denen zu Arburg ge¬
2204 1029 3259 1153 henckten etwas wüßen wollen, Alß hatt
2196 1107 3278 1219 Er Ihne widrumb an sein ohrt führen laßen
2194 1175 3317 1292 Sie ses ist also das Jenige so mit diesem Paspor
2190 1244 3268 1367 Springterrichtet worden. Actum vorstaht.
