4032 3024
769 506 861 599 104
900 561 1984 729 gier auf Ward Ihme von Mu Hl. Exeamena
1616 671 1655 726 2
898 654 1963 800 toren ernstlich zugesprochen und vermahnt
895 709 1982 858 Gott dem Herren die Ehr zu geben, vnd der
874 779 1978 924 hochen Oberkeit die Wahrheit zu bekennen, wie
879 848 1957 997 drigenfahls mann mit Schärpferen Mittlen an
866 914 1897 1048 Ihne setzen werde. Wurde also befragdt.
861 1023 1967 1127 Ob Er nit Treuntwohrt außgelaßen vnd gesagdt
872 1089 1965 1204 Wann Einer Ihm etwas zu leidt thäte, wolte
867 1142 1600 1255 Er Ihm sein Hauß verbronnen
888 1246 1949 1387 Ja Er habe bym Schurmacher zwuschen beyden
875 1313 1904 1451 Rambseren gesagdt, Er wolte Einem so Iehme
1756 1403 1950 1486 Anstecken
869 1391 1899 1522 etwas zu Leidt thäte, sein hauß vebronn
849 1455 1720 1580 Er habe es aber mit so boß gemeint
827 1551 1853 1707 E Ob Er sonst nichts mehrers begangen.
823 1654 1935 1775 E. Er wüße sonst gar mit anders als daß Er
862 1739 1910 1866 dem Protosen Auch mit dem Hauß anstecken
850 1808 1898 1929 getröucht und dann bey dem Speicher Schildt¬
838 1869 1861 1995 Nacht gestanden, als mann in den Speicher ge¬
854 1946 1006 2031 Brochen
2064 619 2151 687 105
2231 648 3358 780 Ob Er nit auch bey Rambseren einem Armen
2204 725 3190 835 Mann sein frusch backen Brodt entwendt.
2218 824 3287 934 Nein Er habe es nit gethan, so habe Es auch
2224 888 3243 1002 Frunden zu Buchegberg nimahl bekemnt.
2214 993 3102 1110 Wie es mit dem Bohrer zu gangen
2217 1091 3309 1221 Ein Anderer habe gebohret, Er seye nit darbey
2207 1175 3262 1290 gsin, der Bohrer habe Ihm zwar zugehordt
2212 1276 3309 1396 Warumb Er, drunden zu Atigen gelaugnet
2187 1347 2901 1454 daß der Bohrer seyn seye Gsin
2190 1418 2940 1527 Vorauff Er nichts geantwortet.
2201 1528 3290 1642 Waß Er mit dem Bohrer Gemacht, vnd worzu
2168 1605 2814 1699 Er selbigen gebraucht habe.
2176 1682 3226 1809 Er habe Allwegen Stuhl gebohret, Wann sie an
2196 1759 2589 1836 Einem ohrt gewesen.
2200 1786 3201 1911 Wie sie es mit Eröffnung des Speichers ge¬
2192 1859 3247 1965 nacht Ob Sie in denselben eingebrochen, oder ge¬
2173 1916 3033 2026 bohret, oder wie sie es gemacht haben.
2995 2025 3110 2126 d.
