4032 3024
763 546 873 618 254
898 587 1994 834 Nachdeme auch volgends Ihme fluß sein
901 713 1982 892 Vormahls gethane Bekandtnuß von wohrt
897 783 1980 955 zu wohrt vorgelesen worden, hat Er dieselbe
906 865 1955 1017 in allein Ihrem Inhalt bestähtiget, Jndoch
901 933 1972 1081 den Puncten wegen des dem habold gegebenen
871 1009 1880 1110 stoßes in mehreren dahin erläutheret.
914 1075 1943 1209 daß als Er den Habold auff der Kellerstägen
882 1134 1941 1266 bym armb gefaßet, herumb gezogen vndt
880 1202 1960 1351 geschuttlet, habe der habold so gezwasselet
874 1285 1933 1411 und etwas im Sack suchen wollen und als Er
854 1351 1974 1475 Ihm darauff ein stößlic geben, so an die Brus
876 1420 1733 1542 gangen, seye Er hinunder gefallen.
862 1491 1927 1619 beharrete auch Vest darauf; daß weilen
848 1565 1955 1683 Er fluß die halbe bezahlt, so sie mit Einan¬
878 1631 1915 1761 Heren getruncken, seye der Habold schon Vor¬
856 1690 1897 1818 Ihm die Kellerstägen hinaufgangen, und
865 1749 1955 1884 als Er hernach komen seye derselbe zu vorderst
855 1818 1926 1978 auff der stagen gestanden. Actum Vorstaht.
2060 667 2143 770 155
2350 637 2895 785 Aririi Linder
2323 739 3005 845 Auß dene Kurtzenberg der
2404 804 2852 913 Kilchori dieß bach
2205 938 3263 1054 eri 1ten Septemb 1714: habend zuvolg
2165 1034 3253 1122 Oberkeitlichen Befelchs vom 2ten dito Ihr Gnl.
2168 1085 3245 1184 dienere Mr Rhl. Großweibel Imhoot undt
2172 1139 3205 1244 der Grichtschreibersin die Gefangenschaft be¬
2168 1202 3255 1298 geben, daselbsten die auß ober Thorgrichtlichen
2168 1286 3174 1363 Banden dahin versetzte zwo Weibspersohnen
2155 1328 3246 1425 Namens Ann; Kinder außden Kurtzenberg
2164 1386 3233 1499 der Kilchori dießbach, und Els beth Straubhaar
2157 1453 3174 1564 von Amsoltingen zu examinieren wurde
2156 1502 3216 1621 also Erstlichen vorgelaßen Anni Kinder vnd
2080 1602 3166 1705 Befragdt, Ob Es nit vor weniger Zeit hier in der
2153 1668 2673 1758 Gefangenschafft geseßen
2094 1743 2922 1840 Antw. Ja, den verwichenen Winter
2161 1811 3192 1951 Wie es sich verhalten, seit daß es von hier wider
2144 1899 2407 1981 loos worden
2152 1974 3136 2064 Es habe sich die Meiste Zeit im Kurtzenberg bey
2149 2022 2701 2116 seiner Muter aufgehalten
