4032 3024
733 579 859 685 940
1496 615 1579 698 daß
893 633 1962 775 mögen, auch von deßtwegen der Namen Hannß
869 709 1727 809 Müller im Briefflig gestellt gewesen.
919 800 1855 921 Ob der bewußte Junckherr bey seinem
871 859 1915 981 Mäydtlin gsin und an waß welchem orth sie
882 910 1298 1009 zusamen kommen?
895 990 1956 1128 Ja Er seye bey Ihm gsin und habe das Maydt
892 1059 1882 1169 in gesagdt, sie seyen vergangenen Mayen
858 1122 1904 1230 hier in der Statt Einmahl in einem Stublin
853 1189 1943 1302 Eineßen Namens Ulle Engel zusamen komen.
875 1269 1901 1386 Ob mit der Ihr dem Maydtlin zu geschriben
862 1340 982 1419 habe
867 1398 1912 1530 Er habe ein bränfflin geschriben und selbiges
862 1482 1907 1582 zu Moren gethan, daselbsten das Maydtein
875 1544 1395 1653 das brieflin abgeholt.
900 1640 1924 1763 Ob Er nit auch selbsten bey dem Junckherrn
861 1711 1767 1818 zsin und waß Er bey Ihme gethan habe
842 1824 1895 1950 Er seye den verwichenen Herpst Einmahl bey
857 1900 1882 2012 ein Juntherren auf seiner Frauw Mutter
1601 1979 1899 2109 Landtguht
2047 667 2164 767 241
2140 683 3200 853 Landtguht gsin damahls habe Er Ihm ange¬
2181 786 3222 899 zeigt, Er vermeine das Mensch seye schwanger
2170 847 3228 965 und wie Er begehre, daß es sich verhalten solle
2160 900 3227 1014 Ob Er die sach wolle laßen auß kommen oder Ver¬
2149 967 3227 1091 Schleicken, Er Stoll könne einmahl dem Maydt
2161 1033 2801 1136 bin mit geben, Er habe nichts¬
2896 1052 3209 1151 orauff der
2147 1116 3227 1214 Junkherr gesagdt, Er seye dißmahl nit wohl bey
2150 1163 3211 1270 geldt, Er denke Erlaße es außkomen, dann
2156 1245 3220 1348 wann Er 26. thrl. Erlege, so seye Er dar auß
2144 1311 3184 1413 doch möchte Er nit gern, daß es alle seine Ver¬
2156 1371 3160 1481 wandten wußten Welches Er Stoll Ihme
2140 1427 2618 1535 Zuthun frey gestellt.
2055 1504 3198 1639 E. Ob den Junckherr damahlen nit versprochen vnd
2136 1592 3192 1692 Gesagdt Er wolle Ihme zu Martins tag geldt
2140 1670 2293 1762 gheben
2136 1743 3156 1860 Nachdeme der Junckherr bedeutet, Er möchte
2134 1842 3215 1931 de nit gern daß es alle seine verwandten wußten
2106 1923 3159 2004 habe Er dem Junckheren gesagdt; Eer solle dann
2112 1957 3165 2057 selbsten für das Mensch einen Orth suchen, da es
2991 2014 3103 2112 sich
