4032 3024
780 582 889 690 934
921 667 1959 818 zu Reichenbach habe es keinen diebstahl
900 768 1949 890 begangen und seye von keiner anderen ursach
893 816 1928 956 dorthen wegkomen, als daß es gardten Näge
904 891 1673 985 in zu einem Magen abgebrochen.
908 973 1946 1119 An welchem Orth es in H. Müllers hauß den
905 1047 1528 1157 Stuben schlüßel genommen
911 1140 1947 1255 daß Elß beth habe gewußt wo der H. Müller
890 1212 1939 1317 dengstubenschlüßel habe, und denselben auß
890 1271 1456 1372 einer Trucken genomen
923 1348 1937 1464 Wie manch mahl sie den Kellerschlußel
871 1421 1109 1504 genommen
902 1492 1978 1601 dreymahl, Einest am Gießfaß, das andere
887 1563 1949 1656 mahl abdem Busfet und das 3te mahl ab den
878 1620 994 1728 disch
808 1702 1914 1810 D. Es Klage der H. Hauptmann, daß Er viel
1294 1776 1891 1868 auge bekennt und zwar
881 1771 1261 1859 mehr geldt alte
884 1829 1864 1930 einiche frantzosische thaler Verlohren habe
802 1911 1888 2048 R. Es bezeuge höchlich daß es keinen Frantzo
1649 1997 1870 2114 sischen
2065 673 2174 784 145
2566 682 2850 752 vnd gar nit
2196 707 3208 853 dischen thaler verkohre, habe mehr als die¬
2195 792 3225 902 8. thrl. für Ihns, und 3t thrl. so es dem Mar
2198 852 2848 966 guitha geben, genommen habe
2234 951 3233 1067 Ob Es nit zu vor mit dem Margritha abge¬
2202 1018 2968 1125 endt daß es Geldt wolle nemen.
2207 1070 3232 1199 Hein sie haben mit abgeredt, Es seyn zwar
2207 1159 3221 1264 das Margrithe darbey Ihi vnd in der Stuben gsin
2180 1219 3250 1323 als es die Cassette und den Schreibtisch geößnet
2176 1268 3198 1378 und das geldt darauß genomen, aber es habe
2177 1317 2556 1412 mit dar zu gesagdt.
2195 1388 3208 1484 Ob Es nit auch der franwen von Bierre geldt
2169 1468 3190 1551 genomen dann selbige während der Zeit es bey
2150 1510 3222 1612 Ihra gedienet nun vnd dann auch Galdt verlohren
2175 1596 3170 1709 Hein Es habe außert dem H. Müller sonsten
2161 1662 3214 1772 keinem Menschen sein lebtag einichen Vierer ent
2155 1723 2298 1793 wendt
2169 1765 3169 1885 Wie viel Geldt es der Frauw Langhauß in
2158 1847 2547 1947 zu gehalten geben.
2092 1925 3159 2031 R die Christ 30. thr, so es vom Christen Moser
2135 1995 3154 2092 bekomen, und widrumb 11: thr. so die Frauw
3007 2059 3083 2139 hre
