4032 3024
795 566 895 673 J08
1009 610 1957 807 M. Ahl. des Collegii Insulani
1226 696 1467 835 Gerichts
905 816 1977 982 Aber dene Finter M. Rhl. Großweibel vnd
917 921 1944 1044 Grihtschreibers verlangenden eigentlichen
904 972 1953 1116 Bericht wegen Hannß Kohlers frauwen sel.
901 1036 1925 1177 Verdachtiger Vergifftung, habend Mr hithern
899 1100 1903 1229 des Collegii Insulani sich zusamen gethan.
907 1156 1924 1294 und bey fleißiger deliberation erwünschen
904 1243 1897 1349 mögen daß Ihnen dieser frauwen sel. be¬
892 1285 1951 1406 findender zustandt, so wohl vor als nach dem
899 1354 1928 1469 todt wäre khundt gethan worden auß deren
891 1425 1951 1548 ircumstantzen dann Villeicht etwas mehrer
885 1483 1947 1585 hätte erfahren werden können: Auß mangel
890 1556 1966 1666 aber gnugsamb eingelangeten berichtes, habend
880 1622 1902 1701 Mhnthl. befunden die Natur des in des
893 1711 1906 1784 Schüßel eingeschnittenen gewesenen Brottes
886 1763 1895 1871 nicht anders als per effectum erforschet
892 1818 1937 1925 werden könne; (zumahlen sich nur ein kleine
872 1879 1924 2019 Massula einfinde; zu welchem vndt dann
1699 1989 1826 2071 das
2066 681 2184 791 909
2195 712 3286 829 das Brott, beydes an hund vnd huhn Versucht
2201 802 3247 892 worden, welche aber nach genoß deß selbigen
2183 842 3311 970 beim leben erhalten worden. Waßen Ihr Mith.
2173 911 3268 1039 benachrichtiget werdet. Actum dn 8. 9bris 17i4
2283 985 2611 1094 Vnderschriben
2225 1016 2280 1105 6
2563 1039 3171 1187 MBogdan Ad.
2535 1143 3201 1256 secretarius Insulanus
