4032 3024
769 576 870 681 170
1198 570 1559 680 Ann Einher
839 664 1962 852 Verners ist auch Examiniert worden
868 775 1921 914 Aum Eicher außem Holtzacher bey Tier¬
863 817 1919 964 eheren, so Einen von diesen Gsellen gestol¬
850 902 1929 1037 nen WVeiberrock gekauft und am leib tragt
850 940 1881 1067 und Verwichenen dinstag von sich selbsten zur
837 1013 1909 1146 gefangenschafft komen und eingesetzt worden
820 1080 1888 1243 Befragdt, wo Es diese Gsellen gelehrt
826 1156 1019 1255 kennen
895 1223 1856 1354 Sie seyen nit weit von Ihnen daheimb
754 1309 1883 1460 E. Ob selbige Ihme nit bißweilen gestohlne
825 1391 1272 1499 Sachen zu gebracht.
768 1461 1830 1600 R. Es seye verwichenen herbst der Stephan
819 1553 1883 1652 zu Ihnen in holtzacher bey Tieracheren kommen
823 1605 1856 1726 und habe Kirsen Bohnen und einihe käßlin
809 1676 1857 1774 Wuße mit wie viel gebracht, allein sie haben
814 1710 1230 1792 Ihm mit abkauft
769 1781 1867 1916 L. Wie langes seye, seit daß Sie die gestohl
798 1871 1603 1972 nen Weiberrök zu Ihnen gebracht.
1670 1948 1750 2058 .
2013 665 2112 775 17
2189 694 3225 835 Es seye Vergangenen Sontag Acht tag
2132 788 2884 907 Isi, daß sie dieselben gebracht.
2163 883 3167 1003 Wie viel Röck oder Jeppen es gewesen.
3111 951 3172 1009 si
2172 970 3232 1093 Es seyen 4. Röck vnd eine Jeppen gewesen
2133 1035 3192 1151 dar von Es Ihnen den Einten Rock so es an¬
2133 1101 2554 1214 trage abgekauft.
2163 1167 3253 1317 Ver noch mehr alles bey diesen ghellen ssin
2140 1264 2716 1361 als sie die Röck gebracht
2181 1312 3251 1438 Wweiter niemand Als der bub ChristiEiher
2172 1403 2564 1495 sein Bruder seyn
2169 1465 3245 1603 Wie alt dann sein Bruder der Christen Eicher
2164 1563 2243 1657 Eye
2152 1620 2970 1730 Ihngefehrt 12. Biß 13. Jahr alt.
2146 1725 3165 1816 Warumb der Vatter und Sie mit sorg zu
2136 1796 3129 1889 diesem bub tragen, daß sie denselben mit
2131 1844 3120 1946 diesen gsellen also gehen laßen gan stählen
2142 1921 3169 2043 der Vatter seye bey 80. Jahren Alt vnd
3006 2011 3163 2102 Es seye
