4032 3024
916 576 1609 712 Mäßer lin und demnach
842 685 908 769 13
915 674 1710 810 fragdt von wannen Er seye.
863 755 1570 862 antwort: Von Hertzensee
888 865 1941 1007 E. Wormit Er sich biß dahin durch bracht
923 940 1404 1048 und Erhalten habe?
908 1022 1978 1155 Er habe Etliche bey hen Hauptmann Rosselet
906 1097 1919 1218 als ein Knecht gedienet auff diß mahlen
922 1156 1601 1260 aber habe Er keinen Herren
908 1212 1907 1343 Wie sein Weib heiße und vonennen
913 1299 1238 1403 selbige seye?
914 1355 1894 1485 Sein diß mahliges Weib heiße Anna
901 1436 1919 1538 Maria Zeinmann und seye des Sauid
887 1499 1721 1606 Hemmanns Tochter zu Lentzburg
894 1583 1892 1709 Ob Er nit auch vor diesem Eine Andere
879 1659 1766 1767 Er auw gehabt, und wer Sie gewesen:
886 1733 1901 1866 Ja. Sie heiße Madlena Lutz von Araun
865 1801 1838 1928 seye aber von Ihme gescheiden worden.
2084 585 2169 690 15
2221 671 3394 785 Auß waß ursachen Mann sie gescheiden habe.
2127 674 2207 768 E.
2208 749 3363 855 Sie habe Ihm Alles verkaufft, waß Er gehabt,
2129 763 2195 885 .
2194 828 3385 915 und seye Vorth nach Berlin gezogen, vnd Als Er
2178 898 3355 993 Indeßen wider Wider alhar kommen, habe Er
2178 962 3348 1056 Erstlich einen Suchbrieff und volgends einen
3071 1017 3103 1054 a
2182 1016 3367 1119 Kuff-brief erhalten, und weilen nit erschinne
2175 1078 3210 1171 has seye Er von Ihra gescheiden worden
2221 1166 3363 1297 Wie viel Anken Er auß H. Mattheys Keller
2174 1266 2464 1355 genommen?
2170 1342 3346 1459 Er wuße es so Eigentlich nit, des H. Matthey
2097 1342 2168 1465 R.
2188 1420 3344 1501 Sage, Es seyen 85. tb. gewesen, und Einhalben
2182 1482 3311 1587 Saanen kaß, so ohngefehrt bey 8. tb. vien ge¬
2179 1547 2362 1632 wogen
2182 1588 3279 1721 Ob Er nit auch die Esseriie genommen, so im
2168 1675 2584 1764 Keller gewesen.
2175 1723 3310 1844 Nein Er habe kein Essenie genommen, sondern
2166 1816 3088 1908 allein den halben käß vnd den Anken
2152 1887 3203 1999 Wie Er es gemacht, daß Er in den Keller
2152 1961 3199 2074 kommen, und mit waß fur instumenten Er die
3036 2052 3303 2173 Kellerthure
