4032 3024
825 608 946 708 192
994 701 1988 854 eri 9 Brachmonat 1724 gst
993 778 1997 903 dieses Anni Jacob über underschiedeliche
985 832 1969 969 wider dasselbe eingelangete Klagdten
979 902 1951 1019 durch Mn Rhl. Großweibel noch mahlen
982 956 1814 1080 Inaminiert und befraget worden
982 1026 1980 1174 Ob der Wöscherin Veronegg nit auch lein
1008 1108 1759 1222 achen geben, und wie Manches
1005 1197 1709 1308 Ja, aber nit mehr als drey:
1012 1307 1980 1403 Na die Veronegg aber sagdt vier Leinlachen,
997 1393 1900 1504 WWaß es für diese Keinlachen von der
994 1468 1439 1567 Veronngg bekommen
1003 1537 1389 1654 Es wuße es nit
1108 1631 1823 1744 Na. die Veronegg sagdt 45. R.
1024 1733 1902 1833 von Wannen es diese Leinlachen be¬
979 1779 1153 1865 komen
924 1844 1985 1961 R. von Heimath. daselbsten Es sie von Einer
984 1912 1720 2033 unbekannten franwen gekaufft.
2225 701 3240 827 9dl. Wie Manches Manns hembd es der
2239 777 2652 876 Veronggg geben
2242 849 2727 955 Mit mehr als drey
2146 946 3271 1079 E. Waß die Verbregg Ihme darfur bezahlt.
2209 1056 3169 1154 habe es, weilen es schon lang, vergeßen
2228 1119 3224 1223 dann es noch Schnee g sin als es sie Verkaufft
2212 1178 2324 1259 habe
2303 1218 3233 1355 N die Veronegg sagdt, Sie habe ithrl.
2392 1303 2796 1394 ihm darfür geben
2227 1365 3195 1482 Wo es diese Mannshemmbder bekommen
2235 1442 3193 1570 habe Sie von einer Bauwren frauw ge¬
2209 1532 2779 1617 auft die es nit kenne
2200 1584 3172 1698 diß seye mit gläublich, und seye mit die
2182 1673 3209 1782 wahrheit daß es diese hemb Manns hemb¬
2175 1736 2517 1824 der Gekaufft:
2194 1780 3126 1897 Es habe ein Kindt vnd Brauche alles,
2186 1864 3133 1955 allein die noht habe ihns ergriffen, daß
2185 1914 2864 2018 es sie hab mußeg verkauffen
