4032 3024
816 596 917 710 176
934 626 1911 813 Vnd andere Läher gebronnt gewesen, habe
917 716 1838 857 Er gedenckt sie werden doch Verbrönnt.
943 810 1938 971 Ob Er nit Gesechen daß noch andere Leuth
920 886 1712 1017 mehr von diesen hueten genommen
916 979 1907 1118 Es seyen zwar noch mehr huet da gelegen
1238 1051 1294 1102 bor
914 1076 1917 1166 aber Er wüße, nit Ob Jemands in deme
900 1108 1672 1227 Gestuchel mehr dar von genommen
926 1218 1903 1360 Varumb Er den huet, nach deme Er den
895 1301 1916 1415 Oberkeitlichen Befelch gehördt ablesen mit dem
884 1358 1763 1506 Mtr von Greyertz mit wider getragen
907 1465 1901 1612 Er seye verweihenen Sontag daheimb zu¬
887 1544 1852 1667 Ezigen gewesen, und mit vom Oberkeitlichen
879 1606 1886 1735 befelch gewußt biß der Müller im Sulgen¬
874 1680 1904 1795 bach Ihme dar von gesagdt, worauff Er also
865 1727 1896 1868 bald die gedancken genommen den huet ent
886 1805 1801 1942 dnders zu bezahlen oder wider zu geben
867 1862 1573 1998 Im Vbrigen beruffe Er sich auf
1600 1921 1823 2021 die Herren
1567 2016 1802 2110 Werck
2025 670 2117 786 177
2155 690 3195 803 Verckmeister Duntz vnd Baum Gardtner
2137 768 3262 853 daß Er bey dieser Brunst von den Einsen in der
2150 840 3199 942 Nacht biß an Morgen gewerchet und geloschen
2125 900 3264 987 Welches auch die Steinhanwer auff dem Groben
2144 967 2446 1069 dagen können
2155 1127 3246 1272 Eetstlicher Würde auch Examiniert
2287 1244 2907 1379 E wider ich Jahrri
2327 1069 2361 1074 dagen können
2098 1352 3160 1488 Bdefraget Warumb Er bey der feuwers
2109 1447 3195 1567 ornns einen huet hinweg getragen vnd nit
2125 1535 2437 1627 wider geben
2101 1585 3205 1724 Antw: Alß Er auch habe loschen helffen seyen
2110 1679 3194 1786 die Klamen so starck herab auf sie komen da
2109 1741 3172 1840 habe Er weilen Er nur eine Kappen außge¬
2103 1805 3214 1927 habt, Einen von denen da gelegenen hüeten auf¬
2111 1891 2304 1987 geleget.
