4032 3024
710 493 805 599 139
834 525 1813 721 Obmit solches bey der SJaryr Muhli geschechen.
825 643 1987 823 Nem Es habe bey der Paxye Mühli nir auf der Laubenum
837 714 2002 908 im Gang mit ihme Geredt und seye mitihm in keinem Gemachge¬
837 796 950 872 Wosen
826 858 1971 1030 Ob Er mit auch vor der Ehrbarkeit zu Könitz einen handel ge¬
833 938 924 1015 abt.
805 1034 1975 1188 DJa es habe einen handel gehabt, so vor dem Corgricht daselb¬
813 1111 1310 1221 sten Außgemacht worden.
682 1166 1906 1336 E. Wie langes seye, daß dieser handel außgemacht worden.
803 1297 1679 1442 Es seyze Verschimnen Martini ein JJahr 9sein.
813 1409 1665 1539 36eh sich sonsten nit Weiters vergeßen habe.
1463 1464 1759 1589 Whie Vnrdgutzl
807 1511 1971 1639 Neines habe außert dem handel so zu Könit auß gemacht worden
795 1595 1949 1717 sonsten Weder zu vornach darnach nichts Weiters begangen, sey
791 1666 1417 1779 ihm aber leid daß es daß gethan.
798 1737 1940 1871 Zuude doch seinen Elteren Anlaß geben haben, daß sie ihnzmit
796 1818 1403 1933 mehr Wollen in die Statt laßen.
792 1893 1901 2011 E habe zuvor in derstatt gedienet und ich Anfangs fromb und
790 1967 1915 2065 Ehrlich gehalten, seye Aber nachwehrts vertührt, und der handel
780 2026 1591 2136 wiebedeutet zu Bönitz außgemacht worden.
2046 644 2175 764 17
2177 677 3243 841 Weilen nun dieses babi Stohl nit geständig wollen,
2172 774 3247 921 daß es mit dam Ihr weder in des Ulli Engels Stublin noch bey
2174 837 3262 998 der CPar Hr Michli einiche fleischliche Aemeinschafft gehabt, Wo¬
2182 923 3260 1074 niger daß es den Vatter Geheißen denIhn zusagen, daß es ver¬
2181 997 3244 1132 meineschwanger zuseyn; Als wurde derowegen der Vatter
2172 1069 3222 1216 nochmahlen hinein gelaßen, und ihnn solches vorgestelt mit
2162 1146 3029 1288 bruhtlichem ermahnen, die Wahrheit Anzuzeigen.
2053 1260 3241 1391 Welcher Aber deßen Ohngeacht, auf seiner hie vorigen bekandt¬
2163 1347 3209 1482 nuß verlarret, mit beyfuegen daß Maydtlinschäme sich und
2164 1405 2736 1537 Wolle die that sonstmit bekennen:
2814 1444 3147 1536 Averte
2240 1517 3072 1674 Endtlichen Wurde auch vorgelaßen Alle
2341 1604 2534 1712 Engel und
2096 1633 2334 1766 Gefragdt
2921 1734 3032 1803 Auch
2141 1723 3186 1878 WWo Er daheimb und waß Er allhier mache, und Waß am
2147 1801 2521 1915 thun und laßen seye:
2132 1869 3169 2002 Er seye zu Biberstein daheimb; eine Verrichtung sey, daß Er
2145 1958 3188 2057 Allzeit mit herren hinund Wider, in und Äußert Landts als
2137 2022 3143 2137 ein diener oder postillon keite oder gehe, habe Auch
3020 2101 3145 2158 Einen
