4032 3024
717 543 799 646 956
819 543 2005 752 Einen tedel von Muhl. derburger Camer daß Er hier Wohen
838 630 981 729 dor
851 700 1373 840 Whrmit verheurahtet seyn?
844 795 1981 977 Seit dreyen Wuchen daher sare er Widerumb verhenrahtet sein
843 899 1956 1025 vorigen Weib seye Verschumen Somer Auß gehendt brachmonatz
826 953 1020 1056 gestorben.
838 1030 1979 1151 Ob Ernit offmahls Allerley Leuth Eingezogen und ihnen Vn¬
844 1106 1183 1224 derschlauffgeben.
832 1181 1974 1327 Sseyze ihme Wollzo Eeid daß sein Verstorbenen Weib Allwegen
775 1271 1977 1410 Wann er auff der ReißGsem, Einenschlimmen einzug gehabt und
817 1350 1959 1484 Er hernachsolches von den Lauthen Vernemen mußen, habe auch
832 1423 1958 1541 ffmahls deßtwegen Klagen Wollen, Aber mit der Klagnit
823 1491 1958 1632 auffkommen mögen, Welches dann verursachet, daß er voretlichen
804 1578 1939 1699 Jahren s ich von einem Weib hinwag in dranckreich begeben, und
822 1659 1951 1781 zwey 6Jahr darinnan verbliben. Seitharseye Er widerumb bald
792 1737 1973 1852 hie bald dorth hin Gereiset auch verschimnen Brachmonats dasein
817 1827 1865 1936 Weib gestorben nit hier, sonderen zu Oberhoofen Gewesen.
853 1918 1940 2043 Veilen nun dieser Alli Engel nit bekantlich seyn Wollen
1718 2021 1879 2152 daß
2056 677 2157 771 957.
2183 678 3254 852 Daß Er mit dem Schlunen Ein zugso ein vorigen weib ge¬
2178 768 3253 919 führt, Lnniche Gemenschaff gehabt habe, als ist darselbe wider
2169 837 3080 996 hinauß gelaßen worden. Actum Vorstahtg.
2190 1065 3253 1190 hierauf Würde das Maydtlin noch
2182 1157 3229 1245 mahlen Examiniert, und Ihme vorgehalten
2735 1203 3017 1253 darauf sonharrte
2166 1211 3213 1301 Vaßmaßen sein vatter bekennt; daß es
2171 1265 3246 1366 nit allein mit dem Iken fleischliche Gemeindt
2154 1323 3238 1402 schafft gehabt, sonderen auch Ihne zu dem Ihr¬
2165 1376 3230 1471 gesendet demselben anzuzeigen, daß es ver¬
2170 1455 3223 1534 meine von Ihme schwanger zu seyn, und dar
2164 1491 3211 1579 auffhin begehrt, daß Er Ihns an ein Ohrt thun
2157 1565 3181 1651 und verköstigen solle etc Mit ernstlichen er
2160 1628 3177 1698 mahnen die sach nit zu verhälen, sonderen
2148 1674 2761 1768 die wahrheit anzuzeigen
2148 1732 3237 1831 Es hat aber dasselbe alles zusprechens ohngeacht
2165 1780 3222 1878 nit gestehen wollen einiche ungebührliche that mit
2157 1840 3172 1930 dem Ihrn begangen gehaben, habe auch seinem
2157 1891 3166 1957 Vatter niemahlen befohlen, dergleichen etwas
2155 1950 3214 2022 dem Ihre vorzebringen, sonderen nur zuschaunen
2155 1991 3193 2096 waß Er Ihme für den zugefuegten schaden geben
2137 2060 2284 2151 wolle
