4032 3024
865 565 1430 687 bührlich zu thun gehabt?
880 666 1378 781 Nein sein läbtag nie
879 770 1947 907 Vnd mit dem haubtenen Verein und Guferli
871 863 1568 980 Mitt keinem von denen auch nit
856 968 1898 1083 Ob Er mit dem Aschlimann zu Vnderseen
845 1030 1923 1145 am Marit geholffen zwey fuhlin entwenden
838 1093 1878 1217 und von dem daraußerlößten Geldt seinen
839 1154 1234 1255 Antheil bekommen
850 1241 1843 1360 Er habe die Euhlin nit geholfen stählen
830 1319 1925 1437 seye aber wohl darbey Ihm und zugesechen, auch
827 1383 1887 1490 habe Er von dem Jeiigen Mann der sie nach
832 1429 1862 1553 wehrts dem Aschlimann abgekaufft, mehr mit
829 1489 1531 1597 als 40: b. darvon empfangen
803 1565 1940 1697 So bekennte auch dieser Veldis lahm daß Matthys
805 1662 1905 1763 Geruber zu sumers Buch auch mit dem Schang¬
808 1690 1892 1815 nauner rin ungebührlich zu schaffen gehabt
809 1767 1895 1874 und deßtwegen dem Lrn 3: thrl. geben, dar¬
787 1817 1898 1953 von Er von dem Tgini den halben theil empfangen
1647 1938 1865 2043 Endtlichen
2371 571 3031 662 Sonhlar und wdegs
2179 636 3286 767 Endtlichen Wurden auch vorgelaßen Bab
2195 708 3297 806 Dantzler und Anni Kinder und Eines nach
2194 786 3309 888 dem Anderen mit mehreren ernstböhrtigklich
2186 831 3230 947 examiniert; die aber lediglich bey Ihrer
2178 899 3253 994 Vormahls gethanen auß saag ohne einichen
2183 953 3266 1072 weiteren Zusatz verbliben. Actum Vorstaht
