4032 3024
828 582 910 672 02
1162 630 1577 771 Außsaag
959 717 1979 881 Der Geniger Verdohnen 10 Weger
976 808 1953 945 des Gefangklich enthaltenen Hanns Koh¬
985 873 1998 1018 lers von Jngenstorff verstorbenen Frauwen
1210 943 1611 1052 Bericht ertheilt.
993 1035 1650 1145 Bendicht Glauser
978 1139 1916 1221 Ammann zu Jegistorf seines Alters
1074 1208 1529 1276 bey 74 Jahren
887 1276 1948 1372 Sagdte Auß daß grad nach des Kohlers Frau
902 1331 1899 1445 wen todt, mann Ihme das eingeschnittene
886 1397 1954 1504 Kacheli mit Brodt gebracht, so Er in das Pfrundt
893 1452 1243 1544 hauß getragen
1363 1463 1916 1564 Es seyn auch der Hanns
878 1510 1913 1631 Kohler grad nach dem Todt seiner Frauwen
881 1577 1922 1683 zu Ihm komen, und Gesagdt, mann hätte die
875 1647 1965 1751 Frauw alldieweil sie Gelebdt sollen gegen Ihme
887 1705 1939 1812 verhören, damit Er sich auch gegen Ihren können
880 1766 1937 1884 Verantworten, waß mann Jetz für ein geschrey
880 1833 1898 1927 machen wolle, Vnd habe Er kohler, darüberhin
871 1894 1931 2005 gesagdt, Er wolle einmahl sein Frauw laßen
1673 1977 1872 2084 begraben
2079 676 2176 740 903
2194 692 3296 830 begraben. Da habe Er Amann gesagdt Meinet
2167 771 3236 872 halb, Er könne thun waß Er wolle, Er wolle Ihme
2180 853 3252 958 weder heißen noch wehren, vnd habe Er Amam
2173 911 3228 1013 Gemeint hierbey nit gefehlt zu haben, weilen
2174 969 3226 1081 die Frauw mit von der eingeschnitteen Suppen
2179 1037 2340 1130 geßen
2191 1100 3222 1223 Wuße Er nichts dardon daß die Frauw ge¬
2162 1180 3250 1265 sagdt sie wolle Ihm eins anen machen, daß es
2167 1235 3179 1348 Ichm noch übel gehen, oder Er zum land auß
2171 1309 3229 1399 müßt. Im übrigen habend der Kohler und
2167 1361 3236 1461 dem Frauw übel mit Einanderen gelebdt, und
2163 1430 3235 1518 habind öffters vor dem Thorgricht draußen, dem
2165 1491 3204 1572 oberherren, dem Herren Predicanten, und dem
2159 1553 3216 1660 Thorgricht alhier mit Ein ander zeschaffen hhabt
2351 1650 3126 1785 Hanns lß des Hannt
2320 1731 3150 1855 Rohlers Haußmann von ohngefehrt
2466 1819 2890 1916 38. Jahren alters.
2159 1874 3228 1983 Sagdte des Kohlers Frauw habe viel Vnd dich Ihn
2152 1955 3219 2014 gesagdt, Sie wolle noch den Kohler auß dem Land¬
2144 2004 3216 2091 bringen, oder sie könne nit ins wurch richten und
3093 2051 3220 2153 Golt
