4032 3024
963 542 1697 679 Rudolph Horn Von
1030 637 1756 760 Schüpfen Ambts Frienisterg
1801 698 1945 784 Fibr. 1714
835 725 1901 866 Nachdeme dieser Horn vnder dem Schein
850 803 1957 928 des Bättlens eine Zeit daher in allhiesiger Haupt
851 866 1917 957 Statt herumbgestrichen, und bey Sint, und ande
847 942 1876 1017 ren Kramkaden waß Er erdappen mögen, ge¬
851 977 1949 1080 nomen und entwendet, ist selbiger Verwichener
837 1039 1913 1132 tagen behändiget, in die Oberkeitliche Gefangen
832 1082 1927 1194 schafft gesetzt und volgends den dn. Febri 17i4
845 1150 1918 1257 durch Jehr Gkl. Dienere M. Wfl. Großweibel
836 1215 1948 1309 em hooff und den Grichtschreiberen der beklagdten
830 1268 1916 1369 diebstählen halben ernstwöhrtig Zuredgestoßen
837 1323 1929 1426 examiniert und darauff volgende bekandt nuß
819 1386 1467 1489 von Ihme erhalten worden
705 1457 1886 1568 Befragt Wie Er heiße, wie alt, und von wannen Er
838 1530 941 1608 heiße
702 1556 1893 1665 Antwort: Er heiße Rudolps Horn, seines alters bey
830 1644 1848 1748 25. Jahren, und seye zu Schupfen daheimb¬
828 1709 1897 1802 Waß sein Thun und laßen seye, und wormit
789 1792 1139 1893 Er sich erhalte.
735 1858 1891 1991 R. Er habe alte Schue geblatzet und zu verkauffen
1590 1964 1789 2063 umbher
2086 622 2175 698 47.
2206 636 3337 765 umbher getragen, mann habe es aber Jntzundt
2204 707 2416 789 abgestellt
2095 763 3307 877 ObEr nit auch biß weilen zugriffen und gestohlen
2194 841 2341 920 habe
2094 894 3331 1004 Ja: Er habe leider gestohlen, Er dancke aber Bott
2200 963 2756 1053 daß es Ihm außkomen
2084 1031 2820 1145 Waß Er dann genommen
2099 1129 3312 1246 Auß Einem Laden nächst unden für dem Kauf¬
2180 1218 3312 1302 hauß habe Er zwey paquet strumpf, ein költsches
2163 1262 3205 1368 Secklin und 3: Zahle Laderfahl genommen
2091 1337 3307 1445 Ob Er nit in selbigem laden noch andere strumpf
2188 1414 2573 1504 mehr genommen
2087 1470 3296 1597 Nein Er habe keine mehrere strumpf genommen
2072 1591 3246 1699 hierauß ward das Secklin her vorgebracht, in
2161 1665 3217 1765 welchem sich 4. paar gefärbte und 4. paay
2155 1732 3282 1818 schwartze Somer- und 1. paar Branne Winter¬
2157 1789 3271 1885 trumpf befunden, so dem Strumpfwaber hegg
2154 1856 3243 1954 zustendig, denne 3. guhle Laderfahl die dem
2152 1914 3265 1998 Weiß gernter Gtth zugehordt, Jo Ihnen auch wider
2155 1991 2681 2086 umb zugestellt worden,
2772 1982 3157 2089 Aber von denen
3069 2045 3253 2137 zwleizenc
