4032 3024
804 578 883 672 ott
1068 646 1679 774 8laxia
1219 714 1343 801 Vndt
941 794 1906 958 Lendicht Schlue von Waldtwyl
1101 858 1565 990 der Kilchor Weng
838 985 1952 1137 Den 22. Juni 1744: hat M. Hh. Rahts.
867 1048 1919 1189 Herr Wyttenbach zu volg Oberkeitlichen be¬
871 1110 1919 1251 selchs vom 20. dito mit zuthun Ihr Gnl. die
877 1182 1913 1314 neren H. Großweibel Inchoofs und Gricht
870 1245 1889 1366 Schreiberen Wyttenbachs den von H. Landt
867 1309 1910 1424 Rogten zu Buchser zu Oberkeitlichen Banden
857 1371 1837 1469 Gewahrsamblich alhar gesendten Bendicht¬
871 1439 1898 1542 Schlup von Waldtwyl Wegen Verdächtiger
868 1488 1877 1607 that abscheintlicher bestialitet, Ernstlichen
862 1549 1888 1661 und mit Betronntung der Marter exami¬
862 1611 1820 1715 niert Vorhero aber das Jenige Mensch
843 1675 1875 1797 Maria genant, so Ihne diese leidige that
856 1737 1806 1841 verüben, gesehen zu haben vorgibet Ver¬
849 1808 1862 1931 nomen, welches dann über vorher gangenes
846 1862 1860 1988 ernstliches zusprechen, die sach volgender ge¬
1676 1974 1841 2065 stalten
2020 679 2140 788 105
2152 684 3201 823 gestalten angebracht. Erstlichen seinen
2157 767 2631 874 Namen betreffend
2149 832 3232 946 So heiße es Maria, habe kein Heimath und
2149 903 3254 985 Vnße nit, weilen es unehelich wer sein Vattergsin
2158 963 3240 1058 auch seit einem Jahr daher keinen Meister, sonderen
2150 1020 3207 1123 gehe bey den Bauwren umb seit einicher Zeit
2159 1067 3259 1189 daher habe es bey dem Michal Stähl; zu Mooe assol
2146 1138 3234 1243 teren sich aufgehalten, und demselben gewärchet.
2165 1216 3211 1319 a dann Verwichenen Sontag 44. Tag 1. so da
2150 1279 3178 1381 wäre der 10: Brachmonat:) sich zu getragen
2149 1362 3174 1439 daß als es am Abend bey des Mihel Stahlis
2121 1412 3175 1487 Leuthen gestanden, daß Ihns S. h./ sein noht
2152 1446 3156 1554 durfft ankommen und Solche zu verrichten, et
2143 1509 3229 1595 zu nechst in Kuhrstall gelosten; Wie es in Stall
2138 1578 3214 1667 hinein kommen, seye der Bent Schlup, so bey
2140 1631 3198 1735 dem Michel Stähl, als ein knecht gedienet, hin
2131 1691 3196 1763 den an Einer Kuhe gestanden, und sich gerühret
2138 1751 3205 1855 darob es übel erschrocken, seinen Schihnet in die
2120 1812 3187 1909 Augen gezogen, und nit mehr lugen dorffen, son
2128 1868 3195 1952 deren biß an Gätter furen gelosen, und daselbst
2116 1945 3144 2032 gestanden, der Bru Schlup aber seye noch ein
2921 2011 3108 2103 WWeilin
