4032 3024
1039 506 1557 638 Madle Martig
1051 596 1480 701 von Hulggibriedt
850 647 1978 787 en 5ten Febri 4714. habend E. AM. dienere
826 706 1911 845 M Ahl. Großweibel und Grichtsthreiber sich
847 788 1924 902 in die Gefangenschafft begeben, daselbsten das
827 844 1949 955 von Wegen verubten betriegereyen und dieb¬
826 902 1944 1015 stählen gefängtlich enthaltene Madle Martig
826 969 1937 1079 von Helggibriedt der Kilchor Rueggisterg zu
826 1031 1904 1156 Examinieren; welches dann über bescheche
831 1095 1920 1210 nes ernstliches zu sprechen folgende bekandt
828 1146 1094 1242 nuß gethan
796 1223 1922 1347 Befragdt, von Mannen, und wie alt es sey.
769 1314 1887 1427 Antwort. Es seye zu Helgisriedt der Kirchöri
815 1392 1951 1489 Rueggisperg, aheimb, und bey 23. Jahren alt
781 1471 1485 1594 ormit Es sich erhalte?
861 1554 1194 1663 Mit Spinnen
825 1640 1856 1760 Ob es schon lang von seiner Heimath seye?
752 1664 821 1767 E
761 1722 1897 1835 R. Es seyenet wann bey dreyen Monathen daß
752 1799 1738 1900 Des Vsr seinem heimate hinweg gantzen
2224 665 3050 792 Wo es sich seithar aufgehalten
2217 760 3311 889 zu Kappelen bey Cshristen Sahli, alda habe es
2200 861 3305 952 gespinnen, auch anderst womehr, da es zu spin¬
2193 907 2506 1005 nen gefunden
2140 973 3275 1112 Warumb es also herumb streiche und mit in
2206 1063 2812 1162 einer hennath Verbleibe
2114 1127 3310 1247 Mob seye zu Hauß etwas schuld dahennen schul¬
2162 1221 3290 1305 dig deßtwegen die seinigen Ihnt nicht mehr¬
2174 1265 3289 1375 Gulden wollen, sonderen Gheißesorthgehen, seinen
2167 1321 3054 1434 anderhalt anderwehrtig zugewinnen
2293 1403 2370 1462 nit
2173 1432 3275 1530 Ob Es bey Christen Sahli einen Ehrigen haffen
2168 1514 3236 1594 abentlehnt, und vorgeben, daß es solchen des H.
2158 1560 3250 1648 Holtzers Magdt leichen wolle, nachwehrts aber
2170 1623 3253 1693 den Haffen dem wuhrt bey der Neunten bruge
2137 1667 3237 1749 vmb 7. B. verkaufft habt, Vnd wie es dar
2161 1739 2522 1833 mit zu gangen
2172 1816 3259 1914 Ia. Es habe den haafen dem Sahl abentlehnt
2150 1897 3263 1995 Vnd Ihme Vorgeben des H. Holtzers Magdt habe
2069 623 2119 704 4
