4032 3024
833 596 927 711 188.
940 694 1976 843 Widrumb in die Statt gelaßen, vndt
967 777 1988 911 zu dreyen Vnderschiedelichen Mahlen dem
980 851 1986 978 Mstr Sprünglin dem Kupferschridt in
945 910 2001 1044 seinen Laden auff dem Reichmarckt gestigen
968 979 2003 1120 und allwegen 6. biß in Eeben harnst platzn
968 1056 1953 1180 entwendt und selbige Einund wider in
997 1124 1482 1231 er Statt Verkaufft.
956 1195 1916 1342 Auß befragen Ob Er nit auch einiches
950 1295 1984 1402 Kupfergschir auß selbigem Laden genommen
968 1391 1975 1486 SandteEr verneinete Er gäntzlich daß Er
989 1449 1969 1558 etwas anders als Harnst plätzen genommen
977 1535 1943 1621 Wolte auch nit bekennen, daß Er etwas
993 1567 1929 1665 weiters noch auß anderen Läden, ent
1003 1628 1302 1719 wendt habe.
2101 673 2198 780 189
2383 647 2968 766 Ann Jacob von
2381 724 3122 847 Langnauw ein lediges Mensch
2197 783 3203 900 Den 8. Dito wurde auch Examiniert
2241 871 3277 975 Anni Jacob ein lediget Mensch seines altes
2240 921 3223 1027 Von 20: biß in 25. Jahren, so ohnlängsten
2233 987 3179 1083 den wuhrt zu Belp bestohlen und dae
2237 1042 3262 1155 entwendten sachen alhar in die Statt gebracht
2215 1141 3174 1263 Wormit es sich erhalte vnd waß sein
2224 1222 2670 1329 thun vnd laßen seye
2234 1303 3172 1411 Es habe hatt, den Leuthen holtz getragen
3010 1377 3190 1470 gehatten
2227 1370 2985 1473 und auff dem felderen im Kohrn
2217 1440 3191 1541 auch zu weilen widrumb in sein henmatth
2198 1521 2396 1614 gangen
2123 1588 3192 1702 2. Ob Es nit underweilen auch zugriffen
2207 1675 2633 1774 und gestohlen habe.
3055 1766 3154 1841 als
2138 1774 3025 1920 R. Eb habe niemand nichts entwendt,
2208 1851 2727 1955 Dem Wirth zu Belp
2107 1927 3198 2057 2. Waß es alles dem Wirth genommen
