4032 3024
790 554 876 633 224
908 608 1921 766 daß dieser Schlup keine andere bekandt
910 694 1903 818 nußthun wollen hat Er denselben biß auf
918 762 1910 913 eine andere Zeit widrumb ansei orth thun
915 826 1060 916 laßen
1040 1010 1537 1104 Damen
895 1097 1926 1262 Alß den 24ten Juny Mishl. Rahtsherr
886 1186 1925 1329 Wyttenbach mit Zuzeuchung Ihr Gul. die¬
908 1261 1866 1370 neren Vorgemelt sich aber mahlen in die
886 1321 1883 1436 gefangenschafft begeben und das Maria
895 1403 1858 1513 über seinen hie vorigen bericht vnd Anklag
898 1467 1855 1551 nochmahlen vmbständtlichen aller weit
892 1512 1807 1644 läufigkeit nach befraadt, hat Es sich er
1385 1589 1528 1645 diesenn
890 1592 1895 1701 klärt, daß es bey hievorigem seinem
885 1653 1892 1766 anbringen nochmahlen verharrt, und dar¬
886 1720 1775 1846 uf zu leben und sterben gesinnet seye
1564 1872 1879 2001 Solchem .
2059 672 2165 765 121
2152 699 3180 851 Solchem wach wurde gedachter Bendicht¬
2165 802 3181 888 Schlup widermahlen ernstwöhrtig vnd mit
2164 870 3236 972 Betröuung der Marter examiniert. vnd a9o
2158 938 2373 1036 Befragdt.
2197 1011 3254 1112 Waß Er am Sonntag Nachts im Stall zuthun
2180 1091 2374 1187 gehabt:
2159 1180 3221 1296 Es seye damahlen noch nit nacht gsin, sondern
2144 1247 3192 1363 bloß nach under gang der Sonnen, Er seye da
2147 1309 3129 1414 gestanden und glugt, waß das Reich mache
2188 1393 3159 1492 Ob Er damahl sein Mannlich Glied nit
2141 1479 2362 1559 entblößt.
2159 1555 3214 1663 Am Sontag Abends habe Er sein Männlich
2144 1624 2710 1719 glied gar nit entblößt.
2174 1711 3160 1820 WWase Er dann am Mittwochen znacht im
2143 1773 2636 1875 Stall verrichten wollen
2147 1882 3185 1975 Er habe wollen schauwen, ob das Veich zufreßen
2118 1954 2256 2043 habe
3012 1994 3130 2116 F.
