4032 3024
2043 669 2173 771 199
2394 724 2931 842 Janns Stoll
2446 804 2772 920 Von Scherl
2159 880 3266 1046 Nach deme Hanns Stoll von Scherliver¬
2171 980 3254 1095 wichenen 20ten Decembris Wegen eines Verdächtigen
2164 1027 3177 1144 Brandt Brieffs in die Oberkeitliche Gefangen
2160 1095 3229 1196 schafft gesetzt. Ist selbiger darauff den 26. Dito
2149 1160 3239 1250 durch Ihr Gnl. dienere M. Ahl. Großweibel
2158 1213 3226 1314 enhoost vnd den Grichtschreiber beyseyn Ihr
2138 1294 3220 1379 Johann Rudolps Tscharners des großen Rahtsc.
2150 1339 3219 1431 darüber Examiniert und von Ihmeolgende be¬
2150 1394 2771 1496 kandtnuß erhalten worden
1995 1445 3115 1570 Befragis Wie Er heiße, und von wannen Er seye
2007 1551 3226 1669 Antwort Hannß Stoll, vnn seye zu Scherli daheimb
2140 1642 3185 1742 Warumb Er letstlich dem Ihr Tscharner als
2122 1721 3174 1813 Er Ihne umb seinen Namen befragdt, vorgeben
2119 1765 2695 1874 Er heiße Hannst Müller
2142 1853 3166 1964 der Gunge Junckherr N: habe Ihme befohlen
2122 1933 3168 2008 Er solle seinen Namen also angeben, damit wein
2106 1994 3172 2094 Er schreibe, sie ein anderen desto beßer kennen
2989 2067 3168 2137 mögeg
