4032 3024
791 470 864 557 108
921 533 1970 719 Er habe aber dar zu noch gestohlne sachen ge¬
919 618 1050 703 habt.
939 698 1325 822 ein Gar nichts
924 836 1952 988 Wie sein Weib und Wohar selbiges seyn.
932 908 1974 1074 Es heiße Els beth weyß vord seye von Mühl¬
912 1019 1087 1110 hausen
874 1098 1795 1232 Wie Ihr voriger Mann geheißen
945 1196 1899 1325 Christen Studer von fr aunenfeldt.
853 1318 1941 1458 . Auß Waß Anlas mann gefragdt, daß
903 1393 1951 1522 Ihre Kinder dem Arwanger follix zu ge¬
901 1457 1045 1533 hondtc
904 1525 1966 1650 Er wüße es nit auß waß anlas solches gesche¬
919 1602 1011 1684 chen
910 1662 1862 1793 Von Welcher diebs Rott Er seye vnd zu¬
883 1742 1432 1846 Welcheren Er gehöre.
797 1817 1751 1965 R. Er seye von der Spring Rott nachen.
1781 1967 1841 2093 2
2100 604 2189 706 109
2245 661 3301 811 Wer noch mehr in dieser Spring Rott seye.
2246 774 3272 889 Seine Bruder deren Er vier habe, so theils
2231 842 3322 942 ander Hun Hauptmann Vichies Compagnie
2212 904 3293 1019 theils in solländischen diensten sich befinden.
2217 972 3326 1081 Es seyen aber noch vielandere von den Springen
2217 1038 2842 1136 so im Landt umben ziechen
2214 1112 3283 1248 Wenn Er noch mehr Gekennt von denen
2212 1213 2569 1300 diebs gesellen
2242 1273 3312 1394 Er wüße von keinen diebs- gesellen mit vndt
2208 1358 2515 1456 kenne keinen
3000 1378 3121 1486 burs
2212 1431 3319 1552 Ob Er dann die zwenn so zu wangen Geheuckt
2204 1497 2715 1592 worden nit gekennt:
2206 1572 2925 1684 Nein Er habe Sie nit gekennt.
2217 1668 3139 1759 Ob Er den allen fridlig mit gekennt?
2128 1766 2543 1885 R. kein gar nit.
2117 1850 3231 1966 E. WWie Es dann kome, daß die Gsellen, so zu
1997 1939 3182 2032 Arburg wangen gehenckt worden, Ihn gekennt haben
3049 2009 3139 2122 R.
