4032 3024
819 576 1908 706 Herren Bruder als Er widerkomen, Geldt geben
838 660 1615 756 laßen, Wie viel es aber gewesen
1648 673 1877 761 wüße Er
838 717 1265 828 eigentlich nit mehr
835 801 1612 909 Ob Er nit damahlen von H. N.
1618 818 1902 929 25 thaler
834 880 1099 978 empfangen.
837 941 1878 1056 Es könne seyn, Er wuße es aber nit mehr so
826 1013 1061 1111 eigentlich.
724 1072 1629 1209 E. WWie Offt Er von Gemeltem H. L.
1711 1094 1933 1214 srl. Geldt
804 1158 1036 1243 bekommen.
814 1222 1899 1330 Äußert dem Jetzgemelten noch zweymahl
808 1285 1897 1374 daß eintemahl habe h. L. sel. selbsten Ihme
792 1366 1902 1473 hier in der Statt d2: thrl. geben und befohlen
798 1440 1911 1533 Er solle seiner Muter auch etwas darvon zustellen
778 1495 1919 1617 Das andere mahl habe Er Ihme in Einem brief
800 1575 1264 1676 3. Dublonen gschickt.
797 1654 1152 1778 E 66 Er dem H. L.
793 1745 1162 1849 zugesendt habe?
1233 1658 1909 1782 sel. nit offtmahls Brieffen
784 1836 1885 1963 R. Er habe Ihme nur Einmahl durch den Brugger
1568 1939 1844 2044 zuschreiben
752 575 806 657 40
2050 609 2136 716 4.
2170 605 3322 740 zu schreiben laßen, und haben Er und sein Frauw
2172 691 3312 821 den Brieff durch einen Saumer hinauf geschickt
2173 749 3034 852 haben aber damahls mit empfangen
2146 836 3284 983 Nachdeme nun diesem Hegg nochmahlen alles
2162 921 3244 1031 krefftigen Ernsts zugesprochen worden, sein
2138 987 3211 1105 herte völlig zu raumen, hat Er doch mehrers
2151 1044 3316 1181 nit bekandtlich seyn wollen. Actum Vorstahl
