4032 3024
779 514 848 609 62
879 561 1968 743 darauf habe gewächs Verkauft, oder hinwey
886 637 1067 731 geführt
885 719 1015 800 Mein
892 851 1953 982 Ob hr nit damahls in Einei Keller 9si vnd
871 910 1301 1024 getruncken habe?
886 1006 1917 1138 tem Er wuße mit darumb, sonderen sein
870 1085 1954 1188 Bruder und Er habend bey dem Oberstei Pfister
866 1134 1181 1224 zu nachtgeßen
872 1222 1955 1348 Ob Er nit anselbigem Montag bym Spittahl
862 1284 1910 1410 einen Sack mit Kohrn genomen vnd hinweg
856 1341 1121 1449 getragen?
869 1428 1009 1516 Mein
833 1528 1925 1642 Repliciert Er solle schaunen waß Er mache
859 1579 1835 1702 mann werde solches können bescheinigen.
875 1659 1620 1762 daß werde sich gar nit erfinden
830 1727 1888 1865 Weilen nun dieser Spahr auch nichts gestendig
839 1815 1879 1924 seyn wollen, sonderen sich vielmehr beklagt
836 1879 1862 1980 daß mann Ichn unverschuldeter weiß von
1690 1945 1879 2037 seiner
2089 611 2170 708 63
2198 628 3317 776 seiner Arbeit genomen, hals ist Er widrumb an
2193 704 2781 810 sein Ohrt gefuhrt worden.
