4032 3024
926 630 1950 782 er. 21. Decemb a7 13. sat M.H.
847 690 1901 821 Rahtsherr Engel zu volg Oberkeitlichen be¬
850 775 1894 892 selchs de 16. dito mit Zuthun Ihr GRh. die
851 838 1916 948 neren Ms Rh. Großweibel im Hooffs vnd
841 900 1917 1004 Grichtschreiber Wyttenbachs sich in die ge¬
845 958 1906 1061 fangenschafft begeben, daselbsten die vier
823 1026 1914 1108 von Verdächtigen diebstählen und anderer
845 1086 1930 1194 eklagdten Mißethaten halben gefängklich
842 1150 1913 1239 enthaltene Persohnen, Namens Wilhelm
848 1220 1900 1320 von dieboldshausen, Hanns Fluckinger
835 1274 1927 1359 von Biglen, Gabi dantzler außem Eggnbygl
836 1339 1918 1440 und Ann Kinder auß der Kilchori dieß bach
842 1396 1899 1507 nochmahlen ernst wöhrtigklichen zu exami¬
838 1461 1894 1568 nieren: Da dann mit Vorhergangener
774 546 854 646 20
826 1525 1896 1630 frefftigen Ermahnung der Anfang gemacht
844 1586 1120 1692 worden bey
696 1766 896 1787 Gefraget
1183 1622 1779 1750 Vilhelm Stz sonsten
1120 1720 1687 1823 Belper zum Genant.
697 1787 900 1872 Gefraget
845 1803 1895 1916 Auß waß Ursachen Mann Ihne Belperhein
829 1875 992 1952 heiße.
792 1931 1899 2044 Sein Vatter sel. seye zu Kosten in der Kilchöri
1637 1995 1776 2097 Belp
2100 627 2166 709 21
2169 658 3320 789 Gelp daheimb gewesen, auch vor 32. Jahren da
2206 741 3276 846 selbst gewohnet, dannenhar mann Ihme den
2193 799 2509 900 Namen geben
2210 874 3287 1002 Wo und an welchen Ohrten Er Oty allwegen
2206 938 2923 1043 gewohnet und sich aufgehalten
2187 988 3144 1135 zu diebolds haußen und auch Zuthugn
2207 1101 3288 1221 Ob Er nit auch biß weilen den See hinauf
2197 1198 3274 1286 ins Oberland gefahren, und waß Er daselbsten
2181 1255 2482 1341 Gemacht habe
2197 1341 3288 1452 Vor diesem habe Er mit Veich gehandlet vnd
2191 1413 3272 1510 seye zu weilen den Set hinauffgefahren aber
2176 1465 2947 1577 schon seit länger Zeit mit mehr
2200 1556 3252 1667 Ob Er nit vor etwas Zeits zu Anggistein in
2185 1647 3234 1741 wuhrtshauß gsin und waß Er daselbsten ge¬
2176 1700 2424 1793 macht habe
2170 1743 3286 1882 Er seye schon seit langer Zeit mit in dorthigen
2169 1828 2575 1920 wührtshauß gsin
2181 1898 3147 2016 Ob Er nit den Veldislahm auch kenne
2965 2004 3044 2148 E
