4032 3024
793 508 874 593 76
882 565 1689 710 Kellerthuren auf gethan habe?
916 672 1962 837 die Obere thur wie der H. Matthey selber
901 753 1974 914 gestehe, seye offen gsin, ander underen thüren
892 838 1905 965 habe Er nur starck gezogen, da seye der
889 901 1960 1022 Rigel, wegen der murben Mauren Alsobald
895 970 1526 1069 auß der manren gangen
904 1059 1972 1187 Wer alles bey Ihme gsin, und Ihme geholften
898 1119 1450 1215 den diebstahl Verüben
902 1207 1946 1332 Siemand anders weder der Christen Sä¬
889 1284 1935 1375 Gißen Mann, habe auf der Kellerstägen ge¬
884 1337 1090 1428 wahrtet.
886 1410 1940 1534 Wo Er den gestohlnen Ancken hin getragen.
910 1517 1961 1620 In H. Landtrogt Stettlers sel. von grandion
891 1578 1004 1642 Stall
892 1650 1912 1760 Ob des H. Landtrogt Stettlers hel. Knecht
878 1738 1925 1835 nit auch darbey gsin und vmb den diebstahl
868 1775 1205 1881 gewußt habe.
799 1857 1880 1999 R. Nein Er seye nit darbey 9sin, habe auch
1707 1983 1835 2062 mit
2079 616 2169 711 77
2211 633 3326 754 mit darumb gewußt, dann Er sich damahls
2196 712 2938 805 auff dem Liebefeldt befunden
2203 781 3341 919 Warumb Er dann den Anken in des H. Landt¬
2198 889 3319 957 rogt Stuttligs sel. Stall getragen, wann der
2182 936 2901 1042 Knecht mit darvon gewußt,
2186 999 3323 1119 Er seye eine Zeitlang Weilen Er keinen herren
2195 1079 3294 1160 gehabt in demselben stall gelegen deßtwegen
2183 1138 3284 1242 habe Er den Anken daselbst hin getragen vndt
2179 1207 2391 1315 hersteckt
2188 1278 3298 1375 Ob Ihme dann der Knecht den Schlußel zum
2182 1366 3100 1449 Stall geben, Wann Er hinweg gangen:
2166 1426 3298 1534 Wann der Knecht auffs liebefeldt gangen so habe
2157 1499 3266 1582 Er allwegen den Stallschlußel bym fensteren
2162 1558 2391 1638 Verstockt
2151 1608 3210 1730 Wie doch müglich seye, daß dieser Knecht
2175 1687 3226 1774 umb den diebstahl mit muße genbußt haben
2162 1744 3214 1844 dann Er werde ohne Zweiffel den Ancken im
2151 1801 2628 1899 stall gesechen haben
2171 1866 3268 1994 der Knecht habe gar nit gewußt daß Er selbigen
2152 1939 2394 2023 genommen
