4032 3024
884 570 1980 747 Wo Er mit dem gestohlnen Ancken hinkomen:
852 666 1983 832 Er habe selbigen Eines Morgens frühe in ein
839 743 1920 904 schiff getragen und seiner Frauwen nach
834 806 1341 908 Lentzburg geschickt
869 915 1922 1071 Ob Er nit noch andere diebstahl mehr be¬
853 1001 1080 1079 gangen.
851 1045 1959 1197 Nein, Er habe sonsten nichts anders gestohlen.
850 1179 1914 1308 ohngeacht nun Ernstlichen an Ichne gesetzt
854 1249 1889 1365 worden, so hat Er doch nit nichts weiters
830 1314 1225 1410 gestehen wollen
1083 1566 1921 1690 Zier auff würde auch Examiniert
1722 1766 1921 1897 Schrifen
2081 622 2177 721 79
2414 595 3044 705 Cbristen gerwer von
2446 672 3070 771 Staßis Burg. M8 Rthl. alt
2371 732 3134 846 Landtrogk Stettlers sel. Knecht.
2207 811 3316 924 WDaß Er fur Leuthe in seinem Stall beherber
2192 886 2321 969 nt.
2193 958 3334 1068 Er haabe nie manden beherrberget als den Hanns
2181 1044 3322 1136 Mäßerlin, Weilen derselbe k einen dienstgehabt
2185 1102 3301 1197 und angehalten, Ihne im Stall ligen zu laßen,
2182 1159 3277 1249 habe Er es verwilliget, allein Er habe nit ge¬
2194 1212 3261 1309 nbußt, daß Er ein so schlimmer Gsell seye und
2189 1276 2895 1371 mit solchen händlen umbgehe
2188 1352 3304 1437 Ob Er Ihme vielmahl den Schlüßel zum stall
2180 1418 2379 1501 geben?
2193 1477 3254 1582 Nur Einmahl, und als Er in zweyen Tagen
2176 1550 3281 1644 dar nach wider in die Statt komen, habe Er den
2174 1606 3196 1714 Schlußel wider zu seinen handen genommen
2052 1682 2156 1805 D.
2197 1692 3290 1827 Aber mit den Ancken so der Mäßerlin gestohlen
2173 1765 2526 1861 im Stall gesehen
2080 1832 2767 1958 R. Ja Er habe Ihn gesechen
