4032 3024
2180 689 3250 821 Cach deme Ihr Prio vorgebracht
2172 759 3327 866 worden; Waß maßen Freytags den 3ten Novemb
2173 836 3295 932 letsthin Nilaus Pfäßlin auß dem Liechtguht der
2170 893 3268 989 Vogthey Signauw als selbiger reiniches Geldt nach
2167 961 3235 1031 Hern tragen wollen in der Nacht von dreyen
2172 1006 3257 1108 unbekandten Kerlen auf der Straaß zwischen
2171 1057 3308 1176 Biglen und Rechigen angegriffen Sinnlos geschlagen
2161 1120 3241 1223 und Ihme sein bey sich gehabtes Geldt genomen
2160 1175 3269 1282 worden, und solchem nach über beschechene Infor¬
2157 1235 3198 1319 mation der Verdacht auff wilheln 8t
2150 1307 3238 1400 Aschlimann und Hanns Flikinger von Biglen
2154 1361 3256 1454 drey liederliche Daherumb schweiffende gesellen
2636 1418 2669 1450 ur
2683 1414 2789 1451 theil
2140 1419 3250 1520 gefallen, als welche dem Bericht nach tags zuvor
2146 1491 3250 1580 mit einichen wab dirnen in einem Nechst dar
2137 1527 3228 1631 bey gelugenen Holtz Angist genant sich aufge¬
2146 1579 3190 1695 alten haben sollen. Alß sindt auf gemachte
2120 1651 3217 1753 Ver anstalten so wohl die angezognen dirnen als
2136 1708 3249 1807 auch genanter Stz und Flinkinger gefängklich
2132 1764 3245 1873 eingezogen und volglich den 11en vnd gbe hupos
2122 1824 3189 1934 durch Er Anl. dienere Herren GroßWeibel
2121 1890 3187 1995 Innhoof und den Grichtschreiber selbige dieser
3030 1960 3151 2064 that
1975 1233 2140 1328 44 Haus und
