4032 3024
762 597 864 692 332.
900 656 1961 797 getruncken, habe sich derselbe darvon gemacht
898 738 1954 880 deßwegen Er weinmann Einen Thaler bezah¬
889 811 1910 926 len mußen so habe Er ihm auch getröunkt zu
889 858 1948 985 schlagen und sonsten Viel anders zu leidt ge¬
885 935 1924 1062 than deßtwegen sie sich an Ihme rechen wollen
929 1032 1738 1167 Ob Er keine diebs Camaraden habe.
928 1130 1084 1204 Nein
815 1199 1945 1323 E. Ob Er nit noch andere diebstahl mehr sonder¬
883 1282 1681 1377 lich imB suhegberg begangen habe.
817 1357 1885 1467 R. Nein, Er bätte umb verzeichung vndt
874 1457 1937 1540 betheuwor daß Er sein läbtag in kein hauß, Spei¬
876 1494 1885 1603 cher noch Keller gebrochen, nochsonsten etwas
865 1564 1940 1656 gestohlen, dann weilen Er allein, vnd ohne Weib
872 1623 1951 1724 umd Kindt habe Er sich noch allezeit können durch¬
865 1681 1936 1790 bringen: Nur dißmahlen da Er in das Rider
862 1768 1917 1843 land zureisen willens 9sin und aber kein geldt
859 1815 1895 1912 gehabt, habe Er sich zu diesem diebstahl mit dem
866 1877 1381 1984 Reßi verleithen laßen
1663 1939 1804 2059 Wie
2063 687 2161 786 333.
2183 716 3243 851 WWie nun Muhll. Examinator gesechen, daß
2182 805 3254 907 auß diesen Gesellen nichts weiters zubringen wäre
2170 885 3261 986 hat Er es hierbey bewenden laßen. Actumsorstt.
2465 954 2570 1005 2f6
2601 952 2686 1005 B
2472 1005 2573 1034 2f6
2599 1005 2683 1057 B
2583 1018 2940 1099 Clamen
2545 1082 2667 1157 mit
2216 1079 3158 1221 Derena Grob von Borstatt.
2138 1261 3233 1387 Den 12t Novemb. 1744. hat zuvolg
2154 1366 3244 1466 Oberkeitlichen Befelchs de no. dito Mr Hh. zemmb¬
2152 1419 3217 1519 licher Fillier mit Zuthun Ihr Gel. dienere
2140 1466 3228 1589 Mt Rh. Großweibel Eichooffs vnd des Griht
2140 1538 3220 1648 schreibers das in der Gefangenschafft enthal¬
2146 1616 3215 1719 tene Verenn Grob über dan bey herren haubt
2147 1677 3219 1784 mann Thristoph Müller begangenen Diebstahl
2136 1745 3223 1851 in mehrerem nochmahlen Ernstwöhrtig Exami¬
2140 1806 2869 1919 niert. Wurde also befragdt.
2125 1885 3175 2005 Ob Ihme zu Reichenbachkein diebstahl auf
2123 1951 2312 2066 komen.
