4032 3024
774 573 879 694 330
916 635 1957 806 Solchem nach wurde Er befragt, Ob Er mit
922 748 1722 873 auch im Buchegberg gestohlen habe?
959 823 1943 991 kein niemahlen Mann solle nur Nachfrag
914 910 1941 1054 halten, is ann etwas auf Ihne hervorkommen
913 967 1789 1109 werde, wolle Er allestraffen außstehen.
1196 1070 1272 1137 des
931 1123 1944 1221 Ob Er nit in Weibel Mingers Sohns hauß
905 1167 1363 1272 habe helffen stehlen:
931 1252 1105 1345 Hein.
829 1357 1893 1490 E. Ob Er nit noch andere Diebs Camaraden
883 1440 1024 1512 habe?
893 1512 1409 1645 Nein Er habe keinen
907 1611 1882 1741 Ob Er nit bey Huttweyl in Einem stall
890 1701 1939 1789 übernacht gelegen und daselbsten einem Gsellen
886 1759 1557 1861 Geldt auß den Hosen gestohlen
1827 1817 1908 1887 Jem
875 1844 1905 1955 Er nit, Sonderen der Weinmann habe solches
859 1921 1874 2028 gsellen das geldt auß dan hosen genommen
2072 692 2160 774 791
2187 760 3218 884 do bey 32. bn gewesen, allein dieser Gsell, so
2186 813 3268 936 Hao Ein Keßler und Marquardtheiße, auch gleich
2179 882 3269 1008 wie herumbziehe, und nirgends kein henmath habe
2180 949 3273 1048 Ihnen viel zuleidt gethan, vnd viel vergeben ab¬
2185 1008 2398 1102 gefreßen
2210 1092 3244 1206 Ob der Weinmann Ihme auch von diesem
2170 1159 2659 1258 gestohlnen geldt geben.
2218 1240 2543 1346 Zechen batzen
2123 1392 3206 1502 hier auf wurde auch der Weinmann
2150 1463 3194 1596 hinauff zu der Martergeführt und befragdt
2139 1572 3226 1677 Ob Er nit Einem gesellen bey hutwel in Sinen
2129 1640 3226 1743 stall des Nachts sein geldt außden hosen genom-
2141 1696 2233 1779 mte
2171 1752 3204 1874 Ja allein dieser kerl; habe Ihnen zuvor Viel
2117 1824 3187 1932 Leidts zugefuegt, dann als Er weinmann, Eins
2136 1906 3166 1984 wohl in Einem Wührtshauß (:darinn dieser Kerl
2124 1949 3184 2043 zu vor vielverzehrt, mit demselben eine Nauß
2913 2015 3145 2124 getrunken
