4032 3024
809 551 906 627 150
915 587 1696 739 Ein Juppen und Ein paar Schue
922 697 1959 841 Diese sachen, habe es dem Steini under zweyn
935 761 1889 878 nahlen zu gebracht, die es Ihm dann abge¬
911 805 1052 896 kußt.
864 886 910 952 E.
917 870 1854 1002 Wo es diese Kleider und sachen genommen?
853 939 1848 1082 R. zum Pfad und im Schatten habe es sie ge¬
904 1021 1832 1136 nomen; Es hab bey diesem Zeug habe es
906 1094 1927 1203 noch ein Blauwes fürtuch gehabt, so es hinder
895 1135 1728 1246 fültigen einem Menschen verkauft.
883 1195 1894 1329 So wüße auch der Eyß bym Schwartzen thor
898 1268 1853 1371 wer der Jenige seye, deme es das Taffete.
884 1313 1878 1438 käplin verkauft, allein Er habe nit gewußt
883 1357 1319 1468 daß es gestohlen seyn
889 1452 1900 1593 Waß Ihns bewegt also hin und wider zu stehlen.
1438 1537 1539 1590 und
886 1526 1851 1669 Seine Muter habe Ihns Sick zum Stählen
875 1617 1814 1720 angemahnt, aber es habes hra mit doch mit
861 1657 1499 1755 zugebracht. Actum vorstaht.
2009 644 2122 758 151
2309 660 2922 797 Ostar Spririg
2111 811 3235 943 Nach deme der in Oberkeitlichen Banden
2141 892 3226 994 enthaltene Kasfar Spring, in letsteren den
2118 954 2625 1049 40/ diß, durch Miff
2486 953 3220 1061 mhitig Rahtsherren 2scharner
2143 1013 3232 1126 mit Ihme Vereifteten Ernstwöhrtlichen Eramen
2137 1100 3187 1183 zu keiner Weiteren Bekandtnuß gebracht
2137 1144 3210 1246 werden mögen, und aber auß eingelangetem
2116 1200 3247 1314 Schreiben von Loblichem standt zurick, so viel
2127 1269 3219 1369 antag komen, daß Selbiger von Einichen all
2119 1334 3178 1436 dorten gefängtlich eingezogenen und theils
2106 1398 3151 1497 hingerichteten Siebs Consorten, noch und er
2116 1450 3232 1570 schiedelichen Nambhafften diebstählen beschuldiget
2129 1532 3214 1631 worden; hat zu volg Oberkeits befelchs M. Hh.
2113 1591 3228 1698 Rahtsherr mit Zuthun Ihr Gnl. dieneren H. Groß¬
2129 1655 3210 1759 veibel Imhooss und Grichtschreiber sich den 26.
2114 1725 3165 1831 aprilis abermahlen in die gefangenschafft
2114 1780 3210 1888 Verfüegt und gemelten 2 astar Spring, über
2113 1855 3199 1946 den inhalt angezognen schreibens anfangt
2098 1902 3188 2011 lich nur ernstwährtigklichen, nachwehrts aber
3002 2013 3124 2100 auch
