4032 3024
734 595 829 668 958
1044 564 1466 722 Veter Poosfer
915 645 1674 826 Des so genanten Rohtmeß gerssohn
829 775 1983 942 Nach demne dieser Keel wegen begangenen Veich diesstahe
849 863 1964 1001 gefänglich eingezogen, O)st selbiger darauff Mitwuchenden
832 938 1976 1057 26. Januari, dises 1716.Jahrs durch Ihr Gul. diener Marhl.
850 999 1926 1134 großweibel 6m hoof Examiniert und darüber befragt
862 1090 1243 1190 Vorden Wie vollget.
847 1169 1654 1314 Wie Er heiße, Wie Alt, und wo Er daheimb:
838 1285 1948 1414 Erheiße Peterhooffer seines Alters bey 28. Jahren, und
850 1372 1568 1505 Jege zuhaßliber burgdorff daheimb¬
868 1481 1954 1607 diesem Vatter heiße, und Wo derselbe diß mahlen hauß¬
862 1564 1066 1680 ablichsage?
850 1636 1926 1790 Sein Vatter heiße Michael hooffer, und wohne Getzund
840 1737 1015 1854 zuspl.
862 1837 1506 1967 Wo Er sich diß mahlen Auffhalte¬
844 1943 1924 2066 Kirgends, Er seye erst vor 10. oder 11. Wuchen Widerumb
1747 2043 1866 2162 Auß
2070 665 2161 781 359
2199 664 3264 811 Außholland kommen, und darauff mit dem Damiel Schnidt
2200 750 3250 874 lich Weltschland Gangen Einen Meister zusuchen, Als Er aber¬
2183 816 3259 959 keinen dienst finden konnen, habe Er sich wider Allharbegeben.
2206 915 3216 1039 Varumb Er auß holland so geschwind wider heimb kommen.
2179 1006 3237 1150 Mann habe nit gehalten Waß mann ihnn versprochen habe.
2199 1109 3203 1242 Ersetze Saschon verwichenen herbst wider inh land komen,
2205 1202 2877 1311 Waß Er seithar im Landt gemacht habe.
2095 1270 3260 1404 R. Dem bruder thure zuhaße, Metzgen, und Er habe ihme Allwigl.
2187 1363 3075 1505 das fleisch getragen, darfür Er ihme die Scheiß geben¬
2180 1469 3224 1619 An Welche Ohrt Er seinem Bruder daß fleisch so deselbe ge¬
2200 1538 2668 1674 netz get hingetragen habe:
2184 1641 3194 1779 Er habe das fleisch gen Ostermanigen, und in die Matten
2181 1728 3197 1854 auf dem Breitfald getragen, allda die Magdt auß der
2183 1800 2813 1930 Statt kommen selbigen gen Abholen.
2197 1863 3157 2009 vohr den damiel Schmiedt gelehrt kannen und mit ihm
2190 1946 2563 2053 Kundtsame gemacht:
2079 2022 3186 2159 R. Es habe der Schmiedt zu Burgdorff ein vierteligetrunben
3056 2115 3132 2169 vnd
