4032 3024
789 513 894 616 128
911 550 1838 730 Der Brugger Metzger habe es gethan
935 682 2005 857 Ob der Brügger Metzger nit sein Schwa¬
916 748 1124 841 ger seye
862 804 1794 969 E. Nein Er seye mit sein Schwager
937 935 1973 1082 Ob dieser Mutzger von Bruge sey, oder
910 1024 1681 1140 Vcher Er diesen Namen habe
903 1079 1919 1245 Einiche sagen, Er seye von Schintz nacht
892 1181 1911 1291 andere, von Villnacheren, Er wüße nit
883 1241 1950 1384 Wohae Er seye. Er habe Ihn nur Einmahl
886 1292 1094 1399 gesechen
871 1374 1896 1511 Nachdeme nun Muhhl. Examinator
889 1463 1958 1574 Gesuchen daß auß diesem Verstockten gsellen
889 1522 1969 1643 nichts weiters zu bringen, hatt ErbIhn wider
887 1598 1498 1696 an sein Orth fuhren laßen
890 1661 1954 1793 für diß mahl bey der angewendten Marter
869 1745 1188 1831 hewenden und
869 1888 1775 2006 hierauf wurde auch Examiniert
1663 1991 1879 2105 Alß bet
2104 614 2218 738 129
2348 622 3295 769 Elß beth Weyß von Mullhaußen
2239 722 3304 869 hievorgemalten Castar Springs Eheweib
2243 800 2583 896 und dem nach
2225 861 3181 974 Gefragdt wer sein Erster Mann gsin
2228 925 3319 1047 Antwort Er habe Schristen Studer Geheißen
2243 994 3182 1111 und seye zu frauwenfeld daheimb gsin
2276 1063 3118 1194 Wo vnd wie es Catholisch worden
2306 1166 3269 1276 teilen es uehelich, seye es so in den
2201 1226 3259 1341 Spittählen einen gezogen worden, und im
2226 1295 2764 1397 Stein Catholisch worden
2276 1368 3323 1488 Ob der Allenfridlin nit sein, bruder gsin.
2249 1449 3130 1566 Nein es habe keinen Bruder gehabt
2223 1545 3296 1647 Varumb dann der so drunden zu Arburg
2215 1610 3287 1716 hingerichtet, solches von Ihme Vorgeben vndt
2194 1668 2423 1764 gesagdt?
2225 1759 3275 1858 Mann seche Ichns Allezeit für des Baren
2207 1818 3040 1914 strickers an, Eis seye nit daßelbige
2223 1919 3264 2025 Ob Es den Hannß so zu Oberwyl Maßer
2205 1979 3244 2090 mache und im kleinen häußlin daselbsten eohne
2197 2032 2466 2133 auch kennee.
3070 2085 3169 2198 H.
