4032 3024
783 508 886 637 124
924 544 1996 705 Brugg bey beyden wuhrtshäußeren in die
926 629 1956 751 Keller gebrochen, auß dem Einten fleisch vnd
922 711 1931 842 auß dem anderen Anderthalben Käß ge¬
927 771 1084 837 nomen
874 830 1923 977 Denne habe Er selb viert, als die zween so
916 919 1940 1042 zu Arburg hangen und der Rohtzeiger bey
916 976 1957 1098 damerzählen und Alterbhoffen im 2merner
913 1044 1943 1173 gebiet, ab einer Speicher lauben 2: fusito
895 1107 1933 1241 Vnd ein Jeder von Ihnen 4. hembder ge¬
911 1176 1354 1267 nomen Endtwendt.
883 1237 1917 1371 Verners habe Er allein im freyen Ambt
910 1321 1947 1445 nochzvenbrodt genommen. Dieses seyn nun
893 1385 1504 1500 alles waß Er gethan habe
884 1458 1946 1583 Weihen aber M Hh. Examinator gesehen
898 1535 1866 1641 daß Er sein hert nit völlig geraumbt
890 1603 1957 1708 und aber in der Güthe nichts weiters auß Ihme
893 1670 1876 1772 zu bringen gewesen hat Er befohlen Ihne
886 1711 1920 1843 hinauß Zur strecke zuführen, da Er an¬
877 1791 1950 1908 fängklich mit der Lähren Martes, Wolgends
1154 1856 1328 1914 zweyen
877 1890 1905 1980 auch zu underschiedelichen Mahlen mit dem
877 1930 1910 2048 25. t 3 stein aufgezogen und demnach
1743 2050 1835 2117 an
2112 619 2212 734 125.
2245 642 3263 774 in der Marter Verners bekandtlich worden
2250 750 3357 890 daß Sie zu Schönenwerth neben dem Steck
2698 833 2911 888 7. Brydt Ri
2242 832 3350 956 noch 60. tb. Ancken, etwelche Citronen vnd wein
2223 908 2431 991 Genommen
2237 970 3319 1094 daß der Allenfridlig Vnd Er im Zugerbiet
2235 1049 3332 1143 nächtlicher weil auß einem Ställ ein Kälbe
2227 1104 3300 1229 lic entführt, welches Sie in Einem Holtz ge
2210 1172 2419 1268 metget
2474 1205 2590 1307 beyde
2224 1256 3316 1378 Seyen Sie auch im freyen Ambt an zweye
2216 1327 3317 1423 Orthen Nächtlicher weil eingebrochen, an dem
2185 1392 3311 1500 Einten rth 8. Brodt und Ancken und an dem
2201 1459 3270 1571 Anderen Etliche Brodt und Opfel entwendt
2234 1526 3301 1660 seye Er mit Zuthun des Rohtzeiers nacht
2197 1625 3234 1715 licher weil zu Reiben in Einen Kellerge¬
2192 1676 3260 1789 prochen und auß demselben 3: Brodt 2. tb.
2177 1730 2902 1847 ancken und Opfel genomen
2201 1811 3245 1946 habe Ern allein zu Reyben, noch zwey
2189 1882 3198 2006 Hembder an Einem Gardten Zann beydem
3064 1964 3231 2068 Hauß
