4032 3024
722 552 789 650 34h
876 574 1970 729 Wie Er aber gegen Gott verantworten könne, daß Er als
874 651 1962 813 Vatterselbsten noch hernach seie Eigene Tochter dem Gfer zuge¬
861 720 1784 859 führt, als sie bey der Pargr michtli zusamen kommen
852 800 1962 988 Er habe dem Maydtlin über dasfeld hinauß Garscharpf zuge¬
876 895 1955 1036 Prochen, und ihme gesagdt, Es solle s ich Allsobald Wider inen
860 992 1003 1082 machen.
855 1062 1545 1183 Waß hernach weiters er volget seyn?
839 1133 1961 1316 daß Maydtlin, wie es Widerkomen, habe ihm angezeigt, der
843 1255 1956 1378 Ihr habe versprochen, Wann es Schwanger seyn, so wolle Er inset¬
835 1334 1960 1460 Wann An ein Ohrt Verschaffen, Es solle ihm Aber bescheidschuben, da¬
835 1391 1958 1515 rauff habe Er vergangenen Martinisich zu des Iher, hauß bey¬
842 1484 1958 1607 ben und ihme Anzeigen Wollen, daß Mensch befind sich nitschwan¬
832 1560 1957 1686 ger, Allein Weilen Er den Ihr nit Antraffen und mit von ihm
835 1634 1931 1762 Vernemmen können, habe Er ein Briefflein geschriben; Und ihms
828 1725 1114 1809 geben Wollen.
813 1775 1926 1930 Auß waß ursachen Er einen Anderen Nammen Gebraucht, und
832 1876 1548 2010 Anstatt Stoll sich Müller genambset.
1620 1938 1797 2119 Be
2026 645 2114 737 243
2106 644 3238 833 S. der Obr und das Maydlin haben unwihrtshauß den
2158 763 2906 877 Nahmen mit Einanderen Allso Abgeradt.
2038 821 3241 1016 I. ObEr mit wegen seiner Tochter dem Iher Gelt geforderet:
2168 964 3259 1103 kein, Er habe Ihm nie kein Geldt geforderet noch in seine Hand
2150 1028 2337 1140 begehrdt
2148 1118 3212 1271 Repliciert warummb Er dann dem Ihr Tharner damahlen
2937 1240 2986 1291 116
2140 1221 3248 1362 wie Er Ihne Anhalten raßen, Gesagdt, sein Maretlin seyn Schwan¬
2140 1313 2560 1414 ger, Es muße Halt seyn.
2175 1365 2230 1455 1
2124 1392 3200 1535 Erbatte umb Vergebung Er habe dem OIhr Scharner das
2105 1473 2360 1588 Deibgesagdt.
2137 1564 3055 1693 wer seinem Maydtlin zu Moren den brief geben.
2120 1664 3205 1792 Hierüber GabeEr die Gleiche Antwort wie in seinem vorigen
2142 1743 2502 1861 Examen enthalten.
2135 1817 2966 1961 Ob Ernit zu anderen Häueren mehr Gangen.
2134 1946 2275 2014 Nem.
2964 2004 3107 2135 O8
