4032 3024
756 538 885 650 252
1162 556 1712 732 Samuel Pluß
1163 649 1653 778 Bürger alhier
972 794 1973 980 en 21. Septemb. 1714. hat MrH.
872 809 1977 1020 Rahtsherr Sinner mit Zuthun Mo sh. Heins
900 941 1964 1087 iheren Zilliers und H. Großweibel Im¬
878 955 1976 1131 Hoofft sich abermahlen in die gefangenschafft
901 1046 1973 1191 verfuegt umb zusechen, Ob Er Pluß zu dem
907 1103 1976 1264 daß Er vormahls bekennt noch etwaß mehre
893 1160 1676 1293 re Umbständt hinzuthun wolte
883 1235 1968 1389 Wurde also von M. Hh. Examinatoren dem
888 1309 1967 1458 selben vorgestellt; Waßmaßen Er in letzt
870 1364 1941 1502 gehaltenem Examen gesagt, daß als der Ha¬
885 1429 1929 1574 bold die Kellerstagen hinunder gefallen, habe
863 1494 1923 1611 Er sich alsobald von dannen weg vnd heimb
876 1571 1935 1680 begeben, Warumb Er doch dem Habold wie Er
867 1610 1917 1746 runden gelegen nit so viel Christliche liebe
867 1691 1902 1802 erzeigt, daß Er demselben zuhulff kommen
868 1725 1405 1835 und Ihne auffgehaben
762 1803 1879 1935 Antwort: Erhabe nit gemeint, daß es so übel
853 1878 1857 2000 gangen, Welches zu ermeßen seye auß dem
1697 1977 1850 2086 daß
2062 677 2126 757 153
2140 681 3214 805 daß Er mit zu Weichen begehrt, sonderen noch
2145 774 3282 862 selbigen Abends, wie andere mahl auff die wacht
2145 822 3238 930 Hangen und erst mornderst, den 22 auqusti¬
2145 876 3237 990 morgends umb 8. Uhren eingezogen worden
2056 953 3239 1087 befragdt. Ob Er hiebevor mit dem Habold etwas
2133 1040 2784 1144 streitts oder Zaugs gehabt:
2040 1128 3226 1250 Ante. kein sie seyend Guhte freundt und gar
2109 1199 3202 1288 Wohl mit Ein anderen zu friden gsin, auch in
2130 1261 3175 1367 der Liebe ohn allen haß in Keller gangzen
2122 1320 3259 1431 Da dann neben dem Wein so Er fluß bezahlt
2113 1385 3214 1497 Ei an beyden Orthen, noch umb einhalb batzen
2129 1439 2463 1553 Brodt gekaufft
2020 1518 3241 1625 befraget Ob der Habold Ichme auff der Kellerstägen
2125 1595 3175 1694 nit wollen fattieren und gesagdt, fang
2122 1658 3208 1764 mit an Samnel Ich will die gern Einhalbe
2112 1722 2293 1824 tahlen
2017 1815 3208 1926 Antw. Er könne sich deßen nit erinneren Vndt
2124 1865 2589 1963 Wuße mit dar von
2892 1937 3217 2075 Nachdeme
