4032 3024
783 563 890 670 206
899 591 1910 781 Weilin dahinden Verbliben, und hernach
908 703 1963 852 auch furen an gatter kommen, Vnd Ihns gefragt
902 758 1924 893 waß es da mache; Nun obwohlen Ihns be¬
905 823 1944 959 dunckt, daß Er damahls die leidige that ver¬
899 888 1895 1024 ibt, so wolle es doch nit daruff beharren
913 957 1947 1096 teilen es grad anfangs viel zu fast erschrocken
907 1013 1918 1161 und nit mehr lugen dörfen. Es seye Ihm
896 1091 1874 1213 aber denselben Abend die sach so schwahr
892 1140 1891 1272 auff dem Hertzen gelegen, und sein gewüßen
880 1204 1897 1332 Ihns so hart getrucket, daß es solche nit ver¬
886 1280 1858 1390 schweigen können, sonderen der Magdt im
885 1341 1903 1447 auß angezeigt und bey Ihm selber daraus
887 1397 1886 1526 den Schluß gefaßet, mit da dannen sich zu be¬
874 1477 1886 1582 geben, biß es die sach eigentlich wüße deßt
877 1531 1899 1625 wegen die Magdt und Es am Montag Abends
872 1590 1893 1715 sich im Stall versteckt, und etwann bey ander
863 1661 1907 1790 Thalb stunden lang gewahrtet der Schlup aber
868 1725 1867 1826 seyn selbige nacht nicht in Stall komen; am
876 1790 1851 1917 Zinstag Abends habe es allein gewahrtet,
886 1853 1865 1966 da seye Er auch nit komen: Am Mittwochen
862 1904 1819 2034 aber habe mann dem Schlup verdeutet, Es
1706 2014 1830 2103 hauze
2020 666 2114 768 207.
2159 668 3263 766 eye hinweg, da seye Er in stall kommen und darinen
2149 748 3201 843 etwas hin und her gesucht, und Ihns gefunden, da
2130 798 3241 896 Er dann Vast eine stundlang mit Ihme Herrdt, vn
2133 881 3228 965 der anderem Ihn gefragt; Wann Es etwas
2138 935 3193 1023 Boses von Ihm wüßte, Ob es Ihms auch auß¬
2139 984 3220 1091 bringen wolte, auch darauf Vnzucht an Ihrs
2132 1044 3253 1151 begehrt und gesagdt, wann es einwilligen wolle
2132 1110 3227 1219 so wolle Er mit Ihm forth, Es aber habe Ihn ab¬
2122 1182 3178 1285 gewiesen und vermeldet, Er habe Ein weib
2129 1252 3195 1340 solle heumb zu seinem Weib gehen. Worauff
2119 1306 3192 1425 Er zuletst gesagdt, wann es nit so gern wolle
2119 1386 3181 1473 alt Er, so begehre Ers nit zu zwingen, vndt
2109 1437 3181 1544 seyn darmit wider auß dem Stall gangen.
2123 1515 3193 1632 Am Domistag seyen Arme Leuth in dem
2112 1580 2644 1696 Stall über nacht gsin
2111 1651 3216 1759 Am Freytag Abends seye es schonvmb 6. uhren
2118 1736 3179 1828 noch ehe sie gemolchen in den Stall gangen, Vnd
2104 1796 3183 1892 sich in ein kleines Ställin im Stall aller nächst
2108 1847 2938 1958 da die Kuhr gestanden, sich versteckt,
2966 1857 3152 1951 da seye
2985 1933 3093 2041 der
