4032 3024
772 591 834 685 48
868 622 1871 771 Er habe wohl letzt verwichene faß nacht des
872 719 1886 818 Meßerschmidts Franwen 2. hembder geben zu
872 794 1852 880 verkauffen, alleinselbige habe Er zu Reiben
880 832 1853 947 nit gestohlen, sonderen sie seyen seines Weibs
880 895 1843 991 gsin, die noht habe Ihn Geziungen sie zu vor¬
874 949 1697 1038 kauffen, damit Er brodt kauffen könne
877 1004 1832 1114 Mann solle aber nur dem Wührt zu Reiben
871 1087 1857 1164 schreiben Es wurde sich finden daß Er die
862 1120 1669 1225 Wahrheit vorgebe. Actum Vorstaht
1970 637 2057 739 149
2172 623 2992 757 Dabi Zand auß dem
2395 698 2740 816 Guggisferg
2061 785 3167 913 Den 28: Marty habend Ihr Grl. die¬
2085 870 3179 984 nere M. Rhl. Großweibel und der Griht
2080 926 3185 1037 schreiber sich in die Gefangenschafft verfuegt
2090 981 3186 1093 daselbsten das von Min Rihl. Stifftschaffnere
2095 1038 3121 1152 Morlot sambt seiner Vergicht überschickte
2097 1098 3200 1235 Hab Hand auß dem Guggisperg wegen begange¬
2090 1160 3150 1284 nen diebstählen, jonderlich aber wein Es die
2090 1224 3153 1343 gestohlnen sachen allwegen zu behalten geben
2089 1279 3197 1403 in mehrerem zu Examinieren; ward demnach
2862 1344 2932 1429 Sy
2082 1368 2290 1458 befragdt
2102 1401 3146 1518 Wie die Leuth heißen und wo die wohnen
2094 1436 3164 1555 denen es die diebstahl zu bracht vnd zu behalte
2088 1552 2253 1624 geben.
2110 1571 3129 1714 Es habe viel gstohlne sachen dem Hubel weyd
2038 1596 2109 1709 R.
2104 1636 3123 1757 Steini zu gebracht, die Zubelweydlige in der
2096 1713 2707 1813 Oberen Kilchör Guggistern
2026 1760 3202 1910 D. Waß es diesem Hübelweyd Steini alles für
2096 1845 2932 1956 dieb fur gestohlne sachen zugebracht.
2064 1914 3203 2038 R. Ein Rohte brust, zwey hembder, Ein wullheibd
2999 1991 3112 2079 Ein
1943 1115 2085 1178 zu Ober¬
1939 1162 2063 1237 hutlich
1945 1201 2057 1270 bandtg
