4032 3024
791 559 916 672 Gott
1070 1398 1186 1400 Barbara Kohler die Magdt
895 602 1981 807 Bott müße es Ihra nit zulaßen, habind sonsten
915 713 1626 828 Gar übel mit Einander gelebt.
905 774 1938 906 Er zeß habe noch mit Einem anderen, auß be¬
894 840 1967 979 felch des Kohlers den Todtenbaum helffen machen
906 914 1955 1008 da habe der Kohler Ihm gesagdt, Es habe Ihm Je¬
898 959 1938 1068 mand bedeutet mann solle inhalten, Er wolle
896 1016 1947 1139 darüber mit dem Amann reden vnd seye dar
901 1090 1937 1199 auf zu dem Amann gangen und nach seiner
901 1145 1930 1269 ruckkunft, habe der Kohler Ihmen befohlen Vorth
898 1215 1900 1319 zufahren vnd habe Er gezeug nichts anders
896 1255 1933 1377 bemercken können, als daß die Frauw Weiß
887 1324 1783 1400 wie die Todtnen Leuth seyen außgesechen
1069 1400 1901 1517 Barbara Kohler die Magdt
1067 1492 1871 1605 von ohngefehrt 20: Jahren alters
886 1566 1891 1679 Sagdte Es sey bey 6. Wuchen bym Kohler
884 1645 1950 1734 in diensten und habe die Fraund gang alle Un¬
874 1682 1905 1791 Einigkeit begehrt, und habe Sie Ihm gesagdt
875 1757 1920 1863 Sie wolle den Kohler nochm Gefahr bringen
884 1816 1946 1917 oder Sie könne mit und als sie gezeugen Ihra
877 1874 1967 1998 abgewehrt, habe Sie doch gesagdt, Sie wolle es thun
1712 1946 1855 2089 oder
1174 1400 1782 1424 wie die Todtnen Leuth seyen außgesechen
2064 689 2145 754 905
2188 695 3290 845 der Gott laße es Ihra nit zu. Sie Gezeugig
2171 782 3241 888 habe nit gedechen, daß weder die Frauw noch der
2171 845 3296 953 Mann etwas anders von Burgdorft habend herbracht
2180 914 3229 1023 als die Artzuen, so der Doctor Anet der Amen
2173 979 3204 1083 der Frauwen geben, so sie Ihme vorgewiesen
2182 1047 3238 1147 und habe die Fraus nach deme Sie die arzwey
2171 1104 3208 1214 eingenommen sich grad starck müßen erbrechen
2164 1173 3252 1250 und noch bey 14 Tag darnach gelebt und in zwu¬
2157 1233 3207 1341 sehen sich beklagdt, auch habe die Frauw als sie
2161 1296 2955 1406 gestorben Kreyden weiß außgesachen
2345 1411 2931 1533 s Cattheus Näher
2224 1506 3048 1619 Meister in Burgdorff et Philiateon
2313 1580 2932 1692 Schrifftlich gegebenen Bericht
2148 1666 3096 1793 Hochgeachter wohl weiser Herr Groß¬
2622 1758 2782 1835 Frauwen
2116 1781 3228 1912 Aber Hannß Kohlers gehabtem Zustand, ertheile
2150 1867 3220 1930 diesen bericht, daß sie den 28. Septb. selbste
2146 1911 3215 2027 an einem stäcken gehand, mir Ihren S. h.) Vrin
3036 2004 3223 2085 Uberbracht
