4032 3024
782 556 1837 694 Wdaß für einen Weg Er dahin genommen
761 658 1914 796 oh Er seye von hier auffs buchlig gangen zu sei¬
846 713 1894 856 ner Schwoster und etwann eine halbstund sich
829 777 1847 890 bey Ihra auffgehalten hernach bey ballen
835 844 1870 954 Bahl durch, sich auß höschigen zu seinem bruder
825 919 1855 1035 begeben, alda Er noch beygihter Tags Zeit an
817 978 1804 1090 komen. bey demselben Er übernacht gsich
823 1036 1882 1149 des Morgends darauff (: so anEinem Freytag
816 1110 1814 1189 gewesen: seye Er auf Thun zu biß ins
796 1165 1876 1274 Guadt gangen willens alda, arbeit zu suchen
814 1220 1852 1336 als Er aber keine arbeit finden können, habe
790 1294 1881 1410 Er sich auf Oberhoffen daselbsten Er byim herpsten
799 1356 1366 1463 die Brändten getragen.
797 1419 1924 1555 Wer alles mit Ihme auf höschigen zu gangen
689 1525 1830 1679 . Tiemands Er seye Hantz allein dahin gangen
703 1636 1762 1769 E. Wo und bey wein Er zu höschigen gelegen.
697 1730 1621 1872 E. bey seinem Bruder in Einem betth
660 1844 1810 1976 E. Ob Er dieselbe nacht nicht auß dem hauß
1576 1914 1740 2016 konnen
593 1270 760 1355 7begeben
2133 594 2305 727 komen?
2084 702 3252 843 A klein gar nit, Er seye mit ehr auß dem Betth
2148 787 2908 899 aufgestanden, als biß am Morgen
2067 860 3273 1018 E. Ob Er mit damahls einen Rantzen angehabt als
2129 955 2720 1076 Er nach höschigen gangen
2080 1043 2770 1179 H Ja Er habe einen gehabt.
2071 1146 3272 1304 E Ob Er das Schräpfer Bäbi und Güster Anni
2138 1259 2423 1354 mit kenne?
2080 1319 2736 1447 H Nein Er kenne sie nit.
2076 1396 3236 1547 E. Ob Er den so genanten Blaserlahn nit auch
2119 1494 2296 1572 kenno.
2074 1529 2804 1677 R da Erkenne den Blastlahn
2263 1601 2650 1678 und anwelchem ohrf.
2065 1625 2807 1755 A Wo Er Ihn zuletst gesechen
2065 1693 3254 1836 H. zu Lyß alda Er als ein Muhli Kahrer gedienet.
2070 1809 3155 1947 E. Ober mit ohnlängsten zu Konolfingen im
2133 1890 2698 2007 wuhrts hauß getruncken
2055 1945 3222 2094 R Nein Er seye seit langer mit zu Ronolfingen gsin.
