4032 3024
765 544 882 652 296
1074 625 1643 770 Dendicht Burr
1102 689 1543 831 von Neuen Egg
917 834 1903 987 en 27. Julii 1714. habend Ihr Gril
896 876 1939 1040 dienere Murthl. Großweibel Imhooh
891 959 1946 1102 und der Grichtschreiber sich in die Gefangen
885 1020 1923 1154 schafft verfungdt, daselbsten den wegen
888 1083 1964 1224 gestohlnen Veichs eingesetzten Bundicht Burr¬
880 1148 1952 1280 von Neuneungg zu examinieren Welcher
893 1196 1944 1343 dann auf die an Ihne getrückte fragen vol¬
879 1254 1488 1369 gende bekandtnuß gethan
860 1339 921 1433 2.
911 1328 1915 1474 :Wie Er heiße, wormit Er sich erhalte vnd
889 1407 1568 1515 Waß sein thun vnd laßen seyn
833 1465 909 1575 H
922 1493 1895 1602 Er heiße Bendicht Burri, auß der Kilchor
879 1550 1893 1663 Neidenegg Vnd habe bey 13: Jahren alhier
880 1598 1908 1708 in der Satt bey den Mülleren gedienet, vnd
878 1648 1520 1730 sich mit seiner Arbeit erhalten.
864 1682 1880 1818 Wie der Jenige Kerli leiße, der Ihme
870 1745 1562 1857 geholfen die Kalbeten stahlen
848 1830 1265 1930 Hanns Joner
812 1924 1831 2042 E. Ob Er viel mit diesem Joner geleichet
1792 2031 1873 2152 H.
2200 713 3250 829 Seye Zween rung mit Ihme gangen gen
2160 783 3216 887 stahlen als da sie das Kindlin vnd die geiß
2161 840 2384 943 genommen
2175 911 3244 1030 Wie das Orth heiße, alda sie das Kindlin ge¬
2165 993 2356 1074 nommen.
2186 1030 3180 1158 Es heiße in der Weyd neben dem Forst
2145 1104 3252 1210 daselbst hin seyen der Hannß Joner vnd Er gange
2135 1181 3260 1273 und seye Er darbey 9sin Wie der Joner das Kindli
2129 1238 2499 1330 hinweg geführt.
2092 1276 3076 1424 E. Wo sie mit dem Kindlin hinkomen?
2158 1380 3234 1495 seyen darmit dem Mutzger Heinrich zugefahren
2142 1478 3223 1561 und am morgen umb 5. Uhr bey Ihme ankom¬
2144 1558 2267 1622 nen,
2050 1582 3202 1708 E. Ob der Mutzger Ihnen befohlen habe Veich zu
2132 1666 2297 1768 bringen
2160 1733 3166 1855 Ja, Er habe Ihme Burr gesagdt Er solle Ihm
2135 1814 2476 1909 etias bringen
2052 1896 3151 2027 D Auff waß weis sie mit dem Metzger ge¬
2130 1969 2347 2063 mährtet:
2983 2028 3059 2143 H
