4032 3024
778 534 899 628 214
944 553 1975 799 Darauhfer die UnChestliche thal verrichtet: Daß tewngen sesn
958 669 1955 874 eun solchefarcht das Marey Ankomen, daß es mut mehr nist a
947 762 1946 951 schloffen wollen, Sondern zu der Stieft Pochter uns mage Gangen
931 815 1042 925 Legi
954 896 1956 1084 Vnters habe Ihnen das Marey Angezeigt, der Schlug und
940 985 1941 1179 Damahls Gespurt haben, daß die Khno tab wollen o1) Sech
922 1084 1930 1251 dann ereinetung von Ihren Weg Gestauden, und nach dem solche
931 1176 1948 1341 Gnschehen seyn Er wiber Ansin Gangl. Ers habe Gnhört wie der hur
938 1256 1928 1414 und Auch die Shuo Gebärtethaben, dann elso nach darbey chhi
979 1332 1584 1473 sad die Ahno hatte Anruhren können
935 1441 1928 1577 Wie nun das Marey Ihra den Bauein diese Sach Also an¬
923 1505 1916 1695 Geseigt, habe sie Ihme darüber zugesprochen und Gesagt Es solle
909 1596 1939 1759 schauven was Ers rede, darauff es Geantwortet, Ess möghe Ihme
923 1674 1707 1817 Jehen wie Gottwolle, Ebstande darvon mit Ab¬
908 1771 1882 1945 Verunrtsagte diese Bauwen daß die Mags Ihra habe¬
904 1847 1861 2043 Angezugt, daß sie zwey morgen die Khuo habe Abgelaßen
1673 2011 1872 2133 Gefuncden,
2043 669 2140 787 215
2134 658 3267 804 vnd dar Knorf Am Seyleimngethan. Stelle sich eithar un so bals
2131 752 3237 883 Inmans S in Stall komme die hrohunder sich biß An die bschuße Auch
2127 819 3249 969 habe sin beobachtet daß die Khuo 1iho doch frisch Kalberet, mmniche wochen
2116 914 3139 1036 dahen an der milch vmb viel Abgenomen Gehabt, Auch vnder de
2105 1000 3165 1123 Niden Blatarlin Auff der milch wie E. 1.) Shuder sich befunden
2115 1085 2885 1222 seithar Aber habe die Khuosich wiber Gebeßeret.
2093 1177 3227 1306 Michanl Stahl, der Beuner Jetzte noch zun zu daß das Mari
2108 1273 3214 1402 chen ersucht uns begehrt Er daß Abends mit Ihne in Stall Gehen, und
2092 1357 3130 1488 Achtung Auf den Schlurz Geben solle. Err aber habe mit Gewolt
