4032 3024
809 551 889 677 218
942 627 1900 795 Abends im Kühr stall gewesen, und waß Er
953 718 1483 821 darinnen gemacht habe?
957 795 1941 942 Ja Er seye denselben Sontag abends, so zwu¬
927 866 1785 991 schen Tag und Nacht im Kuhrstall ghin
910 956 1933 1091 Waß Er damahls im Ruht stall zu Verrichten
922 1026 1112 1132 gehabt:
942 1108 1952 1233 Er habe gelugt waß die waar mache, sonst
929 1192 1667 1288 habe Er mit darinn verrichtet.
922 1265 1888 1396 Ob Er eintzig oder Jemands mit Ihm
916 1347 1288 1439 in stall gangen:
942 1417 1884 1533 Er seye mutzig darein gangen Aber das
904 1495 1734 1610 Marey jeye gstracks nachen kommen
931 1580 1903 1698 Ob Er nit schon eine Guhte zuvor imstall
907 1657 1687 1763 9sin ehe das Marey darein kommen
912 1711 1901 1851 Er seye mit lang darvor drungsin, Es sey
886 1789 1330 1904 grad nachen komen.
2046 658 2127 771 219
2209 692 3266 832 An Welchem Orth im Stall Er sich befunden
2158 776 2844 896 Wie das Magey darein kommen
2175 852 3259 971 Er seye finden am Seich auf der bschußi gestanden
2164 924 2910 1025 eb und gelugdt ob sie noch freßen
2180 1011 3238 1130 Ob das Marey, als es in stall kommen bey Ihme
2176 1088 3153 1189 eige stehen gebliben oder weiters gangen?
2136 1176 3240 1289 Wie das Marey auß ein Thenm hinein in Stall
2145 1246 3243 1351 komen, seye Er Grad gegen Ihm gangen, und mit
2133 1314 3226 1405 Ihme den Stallführen under den Gatter alda
2153 1368 3199 1471 des Nachbauioren Knecht mit Ihnen geredt
2112 1467 3234 1572 Repliciert dieses seye nit die wahrheit, dann
2130 1552 3235 1651 Er seye noch eine weil dahinden gebliben, Ehe Er
2145 1604 3239 1706 dem Maydtlin nach den Stall führen an hätten
2133 1668 3222 1776 komen, mit Ernstlichem erinneren die Wahrheit
2140 1736 2836 1830 ohne außflucht zu bekennen c.
2128 1792 3234 1910 Worauf Er gesagdt, daß Er grad dem Mäydtlin
2144 1879 2803 1973 nach den Stall führen gangen
2164 1946 3138 2074 Ob Er nit auch am Montag oder dinstag
2954 2023 3171 2117 Abendsec
