4032 3024
774 506 906 620 126
943 496 1027 618 E
878 589 1985 757 Hauß bey der Brugg gestohlen, und solche
911 663 2005 843 einem Menschen zu Oberwyl Namens Anni¬
899 725 1403 838 zu gehalten geben.
919 840 1977 969 bekennte Er auch daß Er vor ohngefehrt e.
905 902 1954 1030 Suchen nächtlicher weis dem Wührt zu
898 961 1941 1093 2schepbach 2. Stieren auß dem Stall ge¬
905 1026 1965 1156 nomen, und selbige Einem seiner Vetteren
887 1091 1944 1234 Namens Haunß so ein Meßerschmidt
895 1157 1962 1296 zu Ober wyl und in dem kleinen häußlin
894 1230 1964 1351 daselbst Meßer mache, und allen Herren
900 1301 1954 1397 wohl bekannt sey, zugebracht, der Ihme
898 1345 1924 1453 znfangen 2. thrl. darfür geben und ge¬
890 1414 1966 1528 sagdt, daß Er das übrige Geldt sollekomen
904 1481 1961 1590 reichen, derselbe Hannß habe Ihm gesagdt
886 1537 1640 1646 Er wolle sie gen Biel fuhren
875 1604 1902 1731 Mann solle aber nur dem wührt zu
886 1670 1499 1778 2scheppach zuschreiben
844 1741 1940 1871 Hefraget Ob sein Weib allwegen da bey
877 1815 1950 1945 gsin und umb diese diebstähl wußenschafft
867 1877 1059 1985 gehabt
1713 1946 1796 2073 H.
2104 615 2213 727 1.
2239 655 3394 791 Mein Es habe mit dar von gewußt, so habe
2243 746 3351 845 Es Ihn auch von dem Allen Fridlen und übrigen
2237 810 3325 909 gsellen weg gezogen, und nit zulaßen wollen
2253 866 3292 958 daß Er mehr mit Ihnen gehe, deßt wegen sie
3124 907 3333 992 also dos su
3240 942 3335 1017 Heyy
2244 940 3161 1025 mit Einanderen zu unfriden worden,
2229 1002 3331 1098 der Seyßer Brugg Ihne am Kopf vnd an der
2226 1045 3099 1156 and mit einem Meßer Verwundt.
2162 1140 3306 1257 EOb Er noch allezeit nit müßen wolle, weg
2214 1220 3129 1321 seines Weibs Erster Mann Gsin seye
2234 1299 3345 1403 Er WVuße mit anders, weder daß Er Cchristen
2155 1315 2214 1428 H
2221 1367 2621 1470 Suder geheißen
2185 1437 3324 1565 Ob der Allenfridlin mit seines Weils Bruder
2194 1524 2330 1623 gsin
2167 1565 3173 1707 R. Er Wüße es nit, sein Weib sage kein.
2225 1701 3220 1807 Ob Er nit dem Allenfridlin Gesagdt Er
2093 1708 2214 1827 E.
2198 1775 3256 1884 Wuße, wer dem Sagen wührt das Haußver¬
2202 1833 2514 1926 Bronnt habe.
2213 1908 3270 2039 der Allenfridlin habe das zu Ihm gesaget,
2125 1918 2215 2031 E
2179 1995 3211 2107 Er muße werdas wührts hauß angesteckt
2119 716 2192 802 H.
2072 851 2203 930 Und zu
2062 906 2207 1004 thun habe
