4032 3024
776 520 859 582 260
920 578 1973 769 Ja, aber nicht umbsgeldtswillen, sonder mit
931 654 1384 765 dem diener zureden
923 750 1953 926 Es stande Ja im Brieff, Er solle Ihm 5. tha
892 823 1958 978 ler schicken, oder deßen wahrts wo mit so wolle
887 897 1922 1029 es hinaußkomen, darüber seye es auch nach
875 964 1169 1059 Hern kommen
915 1050 1944 1161 Es habe von keinem Geldt befohlen zuschreiben
899 1103 1937 1232 habe auch kein Brieff niemahl gesechen; Es möchte
902 1148 1944 1270 er Waßer Brönner oder ein anderer wohl ge¬
901 1213 1970 1333 schriben haben, Waß Sie gewoldt, weder seinen willen
902 1309 1928 1444 Ob Es nach dem Ostermärit nit auch alhier zu
881 1374 1346 1473 Räbleuthen Gewesen
906 1439 1818 1590 Ja undertagen aber Nachts niemahlen
904 1571 1969 1704 Ob Es nit von Attiswegl auß, an einen Jumehr
891 1639 1250 1728 schreiben laßen
892 1725 1920 1837 Nein, habe Niemahls keinen anderen brief
863 1805 1878 1903 schreiben laßen, als den Jenigen an den diener
863 1883 1892 2029 Wie viel es dem Wihrt zu attiswyl schuldig.
1748 2017 1840 2115 .
2052 657 2133 737 261
2188 706 2345 814 Nichts.
2191 806 3276 909 Ob nachdeme auff den Ersten Brieff kein antwort
2167 896 3217 984 erfolget, es nit noch einen Brieff an den Laden
2157 943 2671 1033 diener schreiben laßen
2169 1024 3259 1135 Mein, habe nur einen Brieff zuschreiben befoh
2162 1103 2254 1167 len
2185 1159 3246 1238 Ob es nit wüße wer dem diener den Brieff ge¬
2148 1239 2334 1331 tragen.
2176 1306 3174 1421 der Waßerbrönner Aschbacher habe gesagdt
2160 1386 2941 1482 sein weib müße den Brieff tragen
2051 1474 3186 1589 E Ver das Andere Mensch seye, so mit Ihme
2137 1555 2792 1647 gefängklich eingezogen worden
2146 1637 3207 1761 heiße, Elt beth Straubhaar, seye des Waßerbron
2150 1720 2632 1816 ner Ashbachers Weib
2184 1784 3176 1895 ob Es dieses Aschbachers weib schon langkenne
2176 1874 3165 1968 Ja, seit langer Zeit dann es demselben schon
2144 1940 3214 2042 vor etlichen Jahren vielmahlen Schlechen zum Bronen
2120 1998 2340 2079 Verkauft.
