4032 3024
734 563 815 613 2.
858 581 1910 711 that halben ernstwöhrtiglich excaminiert vnd
868 666 1206 757 befragt worden
968 729 1850 848 Ward demnach der Anfang gemacht
967 791 1763 899 bey bab dantzler sonst Schrapfer
988 858 1771 965 Bäb genant, auß dem Eggunyl
1165 904 1398 993 gebührtig
682 931 1877 1085 Hefrage Waß sein thun und laßen seye, und Wor¬
835 1020 1286 1136 mit es sich erhalte
713 1105 1873 1221 Antwort. Es gange mit seinem Schrapfzeug hin
823 1169 1862 1276 und wider gen schräpfen allein einihe Zeit
815 1223 1868 1333 daher habe es ein offenes bein gehabt, also
812 1292 1885 1402 das es nur vom Betthlzum ofen komen mögen
810 1354 1834 1455 und derowegen seit Acht thagen sich bey der
796 1409 1861 1522 Papyr muhl auffgehalten, sein Vogt habe Ihm
792 1474 1894 1585 vor ohngefehrt 14. Tagen 2. R. geben, darauß
805 1551 1183 1653 habe es gezehrt.
684 1612 1756 1733 Wo es sich vor 4. Wuchen auffgehalten.
715 1702 1849 1831 Es sey Vor 4. Wuchen zu Erzingen auch
799 1783 1801 1884 zu Kilchberg, und St. Niclaus und daselbst
783 1842 1804 1945 herumbgangen und den Leuthen geschrapfet
779 1897 1862 2005 von dannen es sich in sein heimat ins Eggiwyl
1557 1990 1722 2079 begoben
2065 604 2113 677 3
2170 625 3306 757 gegeben und im haraußkommen und er wegs dem
2160 699 2761 809 H. Grichtschreiber begegnet.
2095 802 3265 876 Ob es nit vor 4. Wuchen in einem soltz ohnweit
2161 859 3307 954 Richigen Augist genant, sich aufgehalten, und wer
2164 905 2836 1003 alles daselbsten bey Ihme 9 sin
2060 976 3230 1098 Es seye Vor 4. Wuchen nit alda, sonderen zu
2147 1039 2896 1141 Ersigen und daselbst herumb ghi
2070 1101 3207 1206 S es die Leuth nambsen und auß erforderen
2153 1169 3229 1271 wellen könte beydenen es sich zu Ersingen vnd
2149 1230 2758 1325 alda herumb aufgehalten.
2079 1293 3261 1401 Ja es könne die Lnuth nambsen vnd werdens
2142 1358 2679 1467 selbige Zeugen können
2066 1440 3234 1574 N Es den Wilhelm St, sonst Belperhein ge
2137 1523 2551 1624 naut nit känne
2063 1567 3264 1685 So viel Ihme in Wußen, kenne es den otznut.
2058 1662 3289 1768 Ob es mit von dem Hanns Aschlimann geho sonst
2133 1746 3169 1846 Olasulahm gehördt, und denselben mit kenne
2066 1810 3218 1920 Mein Es habe von diesem Aschlimann mit
2120 1882 3050 1984 Gehördt und kenne denselben auch nit
