4032 3024
757 546 810 640 14
892 712 1207 813 bracht worden
952 542 1886 707 Hanns Flinkinger Vontiglen
965 651 1844 774 so von Kulchdorf gefängklich alhar ge¬
1016 780 1088 796 Waß sein thun und laßen seye, und wor mit
750 796 1893 920 Waß sein thun und laßen seye, und wor mit
838 871 1177 964 Er sich ernehre
769 923 1874 1066 Er Arbeite bald hier bald dort umb den lohn
856 1003 1927 1119 und viel Zeit daheimen habe auch etliche wuchen
829 1059 1424 1161 im Schangnannt gemäÿdt.
752 1131 1897 1269 Wie langes seye daß Er den bendicht Gaßer
827 1198 1190 1299 gelehrt kennen.
756 1280 1843 1403 Vergangenen Somer Alhier in der Statt
743 1370 1790 1505 Waß Er letstlich zu Kilchdorff oben ge¬
832 1462 989 1552 nacht?
748 1506 1843 1631 R. Er habe daselbsten eine Dochter im Dienst
821 1587 1870 1683 und seye zu Ihre gangen Also Er sich nun da
796 1642 1856 1757 selbsten im wührtshauß aufgehalten seyt der
806 1712 1880 1816 Jaßer auch dahin kommen und Ihme angezeigt
810 1780 1843 1886 daß mann zu Hern den Wilhelm Otz wegen
815 1833 1786 1950 des Pfäßlis in die Gefangenschafft geführ,
1607 1925 1843 2021 Nachwehrts
2195 638 3315 776 Nachwehrts als Er flinkinger ein Zedelin her
2200 728 3276 838 von gezogen, habe der Gaßer Ihme selbiges ge¬
2201 795 3255 904 nomen darüber sie zu unfriden worden; da
2185 855 3291 971 habe Er von Erst zum Gaßer gesagdt; Er undt
2191 909 3267 1035 der Otz seyend Gewuß gespahnen, daß Er hie
2179 987 3313 1088 her kome. Worauf der Gaßer Iohne geschlagen
2200 1024 3275 1128 deßtwegen Er Trunckener weis und inszorn
2189 1111 3274 1204 dem Gäßer zugeredt; Er und der Otz seyend
2183 1157 3246 1261 Viel bey Ein anderen, Er werde wohl dem 6t
2174 1213 3292 1320 auch geholsten haben den Pfästlich mörden; dieses
2171 1274 3287 1375 hab Er inbesonnene weis trunkenernheit im
2167 1335 2941 1430 zorn geredt und seye Ihme leidt
2183 1403 3240 1522 Ob Er dann den 6tz und Gaßer viel bey Ein¬
2173 1471 2541 1564 anderen gesechen
2175 1530 3226 1660 Er habe Sie am Erlenbacher Märit bey Ein
2156 1610 3293 1740 Anderen gesechen, seynnd auch seiner im frühling
2161 1660 3215 1773 zu Oberhoffen bey Signamb zu Ihme kommen
2156 1719 3084 1817 allda sie eine Allrannen kauffen wollen
2160 1786 3263 1886 Ob Er mit laut des Zedelis, so Ihme der Gaster
2156 1848 3265 1956 genomen, von Jacob Werthmüller zu Fürtigkofen
2208 1905 2756 2020 huren geldt bezogen?
2085 622 2144 699 15
