2448 3264
569 590 1247 735 In daskünfftig auch noch wyle
606 657 1250 776 mir der hilff godersthun vr
631 695 1248 851 bitter also un g gantz hoch un
505 704 1252 889 flachenlich, ira die angezen
573 801 1246 914 an fäler genedig zumerzyb
576 838 1263 952 und nachzulazen, in betracht
563 863 1237 970 ung sy gantz und in einihent
584 917 1235 1000 nit In Hartzen, binn, vnnd
576 942 1243 1035 willen ghan einicher gstalten
597 984 1237 1075 nit digen worten gotthn
593 1021 1252 1105 Ziimal, weder zuschmechenn.
590 1052 1253 1159 zu meinen noch zulesteren.
662 1953 1196 2100 Herers zuBrisl
672 2033 1118 2141 N3 ß der landtvogthy
799 2097 1025 2179 Lentzbur
496 2159 1184 2284 Ermelter Hoberist ist gen
539 2210 1252 2341 4. Jali Amos68. Morgen er
553 2266 1297 2405 Die zelagst von einem ersammen orgrit
578 2351 1094 2472 alhie, Ime zugesprochnn
582 2375 1291 2526 nit ehrlichen undr zur kirchenfahren
555 2424 1280 2576 wellen mit geme eint von ihr ge
560 2462 1293 2644 Stetten land undt gepietten vmeiste
553 2534 1260 2702 worde somt gahr syi
553 2606 1274 2752 Leistung an i Jontag den 19.
552 2686 1018 2819 bemeits monats etc.
1409 539 1974 722 Eristen ede
1401 602 1981 761 Belin d lantvogty Lentzburg
1288 707 2172 898 Anzogner Huber. ist Bon synes geitten
1352 767 2179 941 fälers, badt sonderlich ger vor dem
1335 803 2170 1005 sondern vor Bor mengheliches Ongl mit
1356 861 2197 1025 nach gemelten dienen begangnen Schandt
1356 918 2213 1076 kant wegen zu wolnerdienten strafft
1349 975 2202 1146 mit rützen ußgeschmeitz und dem B bereich
1366 1013 2210 1191 net worden, soll auch den eidt von ihr
1365 1097 2157 1253 ich lang und gepetten zu Lentzburrg in
1354 1172 2189 1322 Cloß empfage fottum 11. Juli 1632
1417 1396 2106 1518 Cargroth Lenmeoctums tiro
1427 1452 2059 1569 Dirnen daß dem Zinrich Griert
1347 1546 2238 1655 Ist mit mit obgemelten haber ihrem gürig
1404 1612 2258 1718 uff den 11. julii 1682 mit rüthen uß geschmeiten,
1389 1680 2226 1775 und dem bgezeichnet und von ihr gde
1379 1751 1988 1844 land und gepretten eißen
