2448 3264
398 549 1237 730 uns jetzunt gan marher gereißet, ein sin
486 610 1230 781 schint, welches er bysyner howigen frauwen
475 659 1081 811 Elich erzilet, daselbsten zuverdingen,
455 745 1225 888 daß by ihre gehepte pater noster belanget,
476 789 567 863 habe
575 810 1226 921 sy söllichess allein ghan, uff daß sy an
447 823 1142 948 Baristischen brtten desto beßer duch
485 876 898 979 grandehren khonte.
410 967 1174 1115 Waß nun auch anruren thudt, daß sy erschen
480 1043 1223 1154 tagen zn Christion Ggärings aeß, alhie an
524 1100 1250 1185 ie goltenmatts glßen vn einen punte
480 1145 1236 1228 inemen zwey röche, wie auch zwey par
485 1186 1236 1279 Ermell und fme hüch, gein ergriffen,
485 1229 1209 1315 und gefengkelich angenommen worden.
474 1279 1198 1372 versprucht sy solches nach volgender gstalte
474 1373 1221 1476 Is habe zwa ein Bfyffer leßen vatter von
473 1441 1211 1527 rams und Hanß Gueli heiße, welcher
495 1487 1218 1571 auch hienor mit ihrem hman von Herze
482 1535 1232 1628 büsch wider alhar gezogen, fme geben
490 1580 1230 1677 Eur habe in dißer statt einen gerüßen z
489 1628 1227 1720 gedienet wnddgeele jetzund, syne seleider
505 1670 1229 1765 daselbsten reichen sy sölle khan und selbige
515 1719 1241 1805 in wegen tragen, wellicges sy im geglaubt
498 1773 1212 1859 und beßwegen mit ime jahin gegangen
523 1817 1224 1903 b dan wie sy beßuff dem schneggen heißen
494 1858 1239 1949 wartten, sie aberden daß gemach alei
496 1896 1232 2012 gegangen und volgendes ihro gepfiffen, al
502 1930 1236 2041 mun sy auch in das gmach than, sye der guttel
519 1993 1210 2109 hon gemacht gsin, aas dahy gantz nit ge
510 2048 1207 2150 wüst was in demselben geweßen,
507 2079 1208 2209 biß enntlichen man laß gschefft, so hienr
512 2129 1224 2263 gemelt, daruß geschüttet, alß nun gedacht
495 2168 1224 2296 Pfyffer ihra mit dißem guttell ufhelffen
506 2218 1215 2342 kellen, were das stüll umbgefallen,
491 2265 1209 2387 und er alßbäld sich in ein eggen byden
431 2302 1222 2445 Schneygen verbarten und als daruff
482 2346 1223 2501 Also daß wolche im zuß hunff komen.
498 2389 1228 2538 ih also listiger wyß hanenam gemachet
528 2433 1224 2580 gefangnen aber gefunden und heß-
442 2468 1236 2637 wegen gefengselich angenommen worden
426 2557 1140 2729 Isst mit dem Eydt für die enen
418 2640 1006 2775 an schienis verwigen worden
959 2736 1017 2768 go
623 2656 1223 2776 ire den kynt gaben walder,
785 2739 852 2792 ger
411 2679 1220 2832 ot sihig arglistiger wüs fortgemacht, alßo
449 2749 1064 2882 Bon sah mit dach eidt erspatet
1355 578 2231 734 In den telünehheidt und ennebürem fleischlichen
1383 631 2127 803 Germuschfigen habe ich sich ihr lebe
1456 661 2223 834 ang nenolen beertträbt, hönders sich
1444 747 1948 871 jeder zott erlich verhalten
1444 814 2206 948 ye auch vor ungefahre 17 jahren, ehrlich
1439 875 2206 1018 gstalten von ihrer zeinet und frund
1426 956 1662 1048 Gereißet,
1420 990 2150 1124 gittet deßwegen hochgenampt vg
1439 1058 2159 1162 gantz flechenlichen umb verzychung
1437 1127 1679 1229 und gnad
1506 1211 2075 1363 Aiceauß Roggyler
1528 1338 2020 1421 Von Appell, In den hreyen
1598 1389 1832 1472 Anferen.
1401 1493 2208 1585 ff gestrigen suis den 24. und 163
1419 1562 2177 1633 jahrs uß benelch vngden ist durch die
1404 1605 2195 1667 odlen ehrtmesten, fromt fürnemmen
1411 1656 1773 1727 fursichtigen wyssen
1791 1659 2212 1741 heiren h Gathlin.
1415 1694 2209 1770 reck wig mey deß naths, h Nielaus
1412 1740 2209 1838 Haumgartter der Burgeren dein  Groß
1407 1793 2154 1877 weibell früttig, der groben verhafft
1404 1832 1978 1922 Mieli Roggweyler, welcher ver
2067 1869 2149 1914 er
1425 1874 2113 1970 tagen zu Thoffen in einem spyche
1404 1921 2232 2032 nechtlich wyl ergieeffen und volgenzs
1424 1990 2155 2080 daruff gfengtlich anh�r geührit wor den
1424 2014 2137 2145 Aber salche unthatt und ander syi
1416 2078 2232 2202 Argwe�niges umb ein anderen schweiffend
1430 2128 2221 2236 ab weßens alle zu Warsl alles
1417 2169 2179 2299 ernsts sowoll nit wortten. Alß
1408 2213 2251 2357 durch anwendung deß nachrichters benacht
1434 2263 2235 2394 geschaibner martter exammert vndt
1429 2301 2199 2458 besfragt worden, alda er be
1406 2332 1908 2458 sehendt und so jachen
1407 2432 2216 2608 Nach dem ime byer ungefahr vier
1437 2495 2248 2689 fahrer syne elteren gestorbts, habe er sich
1440 2523 2218 2706 darufft zu dammersellen zu dem müller
1429 2570 2187 2762 daselbsten In dienst begeben, by welchem
1466 2650 2224 2798 u auch 2 jahr lang gedienete und d
1433 2680 2171 2837 sollicher zyn syn ehfrauw by deren
1440 2715 2211 2906 er ein shnide ertilete, geehelichet
2207 511 2251 562 3.
