2448 3264
345 501 416 579 22
546 625 1214 763 in sirchenuß uß der Ruli mit hlf ob
545 673 1197 790 talct vorgesterigen jags ein
531 717 1216 860 shiernen hatten zum Pfenster hin
539 768 1207 897 iß entfrauwdet und derselbig
623 833 1232 962 Machell Meyer dem schumachtr
540 866 1166 981 alhie umb 45 b verkhonfft
507 925 1191 1019 darvon ihra allein ein kronen
564 973 1236 1073 word sye, so habe sy auch 2juner
563 1006 1228 1126 hrem vatter genommen, welche
619 1071 1221 1163 aber erzagen und umb so will
580 1108 1228 1214 ihrigs alin, dieselben mit ihro
556 1154 1233 1273 lst sy sschlnen zistags ergriffen.
571 1195 1076 1307 worden. alhar gebracht
561 1303 1089 1402 auß Lung zu Worb vm
537 1349 1209 1464 ues rock uß der stuben entol
537 1424 1112 1496 welchen abehr Ime Wide
1132 1439 1157 1488 u
555 1474 965 1560 zugestelt worden.
501 1583 1249 1707 So hatt sy sich vor dißer ihers namens
550 1665 1210 1751 veraugnet und fürgeben
564 1717 1223 1811 sy heiße Barbli Striechi hernach
1120 1766 1222 1840 daß
561 1770 1115 1856 aber beschandtlich worden
614 1794 1234 1909 sich Barben Geri mit sauff
570 1871 1113 1964 vnd zunamen nac he¬
521 1973 1221 2111 erstlich hatt sy bekhendt, daß sy
571 2039 1227 2163 ich leidens so wtt vgehben
546 2100 1219 2214 daß  den Ihra zufnn ge¬
556 2135 1238 2277 gkonen eide, doch nit fur setz,
562 2189 1211 2305 ein wyß 3 ubertrette, dann sy
553 2245 1179 2382 In gebung deßelben umb so
552 2291 1181 2422 nit verstand, daß sy von ihr
559 2356 1207 2504 gd land verwißen syn solle,
531 2433 1248 2595 Anderer donthatten hatt sy veraren
559 2510 1143 2637 nit bekhandtlich syn wolen
515 2595 1199 2769 diedet also von g und gand
569 2680 931 2782 snd verzychung
597 2678 1228 2863 1. Car und 1 mit dem
523 2744 1222 2930 leinen stein ufzogn worden
2099 521 2169 582 3
1433 589 2189 745 horgemelte Bonbli Gerig iit den
1487 646 2201 795 Martyi Anno 1631. vn dißer
1447 710 2213 850 ihrer hienoc geschreibnen mie hand ungn
1438 751 2182 900 wegen Vß Gnaden vnd Hoffnung
1443 786 2184 928 er zeßerung nochmollen mit rüthen
1407 847 2168 1000 Vßgeschmeitzt, vnd mit gem eider von
1457 914 2160 1047 ihr g stetten und landen verwißen
1703 960 2154 1057 itt ger erlutherung
1464 1010 1661 1083 wrden,
1423 998 2158 1133 aß im fall sy wylhers im ihre
1451 1050 2220 1189 s gepietten ergriffen wurden, ihra
1446 1100 2152 1229 allan ohne wychere gnad ihren
1443 1152 2168 1270 verdienen nach abgestrafft werden
1426 1248 1621 1318 söllen e
1712 1323 2038 1433 auß pfellen
1669 1415 2023 1499 Bon niderWichtorff
1392 1564 2204 1678 Alßdan Hanß Gfeller ein dienst knecht
1464 1638 2176 1722 Viller seltzamer end böser stucken
1470 1692 2171 1756 ymgnen Herrn der Thorruberen
1452 1710 2243 1819 drrch ein schwybe verleiet worden, habens
1459 1779 2147 1864 sy haruff inne in ihr gwarsau
1471 1828 2205 1915 gebracht und vermagen alda erhernach
1485 1886 2242 1970 eschribner articklen bekhandtlich worden.
1446 1943 2234 2021 ie auch die selben gesterinstagsden
1454 1987 2170 2084 4. martii 1671 zu Martzil I
1452 2042 2194 2154 weßen wyner hochehrenden heiren
1462 2100 2233 2206 s Bendigt marthis deß kleinen Raths
1518 2148 2221 2267 Gubernatoren holpo der Burdn
1470 2210 2184 2331 und s Großweibell früttigs
1476 2261 2186 2386 ampt etlichweblen u gdeeneren
1446 2309 2200 2436 uff anwendung hienach geschwibner
1497 2380 2226 2502 metter erhalten nd bestättiget
1432 2449 2145 2597 aßt alß er vor etwas zyts in
1457 2538 2217 2643 selchhor, dießbach gedienet, er den
1491 2568 2235 2728 alten hn preederause andren Schryber
1480 2618 2230 2765 shner predigen halb vhoattet und daß
1442 2684 2254 2834 aile über arthgezogen habe, machte
