2448 3264
1473 620 2133 802 rra Mryeri
1631 705 1916 809 von Zürich
1360 715 2278 934 fff gespriigen tag dem 12. jenner 1631. jabrb
1370 794 2275 980 Nß vr gde benelch zanendt myne hoch und woll
1366 874 2244 1023 ehirende heieren sgamel von Werdt, deß kleine
1364 911 2227 1083 aths und z Großweibel hwüttig, in bywesen
1380 981 2243 1123 eines weibells hochgedacht un gd dienners, die
1377 1029 2246 1157 roben verhaffte und se schmer tage. In Christian
1350 1080 2214 1228 Büninges huß ungfahrlichen umb wry uehren nach
1350 1136 2241 1274 anttag ob einem zubstall erwitterte Anna
1360 1178 2237 1297 weyeri von Zürich uber solchen diselbstall und
2191 1238 2227 1299 1
1358 1243 2185 1373 ander ihr lab waßen mit dem jumgsen ge
1363 1293 2205 1396 burtender maßen fecken und exammeren
1359 1355 1937 1449 laßen, welche beselendt
1367 1468 2222 1570 ßie das nach absterben iheer elteren ihren der ge
1373 1530 2195 1594 w�sterten ginliffe zhinsyendt und wyl die
1367 1588 2208 1644 feündt wegen ihrer armutt, unwillig mit
1361 1632 2209 1708 inen worden, alß sye sy, damolen by einliff
1355 1679 2210 1753 fahren alt von Zitreich alhar gezogen und habe
1361 1719 2228 1806 sechs jahr allie gedienet trü jahr by f Cahrena
1359 1765 2229 1854 eeibolet und dreü jahr by einem dießer schaidt
1374 1823 2229 1922 alhie am stalden und sich ehr und beßlich by inen
1383 1872 2238 1974 zerhalten, uff deß habe sy sich in daß Briegswegh
1371 1917 2220 2034 begeben, um in der beleg erung vor hertzogt
1358 1962 2177 2073 buth. ihr erster Aman, welcher Johan ghein
1370 2014 2177 2105 und auch alhie by es Jacob Triboletseligen
1372 2067 2176 2165 gedienet, gechlichet, vnd sie gewontten Kilch
1362 2105 2185 2233 rechte erstattet, by welchen sy einliff
1374 2153 2218 2273 wider alle ehlich vrzüget, darnon noch zwey
1379 2195 2260 2351 djezeundt zu Frybuwg, by dem sy alzyt in vherint
1373 2240 2219 2377 sendte zu laben, welcher ihr ersterkman,
1437 2297 2152 2409 wuchen vor letstverschiner pfingsten
1361 2302 1842 2418 des vibe
1364 2371 2209 2538 Irtreffende nun den jetzigen ihren ehman
1334 2433 2198 2595 Welcher Abraham Rosel weißet, sye
1368 2495 2228 2631 ein artzet und von Morsee, habinde sy beide
1358 2549 2222 2685 auch sich nach absterben bermetts ihres ihmans
1351 2582 2224 2742 zu frauw auch ehlich zusamen geben laßen
1366 2632 2213 2787 Bon welchem sy auch dißmalen schwängher
1342 2687 2246 2877 der auch ihres wüßens ein redlich man see
