2448 3264
503 588 1248 773 Lmisten gefangen, er aber zusampt synein
519 662 1228 813 bruder vor ungefahr zweryen jahren
521 710 1229 854 weider ledig gelaßen worden, ihren noch
538 771 1268 917 gefangnen vatter durech mittell uffgelegten
529 814 1255 952 cantion zu erledigen. ff welches end
522 875 1220 996 nun sy alsohin und wider stutten
543 924 1258 1073 zu begeren zugant und also zeng nechsten
558 981 1225 1109 u Guttwyl angelunget, daselbsten sy
587 1052 1279 1185 vmelten Johannai ihren landtsman
545 1083 1244 1219 gantz ungenerdter wyß angetroffen
554 1141 1241 1257 und mit demselben getruncken, Was
548 1217 1240 1311 as anrüren thuge die hieuor gemelten
548 1258 1250 1373 grüwlichen lesterwortt, sye gottt sy
582 1313 1263 1423 na und welle es auch erhalten, das er
558 1356 1243 1471 auf wüße, dieselben gredt zu haben
537 1428 1242 1525 So es aber geschrechen, weie es ime
564 1494 1259 1590 treffenlichen leüt und diewyl er vma
576 1541 1257 1627 autentischer attestation, so syn bruder
562 1595 1262 1679 byhanden von guttem adrtee darzu mie
558 1657 1268 1734 by gwie und mit by wyn, wie ime umb
579 1708 1271 1785 so vill angewunen ufferzogen, auch mit
587 1758 1278 1841 ien sehr blode kopf wegen der in den
583 1799 1275 1906 zewweyen jahren und er den Tuncken empfan
572 1848 1259 1950 nen schlegen, behafftet sye zu gantz
553 1912 1275 2011 demsuttige bitten as vgden ime die tabe,
529 1953 1259 2078 wüßt begangnen foller genädigest
564 2001 1266 2132 zu der zychen, inne und Sen brud
563 2065 1271 2177 bedreeffende werende, sy ihr laben aun
571 2113 1288 2239 nit als dißmalen du chüttschland gewësen,
503 2256 1256 2401 Demnach anthworttet obgeschreibner
512 2315 1289 2455 Fxohannes, wie das glychförrmig, wie vor
527 2365 1291 2512 gedachter Martynns stüren zu begeren.
577 2428 1280 2556 und durch Anttell derselben die syiigen
552 2469 1280 2615 by dem jmecken gefengktlich enthaltenen
566 2492 1315 2659 widerumb zu erledigen, wie er dan sölche
563 2570 1275 2713 und das er auch vom adell sye durch
555 2607 1285 2790 ein uffgelegtes buch und schyn, erwißen
2096 501 2143 563 4
1322 569 2201 762 snd also der gemelten deseeende synen
1419 608 2180 782 antsman, wie gemeldet, zu guttwegl
1396 656 2191 849 Vngefehrter wyß angetreoffen, daselbsten
1391 716 2204 893 Sy dan mit einanderen getreuncken, Was
1400 774 2221 941 dan die obgeschribnen lesterwordt antreffe
1397 827 2219 992 üße er auch in einichen wag nit, dieselben
1398 877 2190 1054 grecht zuhaben Jacter, znes wußens
1386 955 2108 1083 Die abentheidt niemalen geshalten.
1389 1018 2193 1157 gittet also auch gantz demüttig wgd. In
1622 1095 1719 1139 hu
1404 1076 2124 1209 ansechen er deß wyns nit gewonet
1407 1119 2137 1238 Ime genedigest verzychen wellendt
1422 1254 2189 1358 fussgestandene gfangenschafft,
1424 1299 2207 1393 sinddiere zwo trofubd nkanns-
1419 1341 2161 1437 personen gesitteriert, vnnd re¬
1408 1380 2207 1478 dem landtgewisen worden .
1583 1622 2045 1716 Sibentatdeners
1412 1704 2141 1819 in gwüße wybs persom die
1399 1773 2213 1880 sibentattenen genampt, ist wegen
1406 1831 2207 1935 ihres Ergerlichen läbens und das
1402 1915 2227 1995 sy biderbelutzen die ihrigen ingezogen.
1411 1964 2241 2059 und verführtt, mit dem eidt fur
1386 2031 2244 2128 Der burgen zill verwißen worden
