2448 3264
567 670 1228 794 im margenbrodt gefüet und
548 724 1241 837 alb er Cyremrechter deßsabents
540 760 1204 874 weimb wellen, habe ersass
576 812 849 875 cherler von
1034 848 1198 921 vor dem
551 849 1202 962 lnetshuß zuer sporchen by der
546 898 1198 1004 wirti deren erselben tags ein
582 937 1249 1078 anen gfurt angetroffen, welche
539 991 1243 1105 zu eine Scherler gesagt, was die
552 1026 1208 1145 annen eosten werde, derselb
585 1083 1226 1183 eantwortet, ob ein erauch nit
552 1114 1213 1239 Funil sye die wirti geseit, sys
554 1179 1242 1289 der ersonen wol zu frißen, und
575 1237 1230 1317 welle ime noch einehalt maß
606 1275 1225 1362 eyns darzu bezalten, Haseuf
693 1330 1206 1416 renwechter gesprochten,
764 1371 1238 1451 eti solle recht ein maßs
758 1410 1196 1490 sbehn, er welle auch
699 1451 1254 1530 halbe dallen, Allssnn
664 1489 1223 1575 nd im Kallerhals disen
617 1534 1240 1612 syn und nit wytert getrunken.
601 1583 1264 1659 gent für des Käller komen, adam
612 1627 1253 1696 eyehr und Uieli Hubacher beid
619 1671 1244 1757 nit iren Achsten, welchen beiden
615 1721 1265 1794 y auch jedenh ein trunkangerotten.
588 1763 1228 1851 unnd sy all vier hernach mit
593 1806 1243 1884 ein anders nacher heütet ge-
1146 1863 1230 1928 h
608 1851 1144 1924 angen, wie syn für
576 1904 1263 1984 Spitalin rein harts thuts komen,
612 1933 1231 2033 nd denselben h. angetroffen,
581 1977 1262 2081 habe derselb zu eine creirecht
590 2037 1261 2154 gesprochen, wie es Ime gefalle,
569 2084 1272 2174 Arsas myne herrs deß irgrichts
609 2140 1260 2248 wüschts Jacob Geiser, Jnaml
550 2187 1217 2307 Thursendolf Stürlers und eie
605 2230 1266 2351 gemacht, sr dyrenweihtergen
547 2275 1250 2390 eantwortet Ja gar wohn da
598 2324 1266 2444 er doch gheit, wie es daselbstes
620 2375 1243 2486 hert und glegt werde, sye
602 2413 1251 2532 wol than, ds dem kame halbr
600 2465 1239 2566 hamn Cyks der wäber von
572 2508 1236 2636 Bumplig, seher trunkes, auch
592 2541 1233 2660 Dahar die stattuf, von den sth.
584 2603 1262 2729 luchen als obbemelts gumers
2135 522 2210 603 ih
1427 647 2239 794 andtschafttreger und soresche wan
1462 737 2204 835 er Cirenwechter Ime vtruren,
1491 773 2183 872 relle er ireslandehl mornde
1459 805 2249 931 wolmachen, darüber Uieli thub.
1504 866 2272 960 her vheit, was er sage, er sye wol
1473 913 2269 1012 obald deß handels ein urheber und
1481 950 2237 1057 welle Jehtlindt, denselben so baldt
1484 1010 2214 1098 cflichten, wan man iie vollen
1484 1049 2243 1136 auffen synen Lohn autette, stiese
1465 1083 2219 1196 knan juhe den kouff in das waßehr
1462 1144 2197 1229 ach disem syente sy all zum thahr
1449 1187 2176 1278 hinußs nahcher thennet gezogen
1460 1237 2248 1311 Vnderwegen aller biß gan Höllizen
1424 1276 2231 1371 Abraham Wyss bald vor und bald
1478 1321 2196 1402 nder juen gsin, Alls man sy
1451 1367 2228 1458 all biss zu der matten gan Höllig
1464 1411 2248 1494 kamen syent Hanß Scherler unndt
1412 1470 2199 1550 Rieli Hibacher vordotmen durch
1470 1517 2197 1590 iesebe gangen, vnnd als erde
1462 1572 2191 1646 renwechter unnd Adam Wyer
1464 1604 2182 1687 nachen kommen, habnit Abraham
1438 1655 2147 1735 Wyss und Nieli Hubacher am
2164 1684 2200 1735 7
1470 1705 2202 1789 andern schon angriffen, der hub
1469 1749 2166 1833 nher Inne wyßen, welcher sy
1471 1797 2245 1911 ehr bloßes us der hand gehan und
1458 1849 2255 1940 dets vermentt zue Hubacher imer
1463 1899 2226 1986 letzen umbfasset, habe aber dem
1465 1948 2258 2039 elben mützist thun konnen, darumb
1471 1996 2248 2106 as er wyrenwechter zuhin gangs
1443 2040 2235 2137 emme wyßen syn weher uß der hand
1446 2092 2235 2209 genomen und uber des suhn godie
1447 2125 2211 2242 baßen geworffen, Haruf nun
1448 2182 2195 2304 sent sy vier wider irestraßs
1451 2232 2172 2355 gezogen, Abraham Wyß aberr
1451 2284 2160 2401 gnestets mit lesterwarten
1450 2330 2171 2450 nach geschruwen, Darmib dan
1438 2369 2214 2517 datu Wiß widerumb hinder
1445 2420 2253 2565 sich gangt, vnd denselben bewuster
1452 2474 1958 2604 maßen geschlagen habe
