2448 3264
517 636 1186 753 gefalten lppellation dieselbige
566 686 1200 778 wolfülren einem uekrunkman
510 712 1213 806 amelchgebe, derselbige aber hab
516 749 1223 866 eine ersumgtn also das Elbrahan
473 777 1223 889 Wyß sin retht wider iume gezogen
494 835 1209 980 Was dann antreffe, wietueholt
528 907 1224 1009 er den lüthen, in söltzeren entfräwn
507 943 1160 1029 er und hinweg gefure habe er
515 974 1213 1068 niemand mitzit wybers voer die
512 1011 1204 1100 jenigen zwen frätkel, darumber
522 1052 1184 1124 von dem förster angeben und on
528 1077 1207 1167 schon albereit abgebust genommene
498 1129 1175 1192 woll auch einmal em Förster
462 1148 1225 1228 Mart Limerman, ein syn bygen
518 1178 1225 1275 holtz wyem forst in hallbe gehört
525 1228 1178 1308 zunsten synnd der landtlethen
524 1273 1231 1351 etlich afls Ulli Guerman Hans
530 1310 1227 1387 und zendicht wyss die villmal
531 1348 1214 1416 Holtz uo dem Gatli fürmt und
516 1387 1068 1453 dasselbige verkonftind,
540 1446 1226 1534 habe er munonch fur dasviert
540 1508 1224 1572 und letste sich mit schweeren und
535 1542 1232 1608 fluhen vergesben, sye imme daselbig
536 1581 1187 1650 Ie auch das obuertuelte vom
573 1616 1230 1667 vnnd sines gretzens leidt wieer
540 1650 1220 1710 darn umb holliches alles gottin
542 1691 1213 1762 Himel hochgenant un g und jedr
537 1728 1210 1782 mencklich, den er möchte blediget
540 1765 1215 1825 haben mit gebogenen buüwen
550 1799 1157 1863 etliche mal gantz trungu
551 1837 1250 1904 flachenlich vmb verzychung gebeten
386 1887 850 1987 Vide wÿlers hernach
573 1975 1105 2126 Hans Köser vor
495 2123 1223 2260 It den 21. februarii 1651 jari
450 2187 1073 2297 vff ein taanten Consul
486 2211 1225 2339 vermanung der arget, v der
560 2277 1112 2365 fangenschafft hinns, vn
521 2311 1069 2408 leßdig gelaßen worden.
600 2365 1117 2489 sie gebrachen est
495 2417 1181 2568 das er mir hilff etlicher gesegn
606 2464 1250 2569 derlich vff anwysen pmnes
529 2508 1259 2630 Karbers einen spysher under
622 2544 1245 2654 graben bygewonet, aber doch
1010 2563 1261 2647 nch selwrood
593 2616 950 2687 nach bericht von
567 2617 1249 2745 ich geelt disem geweten etel
533 2683 975 2792 andwol gehalten.
1502 678 2093 801 Hans dyrensrechter
1578 735 1890 834 von Glunglik
1493 822 2181 952 ewyl Hans Cyrenwechter, von
1374 814 1471 921 A
1484 873 2187 1003 zumih verschiner tagen, dess
1473 925 2144 1045 Jengez traffels deßs Abnahau
1533 956 2214 1079 s der wläber, ouch von Bumplitz,
1458 1033 1518 1088 wy
1450 1003 2222 1134 Inne hieuor am gricht alhie beclagt
1485 1052 2259 1173 amlichen, das w wrenwechter samet
1446 1119 1490 1182 1
1420 1102 2254 1210 Adam Wyer und Kieli zubachet, auch
1483 1144 2244 1251 od Gümglitz, ime wyßen bi nacht,
1480 1185 2201 1296 und näbel uf Fryer strats vor
1472 1223 2253 1328 etzigerwyß gestrartet, iue angriffen,
1461 1295 2220 1389 und der stalten tractiert, das er 93
1465 1330 2262 1433 gfahr syngen l3bs und läbens gestanden
1476 1375 2258 1474 ye etc. auch durch trawung der mart
1476 1417 2219 1511 alhie zu Marzili In Kraues weg ge
1484 1446 2264 1545 endis syn wellen, sonders angezeigt,
1481 1510 2236 1593 dermelter Adam Wyer, dasselbis
1476 1556 2197 1650 gethan habe, vnd deßswegen gantz
1467 1604 2206 1685 tochlich gebatten, man inne wyer
1460 1644 2259 1737 und andere syn habende kundtschafft
1458 1702 2216 1784 harumb verreinen welle, Als5
1477 1745 2258 1835 habent die ehrenurste f f 9 wol-
1494 1797 2205 1881 achten wysen herrß hrn vbel
1479 1832 2149 1923 froübenryth Guirh und des
1467 1890 2205 1983 kleinen rats h Wilchelm Refset
1484 1931 2217 2024 und h Großweibel Fruffis, s s
1427 1976 2194 2072 und gdi befelch soliches fster ges
1490 2033 2257 2125 urendehr messen erstattet undt
1524 2078 2240 2177 emelte Cursechngrechter unnd
1479 2114 2239 2242 byßen, j suhören berürts wyegs
1473 2189 2235 2265 segen einlandern confpontitert da
1565 2211 2245 2352 er direnwechter disere sach
1482 2262 2109 2387 also geschecen gn vermeldet,
1397 2315 2275 2492 Alls vor etwas syts Jacob Bumer
1476 2400 2280 2536 der schryber Ana th Rudolf Stürlers
1387 2425 2253 2582 undes wegen einer ewüstsen sun.
1545 2499 2269 2621 e amn cargricht gegen einander
1484 2528 2235 2674 rshinen, hätte nach vrichtung
1458 2572 2289 2734 Irer sach Jacob Gumer, zue Kundt¬
1443 2622 2190 2776 shafftfreher gahr schiflüthhen ere
1469 2679 2276 2842 aber die synigen gaß unerluthen,
