2448 3264
624 627 1254 787 darmen ein trauck, vnd Inhe
648 666 1224 814 aßelwakhen gsen, wie
637 726 1259 890 zugng auch selbs di synem sone
641 800 1240 936 ein wenig Haßel wurtzen
621 834 902 955 funden habe.
595 1004 1248 1139 Ein Welliche dißers meidtlich
612 1093 1269 1196 Marther getofne, gechandstun
613 1134 1280 1262 habende hochgeacht s g sich nit bu
610 1209 1285 1331 mögen, sonders benolchen seß mit wi
597 1274 1283 1374 dantter deß Dumysens über deß u
619 1316 1274 1428 gschefft gferket werde, gißers Ist
620 1391 1280 1492 auch gebürends maßen geschechen
749 1489 1066 1588 Vnd sandt zme
575 1547 1273 1667 Auch etliche von mynene h statt
602 1634 1271 1725 In gehendigete Atwal, so wol V
607 1687 1268 1768 als iu gene mantter selbs fürg
620 1745 1283 1844 alten und eß darüber befragt w
364 1794 1280 1906 wedervoe gatt aber sich anderen gstalt nit
607 1859 1284 1951 dan wie molget eielütheren welce
514 1975 1287 2100 amlichen beinget eß erstlich hoch und
602 2044 1280 2174 thür, daß huß schendt thodt worden
585 2089 1281 2214 sondt eß grentzlichen schein unrechtmeln
587 2131 1289 2276 hande an daßelbig gelegt, habe shan
555 2254 1289 2383 Deinnach auch daß der wynrüffer syn
564 2323 1284 2473 Veter Ins auch vermandt, wanse
574 2349 1285 2544 mit dene khiidt gange, wie er ve
567 2426 1294 2571 nommen, solle es die frucht zu ehren
569 2489 1292 2661 züchen, daruff eß von ime gangen
584 2537 1300 2706 gemen vndt zie gendt Obgen Hans
580 2657 1009 2780 zusamen gschlagen
2040 520 2116 588 82
1304 582 2200 794 Behrmers habe nit recht nachhin geechnet,
1345 666 2192 823 sonstwehre uß nit allso mit gem schenden
1348 758 1914 888 neren überhlt woreden.
1312 850 2210 1032 Bas vas lougneit antreiffen, habe es zwar
1372 914 2154 1062 daselbige gethan, aber nit mechtig, auch
1330 979 1994 1097 wiemalen jar für geschworen
1368 1026 2211 1199 So sye es auch woll zu dem alten rachricht
1363 1125 2198 1256 gangen, heimselben ein tranck gehauwsch
1363 1182 2217 1308 Sye aber nit mams geschechen syn und
1377 1227 2184 1368 zu vergeben, gann es noch nit gewuste
1366 1295 2197 1412 das eß Scmanger sye, Sonders Ime
1382 1359 2243 1465 ecnederter vor hochgedacht ungden zu reden
1406 1440 1934 1538 gne zytt zu befinderen
1391 1505 2261 1632 betreffend endtlich gas ime fürrgehaltnet
1388 1589 2249 1652 gewürg, zeigt an man möchte zn zynem
1376 1646 2216 1742 Pettersone deßen gefunden aben, das eß
1401 1681 2191 1794 aber deßen einachen gstalten und auc
1404 1770 2247 1857 einiche kreeneerie syn khinde zuuerdert,
1403 1811 2092 1926 gebrucht, sye gantz und gan nit,
1346 1893 2164 2049 Bittet abermalen hochgrachte zu gbe
1388 1991 2200 2118 gantz gemüttig umb gnad und verzzychung,
1356 2113 2204 2259 An Wegichr d gemeltes enemo
1433 2228 2210 2310 hursinger gewendte moretter
1378 2257 2228 2395 deß Inmyseens und darüber gethonen
1396 2309 2202 2434 verrmelte beschandtnns. Habendt
1409 2363 2255 2522 Hochgeacht Ngden nochmalen nit khonen
1432 2428 2249 2575 möden, sonders gethrüwet, uß syn
1430 2487 2249 2639 Hertz nit zu völlen gerint haben
1447 2548 2276 2689 worde, deßwegen vernners wol
2007 2684 2289 2777 ermelten
