2448 3264
689 578 1202 724 Jacob Graff vor
787 639 1019 716 Rünitz
576 712 1250 837 bermalen, Vermog Rhat zedellt
575 768 1255 875 Wardt gesterigen tags, durch die
570 798 1229 904 Eolen, Eterrnuesten, fromenn
572 832 1251 948 fürnemmen, fürsichtigen wolge-
552 874 1240 991 achten, wysen, h. Grath Ludwig
567 915 1263 1029 Uley deg kleinen rhats s Adeian
565 955 1194 1038 knecht der Gürgeren und
1158 1023 1224 1064 6.
585 1003 1223 1085 Grozweibel Feütig in bysyne
576 1038 1254 1127 etlicher weiblen, der verschinner
588 1094 1267 1164 tagen von Ublligen alhar gefürt
576 1116 1243 1204 und jelz in der ket enthaltene
571 1153 1244 1240 Jacob Grat von Kinntz uber
601 1208 1236 1271 in ergerlich gefurten wandell
593 1238 1251 1325 leben und wesen zu wlarziln
576 1278 1263 1351 gantz ernstwortig, wie auch mit
577 1318 1215 1395 anwendung hernachgemelter
589 1370 1235 1419 marter, geepammert vnnd
597 1401 1226 1475 befragt, alllda er zekent
500 1454 1252 1554 Wie das er rthungers noth für
597 1516 856 1573 ich und sin
925 1518 1244 1581 idt vor ungefah
366 1545 526 1614 gilt nüt
582 1553 1275 1623 herjaren dem itzi zu Wabe
564 1592 1213 1663 ren, alls derselbige zu Elcher
578 1643 785 1707 gefaren.
525 1726 1261 1799 Wie das er ungefar vor mier jaro
585 1773 1241 1831 dem anzi zu wäberen alls
588 1810 1247 1880 derselbige zuEliher gefaren
589 1849 1225 1907 ab einem phflng uff dem Elcher
566 1872 1268 1957 das sach und wägisten genommen
563 1926 1247 1997 wellches er zwar Vieb Guntzen
578 1963 1250 2042 zu lostermündigen verkaufft
599 2003 1273 2070 ye aber hernach dem angezognen
584 2037 1273 2132 hzitzen widerumb zugestelt worden
590 2111 1255 2175 enne habe er ouch verschinen
598 2150 1250 2233 Horpstes, Hans Steinan, zu
583 2194 1263 2272 Galm, als er getröschen us einem
588 2227 1284 2319 sack ij mas ryther dorn genomen
595 2285 1268 2378 eime wyters entwend 2. Schal
588 2322 1278 2415 deren eins bendicht Schädeli syn
575 2368 1257 2446 Oberbindach, vnd das ander dem
573 2384 1280 2499 Leeman by Stuckishus gehorthe
566 2430 1259 2535 wellche er siman höfer zwar
563 2477 1258 2573 umb 2  e vorkaufft, derselbige
573 2503 1263 2622 habe aber nir allein nachhabeng
563 2540 1209 2654 eines halben guldis wellch
577 2550 1266 2706 er gefangene ime schuldig gse
560 2659 931 2733 20 l gegeben.
532 2660 1272 2821 Daser aber sinsten deg gedachten
1422 559 2154 716 Hoffers einche kundtschafft ame
1446 609 2182 754 habe, das zeige er gantz mit, dann
1456 634 2181 778 er allein under zweyen malen,
1448 682 2166 824 zwen tag und einnacht mit ime
1468 710 2130 852 etrneken, wylers habe er sich
1444 744 2188 893 men nit angenomen, wit einis
1441 792 2182 934 im das er die obanbognen zway
1447 840 2160 963 schaff gestolen, neinalen mitzwe
1454 896 1984 1014 gedenckt, noch angezeige
1426 949 2200 1081 Item hat er ouch Bekent das er
1471 996 2148 1108 ich mmit 2. vnderscheidenlichen
1450 1040 2175 1148 trybs personen, in huey, vnn
1452 1063 2231 1175 umbnterbeit vertiefft alls mit
1462 1104 2225 1209 iner von Eneih, mit wellcheren
1455 1144 2233 1247 er ey vngefar 3 wuchen vmbher
1457 1180 2234 1301 gezogen, vnd mit der Jetzyfange
1446 1209 2241 1320 nen alls er mit ira zu Gullick
1453 1262 2171 1365 solen gedienet, Stwegen dan
1445 1295 2228 1395 imne sin ehefrauw, erst vor 2tere
1423 1342 2207 1437 zu ehünsigen verruften laßen,
1439 1382 2231 1471 Auch er hieby vermeldet, das abruge
1442 1415 2233 1516 forr 8 jar sye, das er syn geehrlichet
1441 1472 2146 1538 und aber nit lenger alls zwey
1461 1510 2215 1580 ar mit ira zu Schlierhuggehalten
1448 1552 2200 1623 die überige yth aber wegen der
1445 1589 2233 1658 thuren Zyth Sin, vnd wider gedienet
1440 1639 2213 1682 alls au Ullnntz, wie auch dem oben
1438 1674 2204 1740 gzognen Hans Steiman zu Galm
1453 1714 2140 1781 wellchem er ein zun gemachet
1458 1761 2212 1817 Der wol 10 s wert gfin imnaber
1454 1791 2205 1855 zum tagmeinerr als 4 ßb zucon
1464 1831 2220 1897 worden und das fürspys und kon
1470 1872 2223 1941 nur allein daser sich und die sinen
1464 1909 2196 1987 erneeren könne, Item by dem
1463 1938 2119 2019 man zu wäberen, y dem
1468 1983 2119 2069 kometen zu woolen, item zu
1463 2025 2191 2111 Schlier, vnd anderen orthen meer
1464 2068 2146 2162 an wellchen orthen er sich eherlich
1475 2098 2238 2207 undredlich und sunst aalle syth wert
1466 2131 2205 2239 dem obnermelten gehalten und
1465 2173 2124 2267 gantz niemand mitzie wybers
1482 2204 2149 2310 gestolen an wellchen orthen
1457 2238 2241 2364 Bome, wie derch den Hans Schmeid
1472 2272 2184 2392 bu schleer hinder wellchem er
1472 2324 2216 2434 deim als zuhee seye man nach¬
1452 2349 1893 2441 frag halten möge.
1458 2385 2215 2536 In dem so habe er sich auch wybers
1484 2449 2186 2565 nit tanfynen, es sye alhe in den
1471 2467 2200 2614 stat, vnd anders ers eruert, vnd
1482 2523 2219 2662 erhalten und gantz keiner sotzen
1469 2548 2188 2689 gsellschafft vert der obgemalten
1465 2632 1678 2700 wie dann
1478 2582 2210 2735 Gienen, sich mein alen angenomen
1695 2679 2195 2774 nenn ouch meinandt
1488 2665 2207 2811 zu der obgedachten deebstalen
1478 2710 1852 2803 angewiten habe
