<?xml version="1.0" encoding="UTF-8" standalone="yes"?>
<PcGts xmlns="http://schema.primaresearch.org/PAGE/gts/pagecontent/2013-07-15" xmlns:xsi="http://www.w3.org/2001/XMLSchema-instance" xsi:schemaLocation="http://schema.primaresearch.org/PAGE/gts/pagecontent/2013-07-15 http://schema.primaresearch.org/PAGE/gts/pagecontent/2013-07-15/pagecontent.xsd">
    <Metadata>
        <Creator>prov=University of Rostock/Institute of Mathematics/CITlab|PLANET AI GmbH/Gundram Leifert/gundram.leifert@planet-ai.de:name=German_Kurrent_XVI-XVIII_M1(htr_id=19584)::::v=2.6.7
prov=University of Rostock/Institute of Mathematics/CITlab|PLANET AI GmbH/Tobias Gruening/tobias.gruening@planet-ai.de:name=de.uros.citlab.module.baseline2polygon.B2PSeamMultiOriented:v=2.6.7
prov=University of Rostock/Institute of Mathematics/CITlab|PLANET AI GmbH/Gundram Leifert/gundram.leifert@planet-ai.de:name=German_Kurrent_XIX_M1(htr_id=19829)::::v=2.6.6
prov=University of Rostock/Institute of Mathematics/CITlab|PLANET AI GmbH/Tobias Gruening/tobias.gruening@planet-ai.de:name=de.uros.citlab.module.baseline2polygon.B2PSeamMultiOriented:v=2.6.6
prov=University of Rostock/Institute of Mathematics/CITlab|PLANET AI GmbH/Tobias Gruening/tobias.gruening@planet-ai.de:name=/net_tf/LA73_249_0mod360.pb:de.uros.citlab.segmentation.CITlab_LA_ML:v=2.6.6
Transkribus</Creator>
        <Created>2020-10-09T14:48:50.336+02:00</Created>
        <LastChange>2022-09-09T15:28:29.014+02:00</LastChange>
        <TranskribusMetadata docId="1334817" pageId="52359813" pageNr="56" tsid="114641565" status="IN_PROGRESS" userId="9570" imgUrl="https://files.transkribus.eu/Get?id=SXXOAKCLAINZHJXLUAHQPHOD&amp;fileType=view" xmlUrl="https://files.transkribus.eu/Get?id=PBRRDQQVAFTIOVQAFIGCALQT" imageId="16363683"/>
    </Metadata>
    <Page imageFilename="Untitled document_00268-20200923_104522.jpg" imageWidth="2448" imageHeight="3264">
        <ReadingOrder>
            <OrderedGroup id="ro_1687513786107" caption="Regions reading order">
                <RegionRefIndexed index="0" regionRef="r1"/>
                <RegionRefIndexed index="1" regionRef="r2"/>
                <RegionRefIndexed index="2" regionRef="r3"/>
                <RegionRefIndexed index="3" regionRef="r4"/>
            </OrderedGroup>
        </ReadingOrder>
        <TextRegion orientation="0.0" id="r1" custom="readingOrder {index:0;}">
            <Coords points="489,2435 489,2588 503,2588 503,2435"/>
            <TextLine id="r1l1" custom="readingOrder {index:0;}">
                <Coords points="482,2545 487,2547 492,2546 494,2547 497,2553 499,2552 504,2554 515,2507 509,2505 506,2508 505,2507 502,2509 500,2508 498,2510 490,2508"/>
                <Baseline points="489,2535 503,2538"/>
                <TextEquiv>
                    <Unicode></Unicode>
                </TextEquiv>
            </TextLine>
            <TextEquiv>
                <Unicode></Unicode>
            </TextEquiv>
        </TextRegion>
        <TextRegion orientation="0.0" id="r2" custom="readingOrder {index:1;}">
            <Coords points="548,771 548,2632 1280,2632 1280,771"/>
            <TextLine id="r2l1" custom="readingOrder {index:0;}">
                <Coords points="964,788 994,805 1009,801 1033,826 1068,806 1080,815 1109,807 1119,820 1143,816 1209,846 1223,766 1191,761 1171,770 1132,740 1069,774 1044,762 998,770 971,749"/>
                <Baseline points="969,791 995,794 1021,798 1047,800 1073,804 1100,808 1126,813 1152,819 1178,826 1205,836"/>
                <TextEquiv>
                    <Unicode>seleders</Unicode>
                </TextEquiv>
            </TextLine>
            <TextLine id="r2l2" custom="readingOrder {index:1;}">
                <Coords points="654,810 830,810 895,846 961,829 1053,841 1120,884 1175,866 1230,881 1232,864 1108,808 1032,824 950,770 865,801 783,775 759,746 662,740"/>
                <Baseline points="660,800 688,803 716,804 744,806 773,809 801,811 829,813 858,816 886,818 914,820 943,824 971,826 999,830 1027,833 1056,838 1084,842 1112,847 1141,853 1169,859 1197,867 1226,873"/>
                <TextEquiv>
                    <Unicode>k uf sein hobriethußsend</Unicode>
                </TextEquiv>
            </TextLine>
            <TextLine id="r2l3" custom="readingOrder {index:2;}">
                <Coords points="633,841 990,868 1036,891 1094,881 1141,928 1194,910 1235,930 1241,886 1125,847 1023,863 961,830 896,846 830,811 770,824 638,805"/>
                <Baseline points="638,843 667,845 697,845 727,846 756,848 786,849 816,852 845,855 875,857 905,860 935,864 964,867 994,871 1024,876 1053,881 1083,885 1113,891 1142,898 1172,903 1202,910 1232,917"/>
                <TextEquiv>
                    <Unicode>ebi und der ander ein igspunen</Unicode>
                </TextEquiv>
            </TextLine>
            <TextLine id="r2l4" custom="readingOrder {index:3;}">
                <Coords points="606,910 760,889 929,919 994,908 1113,957 1139,944 1237,972 1240,941 1199,912 1141,926 1096,881 1030,902 991,868 913,891 823,858 738,869 702,845 610,873"/>
                <Baseline points="614,888 646,890 679,890 711,891 744,893 776,895 809,896 842,899 874,901 907,903 939,908 972,911 1004,916 1037,921 1070,926 1102,932 1135,939 1167,945 1200,954 1233,962"/>
                <TextEquiv>
                    <Unicode>yner ehelichen gebürt, thetet das</Unicode>
                </TextEquiv>
            </TextLine>
            <TextLine id="r2l5" custom="readingOrder {index:4;}">
                <Coords points="601,938 696,935 731,957 790,936 851,968 925,949 964,984 1090,974 1144,1019 1258,1016 1263,970 1195,974 1070,931 1005,942 963,910 694,920 606,892"/>
                <Baseline points="606,933 638,933 670,935 703,936 735,937 767,938 800,941 832,942 864,945 897,948 929,951 961,954 994,958 1026,963 1058,968 1091,973 1123,979 1155,986 1188,993 1220,999 1253,1008"/>
                <TextEquiv>
                    <Unicode>einen efner vot hrey burgi genat</Unicode>
                </TextEquiv>
            </TextLine>
            <TextLine id="r2l6" custom="readingOrder {index:5;} person {offset:0; length:15;}">
                <Coords points="609,990 673,978 760,1008 794,986 830,1017 964,1001 1228,1063 1232,1024 1144,1019 1093,982 1042,1001 986,971 951,985 902,957 786,967 750,943 612,961"/>
                <Baseline points="615,978 645,980 675,980 706,982 736,983 767,985 797,988 828,991 858,994 889,997 919,999 949,1004 980,1007 1010,1011 1041,1016 1071,1020 1102,1025 1132,1031 1163,1036 1193,1043 1224,1049"/>
                <TextEquiv>
                    <Unicode>rantz Jaggebman geschriben, den</Unicode>
                </TextEquiv>
            </TextLine>
            <TextLine id="r2l7" custom="readingOrder {index:6;}">
                <Coords points="595,1025 752,1025 833,1055 946,1040 991,1067 1169,1076 1188,1097 1236,1099 1240,1068 1131,1051 1073,1014 1035,1030 928,1002 884,1024 599,989"/>
                <Baseline points="600,1020 631,1022 663,1023 694,1025 726,1026 758,1028 789,1031 821,1033 852,1035 884,1037 916,1041 947,1045 979,1049 1010,1052 1042,1056 1074,1062 1105,1066 1137,1072 1168,1077 1200,1083 1232,1091"/>
                <TextEquiv>
                    <Unicode>anders aber gestelt und erzen</Unicode>
                </TextEquiv>
            </TextLine>
            <TextLine id="r2l8" custom="readingOrder {index:7;}">
                <Coords points="606,1065 720,1077 758,1061 819,1100 871,1090 888,1108 935,1086 1016,1118 1098,1110 1128,1137 1167,1115 1224,1140 1234,1115 1115,1069 1075,1084 1046,1060 999,1074 944,1047 833,1056 751,1026 611,1024"/>
                <Baseline points="612,1058 642,1059 673,1061 704,1063 735,1066 765,1068 796,1071 827,1074 858,1077 888,1080 919,1083 950,1087 981,1091 1011,1095 1042,1099 1073,1103 1104,1108 1134,1113 1165,1119 1196,1124 1227,1130"/>
                <TextEquiv>
                    <Unicode>aungne abgeschreben, welche zren</Unicode>
                </TextEquiv>
            </TextLine>
            <TextLine id="r2l9" custom="readingOrder {index:8;}">
                <Coords points="600,1106 606,1106 616,1116 623,1113 629,1114 629,1072 619,1072 610,1064 600,1065"/>
                <Baseline points="606,1107 624,1107"/>
                <TextEquiv>
                    <Unicode></Unicode>
                </TextEquiv>
            </TextLine>
            <TextLine id="r2l10" custom="readingOrder {index:9;}">
                <Coords points="634,1099 660,1123 875,1122 1240,1180 1243,1145 1171,1122 1124,1138 1057,1103 1004,1121 934,1087 838,1104 757,1061 703,1084 638,1065"/>
                <Baseline points="639,1106 668,1109 698,1111 728,1113 758,1115 788,1117 817,1119 847,1121 877,1124 907,1126 937,1128 966,1131 996,1134 1026,1138 1056,1141 1086,1146 1115,1150 1145,1157 1175,1162 1205,1168 1235,1176"/>
                <TextEquiv>
                    <Unicode>byß, sy auch alle mit einanders</Unicode>
                </TextEquiv>
            </TextLine>
            <TextLine id="r2l11" custom="readingOrder {index:10;}">
                <Coords points="604,1152 727,1184 778,1159 954,1169 1242,1227 1245,1193 1097,1145 965,1149 872,1122 805,1147 729,1115 636,1133 607,1118"/>
                <Baseline points="608,1158 639,1158 671,1158 702,1158 734,1158 765,1160 797,1161 828,1163 860,1164 891,1166 923,1168 955,1172 986,1175 1018,1178 1049,1182 1081,1186 1112,1190 1144,1196 1175,1201 1207,1208 1239,1214"/>
                <TextEquiv>
                    <Unicode>gholffen mit dem GroßenBaren</Unicode>
                </TextEquiv>
            </TextLine>
            <TextLine id="r2l12" custom="readingOrder {index:11;}">
                <Coords points="603,1220 636,1204 781,1225 937,1212 1063,1245 1099,1231 1240,1255 1241,1236 1167,1202 1113,1217 1074,1185 987,1202 955,1169 904,1197 780,1159 734,1184 605,1190"/>
                <Baseline points="609,1211 640,1209 671,1209 702,1208 734,1208 765,1208 796,1209 828,1210 859,1211 890,1212 922,1215 953,1217 984,1220 1015,1222 1047,1226 1078,1230 1109,1233 1141,1238 1172,1243 1203,1247 1235,1253"/>
                <TextEquiv>
                    <Unicode>eglen, vnd die Tirnen die Sigel</Unicode>
                </TextEquiv>
            </TextLine>
            <TextLine id="r2l13" custom="readingOrder {index:12;}">
                <Coords points="595,1261 607,1260 615,1266 620,1266 620,1225 613,1225 607,1223 603,1226 595,1227"/>
                <Baseline points="600,1253 615,1253"/>
                <TextEquiv>
                    <Unicode></Unicode>
                </TextEquiv>
            </TextLine>
            <TextLine id="r2l14" custom="readingOrder {index:13;}">
                <Coords points="645,1263 674,1248 869,1278 1058,1264 1218,1306 1245,1302 1247,1276 1163,1243 988,1240 896,1209 773,1235 648,1214"/>
                <Baseline points="651,1253 680,1253 710,1253 739,1254 769,1254 798,1254 828,1256 857,1256 887,1258 916,1259 946,1260 975,1262 1005,1265 1034,1266 1064,1269 1093,1273 1123,1276 1152,1281 1182,1285 1211,1290 1241,1296"/>
                <TextEquiv>
                    <Unicode> zu gegeben, von welchen aber er</Unicode>
                </TextEquiv>
            </TextLine>
            <TextLine id="r2l15" custom="readingOrder {index:14;}">
                <Coords points="591,1311 677,1324 886,1301 920,1323 1101,1317 1254,1357 1258,1299 1217,1311 1139,1282 1115,1299 1058,1263 962,1292 918,1262 721,1278 670,1249 632,1283 594,1261"/>
                <Baseline points="597,1302 629,1301 662,1299 694,1299 727,1298 760,1298 792,1299 825,1299 858,1301 890,1303 923,1304 956,1307 988,1310 1021,1312 1054,1316 1086,1319 1119,1323 1152,1326 1184,1331 1217,1335 1250,1340"/>
                <TextEquiv>
                    <Unicode>befangene allem 6 krützr bekommen</Unicode>
                </TextEquiv>
            </TextLine>
            <TextLine id="r2l16" custom="readingOrder {index:15;}">
                <Coords points="610,1405 615,1405 617,1402 629,1399 632,1401 635,1399 640,1402 650,1402 650,1347 641,1349 638,1346 628,1344 624,1348 610,1349"/>
                <Baseline points="615,1395 645,1395"/>
                <TextEquiv>
                    <Unicode>i</Unicode>
                </TextEquiv>
            </TextLine>
            <TextLine id="r2l17" custom="readingOrder {index:16;}">
                <Coords points="664,1386 733,1411 800,1392 933,1400 1007,1432 1047,1412 1259,1435 1261,1397 1152,1352 948,1376 813,1341 749,1365 713,1337 667,1337"/>
                <Baseline points="669,1391 698,1392 727,1392 756,1394 786,1395 815,1396 844,1397 873,1398 903,1400 932,1401 961,1403 990,1404 1020,1406 1049,1409 1078,1410 1107,1412 1137,1415 1166,1418 1195,1422 1224,1425 1254,1430"/>
                <TextEquiv>
                    <Unicode>den handtschrifften aber Luthe die</Unicode>
                </TextEquiv>
            </TextLine>
            <TextLine id="r2l18" custom="readingOrder {index:17;}">
                <Coords points="588,1453 652,1430 794,1461 908,1442 1087,1453 1190,1486 1220,1466 1221,1430 1186,1446 994,1434 930,1402 797,1395 734,1413 667,1384 589,1417"/>
                <Baseline points="594,1437 625,1439 656,1439 687,1439 718,1440 749,1440 780,1442 811,1442 842,1443 873,1444 904,1446 935,1447 966,1448 997,1449 1028,1452 1059,1453 1090,1455 1121,1457 1152,1460 1183,1463 1215,1464"/>
                <TextEquiv>
                    <Unicode>erste uf synel schwäger desh</Unicode>
                </TextEquiv>
            </TextLine>
            <TextLine id="r2l19" custom="readingOrder {index:18;}">
                <Coords points="603,1503 857,1501 887,1483 982,1519 1137,1492 1195,1519 1235,1510 1237,1450 1190,1486 1036,1452 1001,1474 945,1443 604,1455"/>
                <Baseline points="608,1491 639,1490 670,1488 701,1487 732,1487 763,1487 794,1487 825,1488 856,1488 887,1488 919,1490 950,1491 981,1492 1012,1494 1043,1495 1074,1496 1105,1498 1136,1499 1167,1500 1198,1502 1230,1502"/>
                <TextEquiv>
                    <Unicode>redifanten  arch umb 79 lb</Unicode>
                </TextEquiv>
            </TextLine>
            <TextLine id="r2l20" custom="readingOrder {index:19;} person {offset:14; length:12;}">
                <Coords points="581,1558 783,1529 888,1562 965,1534 1207,1558 1207,1528 1141,1503 1059,1497 1013,1522 942,1497 916,1509 887,1484 816,1517 718,1492 582,1519"/>
                <Baseline points="587,1539 617,1538 648,1535 679,1534 710,1533 740,1533 771,1532 802,1532 833,1533 863,1533 894,1534 925,1535 956,1536 986,1538 1017,1539 1048,1540 1079,1541 1109,1541 1140,1542 1171,1544 1202,1544"/>
                <TextEquiv>
                    <Unicode>die andere uf hHanß anthon</Unicode>
                </TextEquiv>
            </TextLine>
            <TextLine id="r2l21" custom="readingOrder {index:20;} place {offset:4; length:12;} place {offset:29; length:3; continued:true;}">
                <Coords points="567,1603 651,1605 687,1581 833,1598 866,1579 915,1598 1037,1582 1085,1621 1231,1601 1149,1540 998,1564 942,1543 887,1562 783,1529 651,1563 568,1553"/>
                <Baseline points="572,1584 604,1583 637,1583 670,1581 702,1580 735,1580 768,1580 800,1580 833,1580 866,1580 899,1580 931,1581 964,1583 997,1583 1029,1584 1062,1586 1095,1587 1127,1590 1160,1591 1193,1593 1226,1595"/>
                <TextEquiv>
                    <Unicode>von Grassenriedt, alten vogt zu¬</Unicode>
                </TextEquiv>
            </TextLine>
            <TextLine id="r2l22" custom="readingOrder {index:21;} place {offset:0; length:8; continued:true;}">
                <Coords points="570,1641 749,1620 1167,1661 1252,1639 1253,1616 1210,1601 1185,1624 1075,1620 1037,1583 989,1618 868,1579 831,1599 795,1579 571,1600"/>
                <Baseline points="576,1629 609,1627 643,1626 676,1625 710,1625 743,1625 777,1625 810,1625 844,1625 877,1626 911,1628 945,1629 978,1631 1012,1632 1045,1634 1079,1637 1112,1638 1146,1638 1179,1641 1213,1643 1247,1643"/>
                <TextEquiv>
                    <Unicode>Brandlon umb 35l unb 14 tz und</Unicode>
                </TextEquiv>
            </TextLine>
            <TextLine id="r2l23" custom="readingOrder {index:22;}">
                <Coords points="570,1695 837,1666 887,1712 943,1671 1169,1683 1205,1719 1246,1701 1246,1644 1188,1669 1133,1643 1068,1661 853,1623 681,1626 622,1661 570,1646"/>
                <Baseline points="575,1686 608,1682 641,1679 674,1676 708,1673 741,1671 774,1671 808,1670 841,1670 874,1670 908,1671 941,1672 974,1673 1007,1674 1041,1676 1074,1677 1107,1679 1141,1681 1174,1682 1207,1685 1241,1685"/>
                <TextEquiv>
                    <Unicode>die drite vlh matheum knecht,</Unicode>
                </TextEquiv>
            </TextLine>
            <TextLine id="r2l24" custom="readingOrder {index:23;} place {offset:13; length:6;}">
                <Coords points="582,1744 775,1724 819,1750 861,1719 980,1764 1051,1725 1252,1756 1273,1746 1273,1686 1215,1719 1167,1682 1096,1678 1050,1709 1000,1674 888,1710 837,1666 723,1704 671,1680 582,1693"/>
                <Baseline points="587,1733 621,1731 655,1728 689,1727 723,1724 757,1724 791,1722 825,1722 859,1722 893,1722 927,1722 961,1723 995,1724 1029,1725 1063,1725 1097,1727 1131,1727 1165,1729 1199,1730 1233,1731 1268,1731"/>
                <TextEquiv>
                    <Unicode>altenvogt zu Erlach umb 10l, welche</Unicode>
                </TextEquiv>
            </TextLine>
            <TextLine id="r2l25" custom="readingOrder {index:24;}">
                <Coords points="625,1804 719,1805 795,1772 834,1799 985,1779 1011,1794 1095,1769 1156,1792 1240,1783 1240,1741 1187,1757 1148,1732 1097,1758 1041,1739 971,1758 917,1724 872,1754 798,1731 625,1765"/>
                <Baseline points="630,1779 660,1776 690,1774 720,1773 751,1772 781,1772 811,1772 841,1772 872,1772 902,1772 932,1773 962,1773 993,1773 1023,1775 1053,1775 1083,1775 1114,1775 1144,1775 1174,1773 1204,1772 1235,1770"/>
                <TextEquiv>
                    <Unicode>vyerhandtschrifften und g eine unnd</Unicode>
                </TextEquiv>
            </TextLine>
            <TextLine id="r2l26" custom="readingOrder {index:25;} person {offset:4; length:9;}">
                <Coords points="570,1843 849,1860 893,1825 932,1853 976,1831 1225,1848 1270,1837 1269,1779 1110,1805 1060,1775 1006,1806 964,1779 834,1799 796,1770 719,1805 569,1807"/>
                <Baseline points="575,1835 609,1832 644,1829 678,1826 713,1824 747,1823 782,1821 816,1821 851,1820 885,1820 920,1820 954,1820 989,1820 1023,1820 1058,1820 1092,1820 1127,1820 1161,1820 1196,1818 1230,1818 1265,1817"/>
                <TextEquiv>
                    <Unicode>der Fryburger der anders zwohabe</Unicode>
                </TextEquiv>
            </TextLine>
            <TextLine id="r2l27" custom="readingOrder {index:26;}">
                <Coords points="544,1965 605,1946 664,1966 758,1926 837,1947 1067,1925 1109,1949 1183,1919 1230,1940 1283,1929 1281,1876 1124,1845 1053,1884 1011,1866 959,1911 898,1890 727,1920 649,1886 605,1917 542,1915"/>
                <Baseline points="548,1947 584,1944 620,1941 657,1937 693,1935 730,1933 766,1931 803,1929 839,1928 876,1928 912,1926 948,1926 985,1925 1021,1924 1058,1923 1094,1923 1131,1922 1167,1920 1204,1919 1240,1918 1277,1917"/>
                <TextEquiv>
                    <Unicode>Alß ime auch haruf gantz ernsthafft</Unicode>
                </TextEquiv>
            </TextLine>
            <TextLine id="r2l28" custom="readingOrder {index:27;}">
                <Coords points="585,2024 648,1993 712,2004 745,1981 842,1991 918,1966 983,1994 1059,1961 1129,1966 1166,1992 1199,1963 1249,1970 1247,1934 859,1933 827,1954 785,1933 669,1968 581,1963"/>
                <Baseline points="588,1995 620,1992 653,1989 686,1985 719,1983 752,1980 784,1978 817,1976 850,1973 883,1970 916,1968 948,1967 981,1965 1014,1964 1047,1962 1079,1961 1112,1961 1145,1959 1178,1959 1211,1959 1244,1959"/>
                <TextEquiv>
                    <Unicode>Ing gehalten worden, wie mlthilch,</Unicode>
                </TextEquiv>
            </TextLine>
            <TextLine id="r2l29" custom="readingOrder {index:28;}">
                <Coords points="587,2055 878,2012 1011,2045 1062,2009 1165,1999 1211,2023 1252,2002 1250,1968 1199,1963 1167,1991 1035,1971 986,1993 918,1968 839,2002 754,1988 716,2017 626,2002 585,2024"/>
                <Baseline points="591,2045 623,2040 656,2038 689,2034 722,2029 755,2027 787,2024 820,2021 853,2019 886,2016 919,2013 951,2012 984,2009 1017,2008 1050,2007 1082,2005 1115,2004 1148,2003 1181,2003 1214,2003 1247,2003"/>
                <TextEquiv>
                    <Unicode>und welcher gattung tach, er alhie</Unicode>
                </TextEquiv>
            </TextLine>
            <TextLine id="r2l30" custom="readingOrder {index:29;}">
                <Coords points="588,2099 965,2060 991,2075 1096,2045 1145,2077 1185,2053 1267,2056 1264,2014 1216,2027 1180,2004 965,2044 879,2012 586,2067"/>
                <Baseline points="593,2097 626,2094 659,2090 693,2086 726,2083 760,2080 793,2075 827,2072 860,2069 894,2066 927,2064 960,2060 994,2058 1027,2056 1061,2054 1094,2052 1128,2051 1161,2049 1195,2049 1228,2048 1262,2048"/>
                <TextEquiv>
                    <Unicode>es den Bleickmen genommen, vnndt</Unicode>
                </TextEquiv>
            </TextLine>
            <TextLine id="r2l31" custom="readingOrder {index:30;}">
                <Coords points="583,2157 879,2113 1218,2112 1274,2097 1271,2057 1184,2053 1146,2077 1104,2048 1073,2077 967,2059 790,2110 695,2099 581,2130"/>
                <Baseline points="588,2153 622,2147 656,2141 690,2136 724,2131 758,2128 792,2124 826,2120 860,2117 894,2114 928,2111 962,2109 996,2106 1030,2105 1064,2103 1098,2100 1132,2099 1166,2098 1200,2096 1234,2095 1269,2094"/>
                <TextEquiv>
                    <Unicode>wohin er daßelbige verkaufft hat</Unicode>
                </TextEquiv>
            </TextLine>
            <TextLine id="r2l32" custom="readingOrder {index:31;}">
                <Coords points="715,2183 822,2175 866,2200 908,2173 968,2188 1058,2153 1080,2171 1118,2149 1244,2156 1276,2146 1273,2097 1197,2123 1171,2109 1142,2138 981,2122 911,2147 877,2123 856,2145 796,2128 769,2149 711,2131"/>
                <Baseline points="720,2181 747,2177 775,2174 802,2171 830,2169 857,2166 885,2164 912,2163 940,2160 967,2158 995,2156 1023,2156 1050,2154 1078,2153 1105,2151 1133,2149 1160,2147 1188,2146 1215,2144 1243,2142 1271,2141"/>
                <TextEquiv>
                    <Unicode>sey in fluchenwegn mit gestende</Unicode>
                </TextEquiv>
            </TextLine>
            <TextLine id="r2l33" custom="readingOrder {index:32;}">
                <Coords points="620,2209 633,2212 640,2205 647,2207 658,2195 667,2197 682,2189 696,2197 708,2190 702,2136 681,2143 671,2137 653,2155 645,2151 632,2167 616,2171"/>
                <Baseline points="624,2193 650,2192 676,2190 702,2184"/>
                <TextEquiv>
                    <Unicode>de</Unicode>
                </TextEquiv>
            </TextLine>
            <TextLine id="r2l34" custom="readingOrder {index:33;}">
                <Coords points="597,2279 652,2240 706,2270 750,2229 821,2264 915,2209 1039,2245 1273,2187 1241,2158 1081,2171 1058,2153 971,2190 862,2199 822,2176 769,2208 715,2179 651,2217 591,2207"/>
                <Baseline points="599,2249 632,2242 665,2238 699,2233 732,2228 766,2224 799,2221 833,2217 866,2214 900,2213 933,2210 966,2207 1000,2205 1033,2202 1067,2199 1100,2198 1134,2194 1167,2192 1201,2189 1234,2185 1268,2181"/>
                <TextEquiv>
                    <Unicode>gwellen, sonders es gentzlich ver</Unicode>
                </TextEquiv>
            </TextLine>
            <TextLine id="r2l35" custom="readingOrder {index:34;}">
                <Coords points="600,2314 627,2310 646,2293 657,2300 667,2291 692,2297 709,2282 721,2290 736,2285 748,2290 762,2281 780,2285 772,2226 758,2234 747,2230 707,2269 683,2266 672,2274 632,2269 608,2284 596,2280"/>
                <Baseline points="603,2295 631,2293 660,2288 688,2283 717,2279 745,2277 774,2277"/>
                <TextEquiv>
                    <Unicode>nemet,</Unicode>
                </TextEquiv>
            </TextLine>
            <TextLine id="r2l36" custom="readingOrder {index:35;}">
                <Coords points="582,2367 756,2379 786,2345 813,2365 869,2334 910,2356 966,2316 1038,2334 1081,2308 1270,2294 1280,2235 1156,2252 1094,2289 951,2264 890,2304 829,2295 803,2316 679,2293 620,2345 579,2344"/>
                <Baseline points="587,2366 621,2361 656,2356 690,2352 725,2347 760,2343 794,2339 829,2335 864,2332 898,2328 933,2324 968,2320 1002,2317 1037,2313 1072,2308 1106,2304 1141,2299 1176,2296 1210,2291 1245,2285 1280,2280"/>
                <TextEquiv>
                    <Unicode>er bitet hochzeacht und gl mit zusamen</Unicode>
                </TextEquiv>
            </TextLine>
            <TextLine id="r2l37" custom="readingOrder {index:36;}">
                <Coords points="596,2453 784,2386 950,2364 1048,2388 1117,2350 1257,2334 1253,2305 1214,2296 1036,2339 958,2318 910,2360 869,2334 755,2377 684,2365 588,2392"/>
                <Baseline points="597,2421 629,2415 662,2408 695,2401 727,2396 760,2390 793,2386 825,2381 858,2377 891,2373 924,2369 956,2366 989,2362 1022,2358 1054,2355 1087,2352 1120,2347 1152,2343 1185,2339 1218,2336 1251,2331"/>
                <TextEquiv>
                    <Unicode>geschlagnen, vnd vßgeherten hender</Unicode>
                </TextEquiv>
            </TextLine>
            <TextLine id="r2l38" custom="readingOrder {index:37;}">
                <Coords points="604,2497 669,2456 722,2467 803,2431 1284,2395 1276,2328 1160,2380 1102,2358 1048,2388 951,2364 784,2386 751,2417 692,2408 599,2455"/>
                <Baseline points="605,2468 638,2460 672,2452 705,2446 739,2440 773,2434 806,2429 840,2425 873,2421 907,2417 941,2413 974,2410 1008,2407 1041,2403 1075,2400 1109,2396 1142,2392 1176,2389 1209,2385 1243,2380 1277,2375"/>
                <TextEquiv>
                    <Unicode>ais gnad und Bacmherzigkeit,</Unicode>
                </TextEquiv>
            </TextLine>
            <TextLine id="r2l39" custom="readingOrder {index:38;}">
                <Coords points="590,2529 769,2484 832,2478 864,2500 912,2467 949,2488 1027,2449 1141,2469 1180,2435 1265,2424 1239,2401 1170,2421 1064,2401 982,2439 905,2416 836,2428 797,2463 740,2446 587,2503"/>
                <Baseline points="594,2520 627,2512 660,2504 693,2498 727,2491 760,2485 793,2479 826,2475 860,2470 893,2466 926,2461 959,2459 993,2454 1026,2450 1059,2446 1092,2443 1126,2440 1159,2435 1192,2430 1225,2425 1259,2420"/>
                <TextEquiv>
                    <Unicode>und das dieselben ime von syner</Unicode>
                </TextEquiv>
            </TextLine>
            <TextLine id="r2l40" custom="readingOrder {index:39;}">
                <Coords points="598,2571 663,2577 693,2553 1031,2496 1117,2519 1151,2486 1280,2464 1275,2433 1231,2423 1141,2469 1101,2446 972,2490 896,2475 861,2501 825,2478 594,2543"/>
                <Baseline points="603,2570 636,2562 670,2554 703,2546 737,2539 771,2532 804,2527 838,2522 871,2517 905,2511 939,2507 972,2502 1006,2498 1039,2495 1073,2491 1107,2486 1140,2483 1174,2478 1207,2474 1241,2470 1275,2465"/>
                <TextEquiv>
                    <Unicode>wyb und finden, auch ehrlihen früm</Unicode>
                </TextEquiv>
            </TextLine>
            <TextLine id="r2l41" custom="readingOrder {index:40;}">
                <Coords points="588,2656 663,2609 759,2629 836,2580 880,2600 1124,2533 1197,2553 1285,2510 1280,2474 1156,2517 1087,2524 1031,2497 979,2529 925,2512 884,2545 800,2543 773,2567 692,2554 646,2583 576,2580"/>
                <Baseline points="588,2622 622,2615 657,2608 691,2601 726,2594 761,2587 795,2582 830,2576 864,2570 899,2565 934,2559 968,2554 1003,2550 1037,2545 1072,2540 1107,2535 1141,2530 1176,2525 1210,2521 1245,2515 1280,2510"/>
                <TextEquiv>
                    <Unicode>schafft wegen, gnedis verschonen wellent</Unicode>
                </TextEquiv>
            </TextLine>
            <TextEquiv>
                <Unicode>seleders
k uf sein hobriethußsend
ebi und der ander ein igspunen
yner ehelichen gebürt, thetet das
einen efner vot hrey burgi genat
rantz Jaggebman geschriben, den
anders aber gestelt und erzen
aungne abgeschreben, welche zren

byß, sy auch alle mit einanders
gholffen mit dem GroßenBaren
eglen, vnd die Tirnen die Sigel

 zu gegeben, von welchen aber er
befangene allem 6 krützr bekommen
i
den handtschrifften aber Luthe die
erste uf synel schwäger desh
redifanten  arch umb 79 lb
die andere uf hHanß anthon
von Grassenriedt, alten vogt zu¬
Brandlon umb 35l unb 14 tz und
die drite vlh matheum knecht,
altenvogt zu Erlach umb 10l, welche
vyerhandtschrifften und g eine unnd
der Fryburger der anders zwohabe
Alß ime auch haruf gantz ernsthafft
Ing gehalten worden, wie mlthilch,
und welcher gattung tach, er alhie
es den Bleickmen genommen, vnndt
wohin er daßelbige verkaufft hat
sey in fluchenwegn mit gestende
de
gwellen, sonders es gentzlich ver
nemet,
er bitet hochzeacht und gl mit zusamen
geschlagnen, vnd vßgeherten hender
ais gnad und Bacmherzigkeit,
und das dieselben ime von syner
wyb und finden, auch ehrlihen früm
schafft wegen, gnedis verschonen wellent</Unicode>
            </TextEquiv>
        </TextRegion>
        <TextRegion orientation="0.0" id="r3" custom="readingOrder {index:2;}">
            <Coords points="1362,2402 1362,2554 1377,2554 1377,2402"/>
            <TextLine id="r3l1" custom="readingOrder {index:0;}">
                <Coords points="1356,2511 1360,2511 1368,2519 1379,2521 1386,2474 1378,2473 1376,2471 1373,2472 1369,2467 1362,2465"/>
                <Baseline points="1362,2502 1377,2504"/>
                <TextEquiv>
                    <Unicode>e</Unicode>
                </TextEquiv>
            </TextLine>
            <TextEquiv>
                <Unicode>e</Unicode>
            </TextEquiv>
        </TextRegion>
        <TextRegion orientation="0.0" id="r4" custom="readingOrder {index:3;}">
            <Coords points="1406,529 1406,2748 2283,2748 2283,529"/>
            <TextLine id="r4l1" custom="readingOrder {index:0;}">
                <Coords points="2080,576 2088,573 2092,566 2095,566 2102,559 2106,559 2106,557 2112,557 2114,554 2121,558 2133,556 2123,518 2115,521 2102,519 2097,524 2092,521 2086,523 2081,521 2079,524 2067,525"/>
                <Baseline points="2082,564 2127,552"/>
                <TextEquiv>
                    <Unicode>70</Unicode>
                </TextEquiv>
            </TextLine>
            <TextLine id="r4l2" custom="readingOrder {index:1;}">
                <Coords points="1807,740 1836,755 1852,741 1879,749 1894,731 1921,739 1982,721 2005,734 2031,717 2063,712 2058,656 2034,670 2005,658 1966,688 1944,693 1927,683 1890,702 1824,681 1802,685"/>
                <Baseline points="1811,731 1838,728 1865,726 1893,725 1920,723 1947,721 1975,719 2002,716 2029,711 2057,705"/>
                <TextEquiv>
                    <Unicode>terung sebe</Unicode>
                </TextEquiv>
            </TextLine>
            <TextLine id="r4l3" custom="readingOrder {index:2;} person {offset:0; length:12;}">
                <Coords points="1808,800 1844,794 1866,802 1912,764 1927,772 1971,759 2030,777 2089,766 2084,713 2045,712 2008,733 1971,726 1947,740 1932,731 1900,735 1874,754 1853,740 1832,755 1802,742"/>
                <Baseline points="1811,776 1838,773 1865,770 1892,767 1919,765 1946,762 1973,760 2000,758 2027,755 2054,753 2082,750"/>
                <TextEquiv>
                    <Unicode>Andol Großen</Unicode>
                </TextEquiv>
            </TextLine>
            <TextLine id="r4l4" custom="readingOrder {index:3;}">
                <Coords points="1883,903 1925,895 1946,910 1990,890 2026,914 2056,881 2118,901 2165,880 2158,806 2121,823 2101,816 2069,841 1986,825 1953,844 1878,845"/>
                <Baseline points="1887,897 1914,894 1941,891 1968,888 1995,886 2023,884 2050,882 2077,880 2104,877 2131,874 2159,869"/>
                <TextEquiv>
                    <Unicode>ah ufgeaihte</Unicode>
                </TextEquiv>
            </TextLine>
            <TextLine id="r4l5" custom="readingOrder {index:4;}">
                <Coords points="1908,937 1933,948 1943,942 1973,960 1997,940 2052,956 2072,938 2096,939 2117,924 2148,930 2172,921 2168,890 2118,900 2063,881 2027,914 1989,889 1946,910 1924,895 1904,899"/>
                <Baseline points="1913,938 1938,938 1963,938 1988,936 2013,935 2039,934 2064,930 2089,927 2114,922 2139,917 2165,911"/>
                <TextEquiv>
                    <Unicode>ttet uff sein</Unicode>
                </TextEquiv>
            </TextLine>
            <TextLine id="r4l6" custom="readingOrder {index:5;}">
                <Coords points="1741,1014 1823,1011 1859,1031 1907,993 2104,985 2139,968 2193,978 2190,943 2087,963 2023,951 1964,963 1942,947 1867,948 1837,926 1739,992"/>
                <Baseline points="1745,1010 1771,1007 1797,1004 1823,1001 1849,998 1875,995 1901,993 1927,991 1953,989 1979,987 2005,985 2031,983 2057,980 2083,978 2109,977 2135,974 2161,972 2187,969"/>
                <TextEquiv>
                    <Unicode>elches verbriennen</Unicode>
                </TextEquiv>
            </TextLine>
            <TextLine id="r4l7" custom="readingOrder {index:6;}">
                <Coords points="1961,1050 2014,1051 2046,1070 2079,1036 2187,1013 2208,1023 2204,972 2151,973 2095,1009 2048,985 2013,1005 1976,989 1952,993"/>
                <Baseline points="1964,1040 1990,1040 2017,1039 2044,1035 2070,1031 2097,1027 2124,1021 2150,1016 2177,1013 2204,1011"/>
                <TextEquiv>
                    <Unicode>ein zugaut</Unicode>
                </TextEquiv>
            </TextLine>
            <TextLine id="r4l8" custom="readingOrder {index:7;}">
                <Coords points="1627,1074 1677,1071 1690,1080 1747,1063 1780,1069 1808,1058 1820,1068 1835,1065 1831,1008 1779,1022 1754,1018 1729,999 1712,1000 1698,990 1664,1006 1622,1005"/>
                <Baseline points="1631,1070 1659,1067 1687,1065 1715,1062 1744,1060 1772,1058 1800,1058 1829,1058"/>
                <TextEquiv>
                    <Unicode>de</Unicode>
                </TextEquiv>
            </TextLine>
            <TextLine id="r4l9" custom="readingOrder {index:8;}">
                <Coords points="1442,1134 1452,1128 1472,1126 1478,1117 1488,1116 1507,1095 1513,1099 1519,1093 1527,1097 1555,1078 1549,1051 1526,1046 1515,1052 1497,1049 1480,1056 1457,1085 1445,1081 1431,1087"/>
                <Baseline points="1440,1104 1467,1102 1495,1094 1522,1087 1550,1079"/>
                <TextEquiv>
                    <Unicode>g en</Unicode>
                </TextEquiv>
            </TextLine>
            <TextLine id="r4l10" custom="readingOrder {index:9;}">
                <Coords points="1443,1180 1675,1119 1707,1139 2225,1083 2209,1036 2047,1072 2018,1048 1879,1049 1837,1085 1666,1072 1552,1124 1438,1131"/>
                <Baseline points="1445,1151 1483,1147 1522,1142 1561,1138 1599,1133 1638,1129 1677,1125 1715,1120 1754,1117 1793,1113 1832,1108 1870,1105 1909,1100 1948,1097 1986,1094 2025,1090 2064,1087 2102,1082 2141,1079 2180,1076 2219,1073"/>
                <TextEquiv>
                    <Unicode>syner eheluben gebürt und harkames,</Unicode>
                </TextEquiv>
            </TextLine>
            <TextLine id="r4l11" custom="readingOrder {index:10;}">
                <Coords points="1402,1225 1515,1190 1644,1204 1825,1170 1900,1192 1966,1151 2148,1146 2145,1114 2051,1100 1974,1133 1907,1106 1848,1142 1675,1119 1624,1165 1575,1140 1399,1185"/>
                <Baseline points="1406,1209 1442,1205 1479,1200 1516,1195 1553,1191 1590,1186 1626,1183 1663,1179 1700,1176 1737,1173 1774,1170 1810,1167 1847,1164 1884,1160 1921,1158 1958,1154 1994,1151 2031,1147 2068,1145 2105,1140 2142,1137"/>
                <TextEquiv>
                    <Unicode>elchen erstes schys, sy mit dem</Unicode>
                </TextEquiv>
            </TextLine>
            <TextLine id="r4l12" custom="readingOrder {index:11;}">
                <Coords points="1446,1286 1590,1232 1805,1210 1870,1242 1925,1202 2219,1191 2213,1116 2047,1179 1964,1152 1908,1191 1755,1174 1657,1207 1544,1189 1440,1219"/>
                <Baseline points="1448,1250 1486,1244 1524,1239 1562,1234 1601,1231 1639,1227 1677,1223 1715,1218 1754,1216 1792,1213 1830,1211 1868,1207 1907,1205 1945,1202 1983,1200 2021,1197 2060,1194 2098,1192 2136,1189 2174,1186 2213,1182"/>
                <TextEquiv>
                    <Unicode>Brohl Büken, illes beanete sein letste</Unicode>
                </TextEquiv>
            </TextLine>
            <TextLine id="r4l13" custom="readingOrder {index:12;}">
                <Coords points="1435,1305 1914,1257 1993,1283 2065,1241 2182,1268 2163,1179 2110,1217 2003,1196 1883,1244 1810,1213 1750,1244 1579,1236 1506,1278 1431,1257"/>
                <Baseline points="1439,1298 1475,1293 1512,1288 1549,1284 1586,1281 1622,1278 1659,1275 1696,1272 1733,1269 1769,1266 1806,1263 1843,1261 1880,1259 1916,1256 1953,1252 1990,1250 2027,1247 2063,1243 2100,1239 2137,1235 2174,1230"/>
                <TextEquiv>
                    <Unicode>teynen ime gegeben, mit tmelchen</Unicode>
                </TextEquiv>
            </TextLine>
            <TextLine id="r4l14" custom="readingOrder {index:13;}">
                <Coords points="1443,1377 1500,1341 1628,1347 1719,1316 1913,1333 2037,1299 2183,1301 2183,1269 2070,1247 1983,1286 1918,1258 1758,1292 1681,1269 1440,1331"/>
                <Baseline points="1446,1344 1482,1338 1519,1334 1556,1329 1592,1325 1629,1322 1666,1319 1702,1316 1739,1313 1776,1310 1813,1308 1849,1307 1886,1304 1923,1303 1959,1301 1996,1300 2033,1298 2069,1296 2106,1295 2143,1292 2180,1289"/>
                <TextEquiv>
                    <Unicode>y denselben von einem burgnuder,</Unicode>
                </TextEquiv>
            </TextLine>
            <TextLine id="r4l15" custom="readingOrder {index:14;} place {offset:8; length:5;}">
                <Coords points="1407,1418 1501,1384 1670,1400 1844,1357 1969,1372 2011,1349 2101,1379 2179,1334 2118,1307 1980,1344 1821,1312 1743,1348 1403,1357"/>
                <Baseline points="1410,1394 1448,1390 1486,1387 1524,1384 1562,1382 1601,1379 1639,1377 1677,1374 1715,1373 1753,1371 1792,1369 1830,1367 1868,1365 1906,1362 1944,1361 1983,1358 2021,1355 2059,1353 2097,1349 2135,1346 2174,1341"/>
                <TextEquiv>
                    <Unicode>per von vigen ein schyn gemhen.</Unicode>
                </TextEquiv>
            </TextLine>
            <TextLine id="r4l16" custom="readingOrder {index:15;}">
                <Coords points="1447,1450 1769,1411 2198,1409 2196,1370 2062,1366 2017,1391 1942,1358 1882,1376 1845,1357 1812,1386 1516,1391 1446,1422"/>
                <Baseline points="1451,1436 1488,1433 1525,1430 1562,1427 1599,1424 1636,1422 1673,1419 1710,1418 1747,1416 1784,1415 1821,1412 1858,1412 1895,1410 1932,1409 1969,1407 2006,1406 2043,1404 2080,1402 2117,1401 2154,1399 2192,1397"/>
                <TextEquiv>
                    <Unicode>uffes alhie erlauget, uberkameh,</Unicode>
                </TextEquiv>
            </TextLine>
            <TextLine id="r4l17" custom="readingOrder {index:16;}">
                <Coords points="1417,1502 1591,1477 1630,1503 1700,1467 1802,1462 1896,1497 1951,1461 2196,1455 2210,1412 2145,1428 2097,1407 2012,1436 1937,1411 1904,1439 1752,1412 1490,1457 1439,1422 1413,1438"/>
                <Baseline points="1421,1487 1460,1483 1499,1480 1538,1476 1578,1474 1617,1471 1656,1469 1696,1467 1735,1465 1774,1464 1814,1462 1853,1460 1892,1459 1931,1457 1971,1455 2010,1454 2049,1452 2089,1449 2128,1446 2167,1443 2207,1439"/>
                <TextEquiv>
                    <Unicode>Besiglet thabnit, ulichsein alswas</Unicode>
                </TextEquiv>
            </TextLine>
            <TextLine id="r4l18" custom="readingOrder {index:17;}">
                <Coords points="1430,1542 1694,1521 1833,1552 2024,1507 2203,1513 2227,1503 2225,1450 2145,1482 1951,1461 1875,1500 1820,1462 1620,1511 1545,1488 1429,1506"/>
                <Baseline points="1434,1535 1473,1531 1512,1529 1552,1526 1591,1524 1631,1523 1670,1521 1709,1520 1749,1518 1788,1518 1828,1517 1867,1517 1906,1515 1946,1515 1985,1514 2025,1513 2064,1511 2103,1510 2143,1507 2182,1505 2222,1502"/>
                <TextEquiv>
                    <Unicode>ud ge ime denselbes zugestelt seltndt</Unicode>
                </TextEquiv>
            </TextLine>
            <TextLine id="r4l19" custom="readingOrder {index:18;}">
                <Coords points="1445,1601 1818,1570 2195,1591 2217,1527 2075,1546 2025,1508 1973,1548 1927,1523 1848,1553 1691,1529 1644,1553 1585,1539 1551,1569 1443,1556"/>
                <Baseline points="1449,1587 1487,1585 1525,1582 1563,1580 1601,1578 1640,1577 1678,1575 1716,1574 1754,1572 1792,1571 1831,1571 1869,1570 1907,1569 1945,1568 1983,1568 2022,1566 2060,1566 2098,1565 2136,1563 2174,1562 2213,1560"/>
                <TextEquiv>
                    <Unicode>deren das einnen einer san er gburgn</Unicode>
                </TextEquiv>
            </TextLine>
            <TextLine id="r4l20" custom="readingOrder {index:19;} person {offset:6; length:15;}">
                <Coords points="1452,1635 1598,1652 1667,1628 1797,1663 1873,1624 1974,1622 2040,1651 2094,1620 2197,1638 2197,1590 2089,1573 1976,1608 1649,1575 1452,1614"/>
                <Baseline points="1457,1637 1493,1634 1530,1632 1567,1629 1604,1629 1640,1628 1677,1626 1714,1625 1751,1625 1787,1625 1824,1625 1861,1623 1898,1623 1934,1623 1971,1623 2008,1623 2045,1623 2081,1622 2118,1622 2155,1621 2192,1620"/>
                <TextEquiv>
                    <Unicode>enant Frantz Jaggimas geschriben,</Unicode>
                </TextEquiv>
            </TextLine>
            <TextLine id="r4l21" custom="readingOrder {index:20;}">
                <Coords points="1452,1698 2166,1672 2227,1690 2226,1645 2035,1655 1875,1624 1796,1663 1598,1664 1554,1642 1452,1680"/>
                <Baseline points="1457,1691 1495,1689 1533,1689 1571,1688 1610,1686 1648,1686 1686,1685 1724,1684 1763,1683 1801,1682 1839,1680 1877,1680 1916,1679 1954,1679 1992,1678 2030,1677 2069,1677 2107,1677 2145,1677 2183,1677 2222,1677"/>
                <TextEquiv>
                    <Unicode>auch den andern gestelt und er ses</Unicode>
                </TextEquiv>
            </TextLine>
            <TextLine id="r4l22" custom="readingOrder {index:21;}">
                <Coords points="1461,1754 2209,1735 2209,1689 2104,1681 2042,1706 1970,1679 1828,1703 1672,1685 1629,1716 1514,1723 1460,1695"/>
                <Baseline points="1466,1737 1502,1737 1539,1737 1576,1737 1613,1737 1650,1736 1687,1736 1724,1736 1761,1734 1798,1734 1835,1733 1871,1733 1908,1731 1945,1731 1982,1730 2019,1730 2056,1728 2093,1728 2130,1727 2167,1727 2204,1725"/>
                <TextEquiv>
                    <Unicode>angge, abgeschriben, von welchem</Unicode>
                </TextEquiv>
            </TextLine>
            <TextLine id="r4l23" custom="readingOrder {index:22;}">
                <Coords points="1456,1792 1679,1780 1736,1815 1827,1782 2030,1772 2094,1800 2231,1798 2231,1764 2136,1722 1846,1763 1555,1768 1505,1737 1456,1762"/>
                <Baseline points="1461,1788 1499,1787 1537,1785 1575,1784 1614,1784 1652,1782 1690,1781 1728,1780 1767,1779 1805,1779 1843,1778 1881,1778 1920,1778 1958,1778 1996,1778 2034,1779 2073,1779 2111,1781 2149,1781 2187,1782 2226,1784"/>
                <TextEquiv>
                    <Unicode>aber er verfaugne allein s k über</Unicode>
                </TextEquiv>
            </TextLine>
            <TextLine id="r4l24" custom="readingOrder {index:23;}">
                <Coords points="1441,1858 1450,1860 1459,1855 1469,1862 1490,1857 1511,1844 1541,1852 1549,1848 1558,1854 1566,1848 1576,1850 1576,1820 1551,1821 1541,1814 1523,1820 1476,1790 1460,1793 1452,1787 1447,1793 1440,1791"/>
                <Baseline points="1445,1844 1470,1837 1495,1836 1520,1837 1545,1839 1571,1838"/>
                <TextEquiv>
                    <Unicode>kanen,</Unicode>
                </TextEquiv>
            </TextLine>
            <TextLine id="r4l25" custom="readingOrder {index:24;}">
                <Coords points="1431,1943 1723,1921 1785,1943 1819,1919 1925,1948 2007,1924 2082,1950 2120,1925 2203,1941 2225,1932 2225,1848 2009,1883 1835,1857 1762,1899 1673,1873 1620,1902 1529,1853 1431,1855"/>
                <Baseline points="1436,1923 1475,1923 1514,1925 1553,1925 1592,1925 1632,1923 1671,1923 1710,1922 1749,1922 1788,1921 1828,1920 1867,1920 1906,1920 1945,1920 1984,1920 2024,1920 2063,1922 2102,1923 2141,1925 2180,1929 2220,1932"/>
                <TextEquiv>
                    <Unicode>betreffent die 3 faltsch handschrifft</Unicode>
                </TextEquiv>
            </TextLine>
            <TextLine id="r4l26" custom="readingOrder {index:25;}">
                <Coords points="1455,1994 1827,1965 1931,1988 2017,1970 2140,2005 2184,1973 2243,1976 2243,1920 2191,1952 2077,1957 2007,1924 1925,1948 1723,1921 1646,1960 1455,1932"/>
                <Baseline points="1460,1973 1498,1971 1537,1971 1576,1971 1615,1973 1654,1973 1693,1973 1732,1974 1771,1976 1810,1976 1849,1977 1887,1977 1926,1979 1965,1979 2004,1979 2043,1979 2082,1979 2121,1977 2160,1976 2199,1974 2238,1971"/>
                <TextEquiv>
                    <Unicode>lute die erste uf eisen besehranger</Unicode>
                </TextEquiv>
            </TextLine>
            <TextLine id="r4l27" custom="readingOrder {index:26;} place {offset:22; length:6;}">
                <Coords points="1421,2043 1551,2023 1594,2054 1749,2022 1781,2053 1852,2054 1930,2019 2058,2060 2138,2025 2233,2037 2233,1981 2171,2009 2016,1972 1916,2004 1810,1971 1758,2005 1551,1975 1422,2008"/>
                <Baseline points="1427,2028 1467,2024 1507,2022 1547,2021 1587,2019 1627,2019 1667,2018 1707,2019 1747,2019 1787,2021 1827,2022 1867,2023 1907,2024 1947,2025 1987,2027 2027,2028 2067,2028 2107,2028 2147,2028 2187,2028 2228,2027"/>
                <TextEquiv>
                    <Unicode>des h predweichten zu Bathen umb</Unicode>
                </TextEquiv>
            </TextLine>
            <TextLine id="r4l28" custom="readingOrder {index:27;} person {offset:24; length:7; continued:true;}">
                <Coords points="1443,2088 1598,2064 1806,2096 1951,2073 2231,2086 2231,2063 2126,2035 2050,2061 2016,2028 1910,2022 1811,2057 1749,2022 1676,2055 1522,2025 1444,2044"/>
                <Baseline points="1448,2073 1486,2072 1525,2070 1564,2069 1603,2069 1642,2069 1681,2069 1720,2069 1759,2070 1798,2070 1837,2072 1875,2072 1914,2073 1953,2075 1992,2076 2031,2077 2070,2078 2109,2079 2148,2079 2187,2079 2226,2079"/>
                <TextEquiv>
                    <Unicode>9 l das die andere uf h Hans an</Unicode>
                </TextEquiv>
            </TextLine>
            <TextLine id="r4l29" custom="readingOrder {index:28;} person {offset:0; length:22; continued:true;}">
                <Coords points="1456,2129 2264,2151 2265,2101 2172,2124 1950,2072 1841,2114 1783,2081 1628,2092 1600,2064 1505,2097 1458,2080"/>
                <Baseline points="1461,2120 1500,2120 1540,2118 1580,2118 1620,2119 1660,2120 1700,2121 1740,2123 1780,2124 1820,2127 1860,2129 1899,2130 1939,2133 1979,2135 2019,2136 2059,2138 2099,2139 2139,2141 2179,2141 2219,2141 2259,2141"/>
                <TextEquiv>
                    <Unicode>thai veos Graffenriedt altos landt</Unicode>
                </TextEquiv>
            </TextLine>
            <TextLine id="r4l30" custom="readingOrder {index:29;} place {offset:8; length:8;}">
                <Coords points="1467,2177 1665,2175 1714,2215 1830,2221 1908,2185 2021,2211 2123,2192 2216,2229 2257,2223 2260,2160 2017,2135 1713,2151 1676,2123 1550,2112 1468,2156"/>
                <Baseline points="1473,2169 1512,2170 1551,2172 1590,2174 1629,2175 1668,2177 1707,2178 1746,2181 1785,2183 1824,2184 1863,2186 1902,2188 1941,2190 1980,2192 2019,2193 2058,2195 2097,2197 2136,2199 2175,2201 2214,2202 2253,2204"/>
                <TextEquiv>
                    <Unicode>vogt zu Granderg umb 35l und </Unicode>
                </TextEquiv>
            </TextLine>
            <TextLine id="r4l31" custom="readingOrder {index:30;} person {offset:5; length:14;}">
                <Coords points="1458,2235 1522,2256 1595,2223 1672,2261 1723,2232 1842,2240 1888,2278 1977,2247 2048,2295 2118,2258 2228,2273 2230,2244 2174,2203 2098,2240 1948,2190 1877,2227 1704,2215 1672,2181 1460,2204"/>
                <Baseline points="1464,2225 1503,2225 1543,2225 1583,2226 1623,2228 1663,2229 1703,2231 1743,2233 1783,2235 1823,2237 1863,2240 1903,2243 1943,2246 1983,2250 2023,2252 2063,2256 2103,2259 2143,2262 2183,2266 2223,2270"/>
                <TextEquiv>
                    <Unicode>uf h matheum knecht, alten vogt zw</Unicode>
                </TextEquiv>
            </TextLine>
            <TextLine id="r4l32" custom="readingOrder {index:31;} person {offset:0; length:8;}">
                <Coords points="1467,2293 1523,2285 1588,2318 1634,2287 1739,2286 1777,2323 1874,2293 2210,2342 2270,2337 2273,2296 2206,2303 2168,2270 2127,2298 2018,2268 1899,2282 1834,2240 1778,2269 1716,2240 1677,2269 1620,2230 1469,2268"/>
                <Baseline points="1473,2277 1512,2277 1552,2279 1591,2280 1631,2281 1671,2283 1710,2285 1750,2286 1789,2289 1829,2292 1869,2295 1908,2297 1948,2301 1987,2305 2027,2307 2067,2311 2106,2315 2146,2319 2185,2323 2225,2327 2265,2331"/>
                <TextEquiv>
                    <Unicode>rlachem6 40 l, welche drets</Unicode>
                </TextEquiv>
            </TextLine>
            <TextLine id="r4l33" custom="readingOrder {index:32;}">
                <Coords points="1476,2344 1640,2330 1743,2363 1836,2344 2007,2393 2194,2395 2238,2372 2240,2339 2010,2332 1966,2301 1899,2330 1839,2292 1780,2324 1672,2287 1586,2318 1479,2300"/>
                <Baseline points="1482,2328 1519,2328 1557,2330 1594,2331 1632,2333 1669,2334 1707,2337 1744,2339 1782,2342 1819,2345 1857,2348 1894,2351 1932,2354 1969,2357 2007,2360 2044,2363 2082,2367 2119,2370 2157,2373 2194,2376 2232,2379"/>
                <TextEquiv>
                    <Unicode>er mit seinh knechtsnütschier, das</Unicode>
                </TextEquiv>
            </TextLine>
            <TextLine id="r4l34" custom="readingOrder {index:33;}">
                <Coords points="1488,2377 1890,2404 2065,2452 2102,2428 2209,2452 2288,2433 2292,2384 2069,2404 1989,2397 1947,2359 1862,2386 1650,2331 1490,2350"/>
                <Baseline points="1493,2375 1532,2375 1572,2376 1611,2378 1651,2381 1690,2384 1730,2387 1769,2391 1809,2395 1848,2400 1888,2405 1927,2409 1967,2414 2006,2418 2046,2422 2085,2425 2125,2427 2164,2430 2204,2431 2243,2432 2283,2432"/>
                <TextEquiv>
                    <Unicode>er ab einem vrkundt, welches er zur</Unicode>
                </TextEquiv>
            </TextLine>
            <TextLine id="r4l35" custom="readingOrder {index:34;}">
                <Coords points="1481,2442 1587,2422 1713,2455 1998,2467 2050,2499 2142,2471 2193,2505 2276,2485 2280,2439 2133,2463 1997,2431 1925,2444 1892,2411 1485,2388"/>
                <Baseline points="1487,2423 1526,2423 1565,2424 1604,2427 1643,2430 1683,2432 1722,2436 1761,2439 1800,2444 1839,2448 1879,2452 1918,2457 1957,2460 1996,2466 2035,2469 2075,2473 2114,2477 2153,2478 2192,2481 2231,2483 2271,2483"/>
                <TextEquiv>
                    <Unicode>zeit synes geherten ennger angef</Unicode>
                </TextEquiv>
            </TextLine>
            <TextLine id="r4l36" custom="readingOrder {index:35;}">
                <Coords points="1483,2481 2242,2546 2246,2492 2220,2487 2186,2506 2088,2478 2054,2499 2004,2467 1914,2484 1864,2455 1643,2453 1584,2422 1486,2443"/>
                <Baseline points="1488,2475 1525,2477 1563,2478 1600,2480 1638,2483 1675,2486 1713,2487 1750,2492 1788,2495 1825,2498 1863,2501 1900,2505 1938,2508 1975,2512 2013,2516 2050,2519 2088,2522 2125,2526 2163,2529 2200,2532 2238,2535"/>
                <TextEquiv>
                    <Unicode>erlahiet und ernamen, vritschiert,</Unicode>
                </TextEquiv>
            </TextLine>
            <TextLine id="r4l37" custom="readingOrder {index:36;}">
                <Coords points="1484,2518 1825,2549 1913,2589 1963,2566 2269,2603 2282,2562 2240,2542 2158,2568 2085,2533 1942,2539 1767,2489 1569,2501 1488,2477"/>
                <Baseline points="1488,2519 1527,2522 1566,2525 1605,2527 1645,2531 1684,2535 1723,2538 1763,2543 1802,2547 1841,2552 1881,2556 1920,2560 1959,2565 1998,2570 2038,2574 2077,2578 2116,2582 2156,2586 2195,2590 2234,2593 2274,2597"/>
                <TextEquiv>
                    <Unicode>habe, aber disen allen alleinseine die</Unicode>
                </TextEquiv>
            </TextLine>
            <TextLine id="r4l38" custom="readingOrder {index:37;}">
                <Coords points="1482,2574 1737,2581 2075,2646 2130,2625 2220,2650 2250,2626 1991,2573 1923,2594 1817,2548 1589,2554 1488,2518"/>
                <Baseline points="1488,2564 1525,2565 1563,2568 1601,2571 1639,2575 1676,2577 1714,2581 1752,2585 1790,2590 1827,2594 1865,2599 1903,2603 1941,2607 1978,2613 2016,2616 2054,2620 2092,2625 2129,2629 2167,2633 2205,2637 2243,2640"/>
                <TextEquiv>
                    <Unicode>andern abzesagter hrnburgersen</Unicode>
                </TextEquiv>
            </TextLine>
            <TextLine id="r4l39" custom="readingOrder {index:38;}">
                <Coords points="1496,2621 1667,2622 1723,2654 1757,2634 1878,2645 2076,2675 2115,2708 2239,2691 2241,2669 2177,2646 1957,2643 1862,2598 1502,2568"/>
                <Baseline points="1503,2603 1539,2606 1576,2610 1612,2614 1649,2618 1685,2623 1722,2628 1758,2632 1795,2637 1831,2642 1868,2647 1905,2652 1941,2657 1978,2662 2014,2666 2051,2672 2087,2675 2124,2679 2160,2683 2197,2686 2234,2688"/>
                <TextEquiv>
                    <Unicode>schriben und undrschrile diren des vn g ein</Unicode>
                </TextEquiv>
            </TextLine>
            <TextLine id="r4l40" custom="readingOrder {index:39;}">
                <Coords points="1488,2643 1567,2676 1669,2673 1764,2722 1909,2704 2039,2750 2075,2732 2256,2752 2227,2687 2132,2710 1877,2645 1822,2678 1759,2644 1712,2658 1667,2622 1494,2600"/>
                <Baseline points="1494,2642 1533,2649 1573,2657 1613,2664 1653,2670 1693,2677 1733,2683 1773,2689 1813,2695 1853,2700 1893,2705 1933,2710 1973,2715 2013,2720 2053,2723 2093,2726 2133,2730 2173,2733 2213,2736 2253,2738"/>
                <TextEquiv>
                    <Unicode>und jetz gedahther dr vburg die andern</Unicode>
                </TextEquiv>
            </TextLine>
            <TextLine id="r4l41" custom="readingOrder {index:40;}">
                <Coords points="1483,2715 1498,2724 1531,2704 1594,2699 1639,2705 1656,2725 1688,2738 1725,2728 1728,2697 1698,2697 1668,2673 1645,2678 1614,2670 1598,2679 1580,2670 1557,2677 1512,2643 1504,2650 1490,2644"/>
                <Baseline points="1490,2694 1515,2693 1541,2693 1567,2694 1592,2698 1618,2702 1644,2705 1669,2709 1695,2712 1721,2715"/>
                <TextEquiv>
                    <Unicode>zwo habe,</Unicode>
                </TextEquiv>
            </TextLine>
            <TextEquiv>
                <Unicode>70
terung sebe
Andol Großen
ah ufgeaihte
ttet uff sein
elches verbriennen
ein zugaut
de
g en
syner eheluben gebürt und harkames,
elchen erstes schys, sy mit dem
Brohl Büken, illes beanete sein letste
teynen ime gegeben, mit tmelchen
y denselben von einem burgnuder,
per von vigen ein schyn gemhen.
uffes alhie erlauget, uberkameh,
Besiglet thabnit, ulichsein alswas
ud ge ime denselbes zugestelt seltndt
deren das einnen einer san er gburgn
enant Frantz Jaggimas geschriben,
auch den andern gestelt und er ses
angge, abgeschriben, von welchem
aber er verfaugne allein s k über
kanen,
betreffent die 3 faltsch handschrifft
lute die erste uf eisen besehranger
des h predweichten zu Bathen umb
9 l das die andere uf h Hans an
thai veos Graffenriedt altos landt
vogt zu Granderg umb 35l und 
uf h matheum knecht, alten vogt zw
rlachem6 40 l, welche drets
er mit seinh knechtsnütschier, das
er ab einem vrkundt, welches er zur
zeit synes geherten ennger angef
erlahiet und ernamen, vritschiert,
habe, aber disen allen alleinseine die
andern abzesagter hrnburgersen
schriben und undrschrile diren des vn g ein
und jetz gedahther dr vburg die andern
zwo habe,</Unicode>
            </TextEquiv>
        </TextRegion>
    </Page>
</PcGts>
