2448 3264
379 536 1214 727 Nach vollendung dr 2 jahren sye ein also
513 602 1202 751 mit anzogner syner ehetrowwen iue
518 626 1228 791 land umbher zogen und sich biß anheio
524 697 1222 842 amot derselben und ihrem ehidt, theils
505 743 1240 882 mit zhüren wercken und theills auch
522 793 1243 914 mit allmußen wonschen fürgebracht, wie
536 833 1194 962 e dann auch uenderde� einem züren
510 881 936 972 zu zeugen gedienet,
455 942 1227 1116 Allein habe er sich ußfangers noth.
486 1040 1235 1159 mit gienach gemelten fiebstälen.
485 1072 1239 1212 and zu griffen, leicher Sgiften
470 1141 1246 1277 Anlangendt für daßerste weie
493 1225 1232 1320 zum uensten zu shoffen in einem
480 1273 1263 1387 seycher ersashede worden, sye es
498 1323 1241 1428 also er gangen, daß er umb kilt
487 1381 1244 1481 zyt scon in synem lager gsin sye
502 1427 1246 1533 eie wider vfgestanden, In die Tughe
503 1495 1269 1588 gangen daselbsten ein liecht angezüntten
510 1545 1254 1637 und mit gensellen in den spychen
512 1591 1261 1688 n welcher zme der sglilßel gesteget
493 1643 1252 1729 ferang und hahte uß demselben ein
533 1672 873 1724 egungen und zur
876 1681 908 1708 1
504 1692 1230 1763 Eecettn irßen nemmen wellen.
504 1731 870 1766 oigeeren uoro
497 1739 1192 1796 gelcktt zu unde dere sin frauw
525 1779 990 1828 ernges zu gung gane
495 1808 705 1898 geheßen,
490 1880 1248 1973 Irmerarklerne ditf einessynes
528 1947 1026 1989 ainman juoeen mit zuf
484 1952 1244 2026 alelaner tagearnamnet sen erand
501 1997 985 2048 gesanen gungg gemung
491 2007 1237 2082 nit khenne weder geselben faugene
501 2061 1233 2145 nach habe er ein bruder zer dißen
491 2109 1230 2179 ytter an der scant unbeie a
499 2104 1197 2200 soso nswrr ognen geberdtund g
487 2159 1219 2242 anbrittet habe und matzgs heite
464 2178 1215 2299 droben zu Haßlr uß eiein kllen, heren
467 2238 1238 2343 berurder syn gehian geoffnet, welh
484 2284 1224 2407 ehan gstalten aber ehr söllices
482 2327 1221 2460 gethan, sye ime nit bewucht, zegen
489 2377 1239 2513 hreber genommen und dieselben sampt
464 2418 1223 2563 ihr beid wyber mit einaudern
475 2486 1191 2618 geßen dan jederem 5 worden
1341 652 1378 708 5.
1427 538 2252 719 Item zu Giglen erselbs uß einem gach-
1460 596 2211 775 offfen ein leib breutt genommen, vnd
1455 654 2160 819 denselben mit sampt syner frauwen
1465 749 1918 856 und dem khindtgaßen.
1405 796 2224 972 Schruners habe abermalen vermeter
1445 846 2227 1020 syn gspan tagg, welcher unlangett ußen
1436 898 2226 1063 herwg kham, ein par zwilchin hoßen
1445 949 2223 1091 end wyße gaasagen trage, auch ei
1454 1002 2208 1132 olhes zharettli habe und ber dans
1458 1045 2251 1180 mit einem stäckern Soldaten wyß umbherr
1448 1121 2165 1250 s�che und daß allmüßen vordere zu
1441 1149 2234 1296 Schwanden im emnentholl by Ruders
1475 1204 2222 1338 egen ein kellergeoffnet, Harnß Sy
1443 1265 2214 1375 leid 6 brott genommen und dieselbent
1451 1328 1942 1444 ampt den Ihrigen geeßen.
1433 1447 2192 1555 Obermalen einer von Hochstetth, In
1440 1518 2184 1601 einem dauff welches er nit namsen
1439 1575 2150 1655 chönne uß einem durch berurtten
1439 1630 2141 1713 er gspanen geoffneten eller
1443 1671 1917 1760 etliche brott genommen.
1401 1784 2200 1906 ober diß habe ei sich noch auch (jedoch
1445 1827 2209 1957 lediger wyß) mit einer gwüßen
1446 1889 2156 1983 aber ime vnbeschandten liknen
1457 1932 2203 2042 in unschmnschheide setrabt und sonst
1449 1979 2207 2102 antz nittrychers weder mit
1451 2027 2219 2146 iebstellen noch Crederenter eid
1449 2087 1898 2184 meyen verhündiget
1372 2154 2137 2336 Bitter also hochgracht under gantz
1441 2250 2090 2370 glechenlich vnd demuttig vmb
1457 2284 2174 2430 nard und verzychung und vermeldet
1454 2341 2134 2490 In daskhünfftig gewaltigkelichh zu
1440 2394 1680 2481 Werchen
1445 2463 2149 2643 f mal war 1 mal mit dem
1457 2535 2207 2729 klenen stein und 2 mit 2 steinen
1468 2588 1810 2690 zag(ward.
1401 2629 2204 2816 Ist mit dem Ehilene stiet unnd
1790 2737 1917 2785 er e
1378 2690 2019 2846 stand verwezen worden
