2448 3264
354 578 395 654 C
445 553 1241 711 unnd wleysteren, theills alhie in der se
485 611 1223 760 und theills un Jarthalb znannen beüffen
487 648 1235 779 und fürohin sich wyters äherlich und
496 694 1000 783 endlich zuhalten begere,
475 747 1213 877 Ist damalen zum ersten lär zum
515 790 1233 912 sanderen mal mit dem kleinenstein
488 834 1176 930 vnd zum deitem ml mitt
502 868 1217 980 zweyen steinen uffzogen wordenn.
483 935 1236 1063 b wellcher daß gesagten Hans Jacob
510 1002 1207 1098 deeren bekandtnus hochgeacht ung
503 1030 1237 1136 nit komen wöllen, sonders benolhl
510 1079 1248 1171 denselben wybers, mit nothwendiger
516 1115 1251 1200 marter zu frogen, wellches dann
527 1151 1251 1235 geschechen und er Hans Jacob Danale
507 1191 736 1261 verzächen
537 1252 1245 1337 as er S. Sammel Fröndenrich hieuor
555 1317 1241 1370 jemalt uber den hienorbe keüren,
529 1335 1244 1415 auch noch einanderen Diebethum
540 1379 1238 1446 genomen sye Ime aber wider wor¬
525 1453 1214 1521 Intreffend demnach sin rtrue
539 1512 1250 1575 vom Venuli, sye es deßelbenhallen
533 1547 1248 1604 also beschaffen, allls ir Veinlinn
544 1588 1240 1664 Saphosy in dem quartier gelogen
539 1626 1225 1687 habind Iren sachs knechten vonn
551 1666 1251 1724 daumen in tein Stetel brodt zu¬
536 1691 1229 1758 kouffen, reiten wollen, vnd vber
543 1741 1244 1809 ein brugg gan muten, dawer
540 1797 1211 1840 dieselbe vnder Iumn gebrochenn
623 1802 1243 1887 sy all seichs in das waßer gefalle
533 1845 1247 1920 in wellchem anhetlich erseintken
536 1889 1250 1967 alls abr etlich wider herns kome
1041 1932 1239 1966 a mine
526 1938 971 2006 habe eine gefangen
650 1961 1236 2035 alben, so von Risen sye uffge
540 1983 1248 2088 Wigglet vom nennlien zewychen,
534 2038 1257 2117 mit vermelden, man nie vernge
528 2064 1257 2160 weder dey monat, zu dienn suld
571 2108 1238 2205 ye, wellchem er also us gehaptem
560 2134 1246 2251 grolben hunger gefolget, vnd feaut
526 2179 1256 2284 von dem vendli wider heim gezogen
524 2244 1253 2368 Ist abermalen zum ersten lär zun
1073 2291 1116 2337 s
828 2293 1033 2354 dm blase
567 2333 812 2385 den mit
522 2319 1231 2420 weieren mit zweyen steinen vn¬
526 2358 1232 2468 melm vierten mac mit der
571 2395 1177 2496 ainen vffzogen, vnd haruf
544 2417 1211 2549 17. Augusti 1650 jars mit
548 2478 619 2526 a
527 2460 1211 2605 ruthen vzgeschmeitzt H bezeig
695 2489 1218 2623 byßt von sichgenhte
508 2558 1148 2691 stare und landen vwisen
1175 2604 1238 2664 agen
511 2599 1177 2749 Wylen aber überdie, disser gefor
518 2644 1252 2806 Hans Jacob verschiner wuhen ai
1271 922 1322 980 u
1309 957 1360 1013 n
1415 553 2181 701 zu frauwen Cappelen by einem
1442 602 2159 726 inem gesallen, Ulli Rüzlig von
1401 629 2148 781 hefftigen, trast urgwanger wy¬
1433 683 2168 813 ergriffen, alls ist er derowegenn
1431 709 2194 854 abermalen gefangen alhar gefüt
1366 757 2165 907 und vo rg bemelch uff dem 18 tag
1432 788 2213 923 sig monats wlegens und 165t jars
1421 826 2196 962 alhie zu Warzel durch die ehe-
1438 875 2176 998 renuesten shromen, Furnemmenn
1432 891 2200 1040 fürsichtigen wolgeachten, wysen herren
1466 942 2173 1078 JoHans Wyss deg klainen shats
1434 996 2195 1118 dinlichel wagner der Würgeren
1421 1030 2217 1152 und h grosweibelhrutig, in by syn
1445 1066 2129 1188 tlicher weiblin hochgeacht utg
1427 1103 2148 1226 dieneren, alles yffers, vnd ernster
1431 1146 2189 1262 bfragt und excaminert worden.
1424 1196 2222 1300 daselbsten er sine hievorgeschribnen
1426 1229 2054 1328 zekandtungen, vuthaten, r
1445 1265 2196 1357 vrbrachte Diebstal widerumb be¬
1442 1305 2156 1394 kene und an der wrlarter erhalten
1431 1328 2243 1430 und bestätiget, hieneben auch angezeigt
1445 1390 2199 1467 das er nit veernere rnthaten bgonen
1442 1409 2201 1506 habe, daruf sterben und genese wolle
1436 1429 2231 1535 rsgenomen, das er den zwe gegebnen
1451 1483 2243 1574 Eydt übertrewen sye aber ime treffen
1457 1530 2224 1597 lichen leid, vnd rohr vngetar emen
1458 1557 2189 1638 onat geschechen, alls ars zu sine
1432 1598 2225 1672 nhuter gat winig, so Eiethalben
1458 1650 2206 1698 eer Abdineret, reiten wollenn
1445 1656 2221 1740 sunsten habe er sich sier siner vrwys
1462 1716 2176 1787 ung, allezyt zu Gosek und or
1443 1750 2186 1820 iin wargrafenland uffgehalten
1454 1793 2155 1844 nd alda mit eherlicher arbene
1456 1834 2162 1894 furgebracht, wie Ime dan
1437 1865 2203 1919 vfff elmmal zwen Landtmonnen
1449 1903 2195 1979 Im Mlargrafen land, sachs kronen,
1452 1939 2158 1991 die er Inen mit aebtiten in em
1440 1986 2235 2048 kaan abgewunnen, bezalt habend ec.
1422 2019 2235 2099 Item ouch mit wetzsteinen tragen.
1431 2055 2259 2146 deren er vff einmel 150 ganFrybng
1437 2101 2215 2172 getragen und daselbsten umb 2 l
1437 2129 1652 2192 verkoufft,
1426 2173 2146 2264 Was den angezeigten Dietrich
1452 2230 2251 2322 antreffe, habe er von dem helben mitzit
1467 2273 2197 2353 gewüst, sonders sye by obntermolten
1470 2296 2186 2390 illi sihlig sinsem ußgerisnen
1470 2334 2263 2453 esellen fünden worden, mitwelchen
1465 2384 2178 2460 er allen by den 10 tagen dahan
1455 2410 2194 2499 uubher gezogen, vnd weder mie
1452 2440 2253 2543 demselben noch anderen rtzit vore¬
1456 2482 2239 2582 nerst bitzes verbracht, wol aber dieer
1476 2506 2154 2614 in gsell rihtig iane gefangenem
1470 2551 2161 2649 by den 4 lb in mentez wid eine
1462 2575 2230 2699 kentzdieken, den er gewechtlet eür
1464 2618 1755 2712 fröubder habe,
1451 2653 2062 2784 zu Mlurten zwar were
2137 2745 2231 2806 nh
