2448 3264
656 569 870 708 Lud
957 599 1137 721 d e
818 679 1129 782 er vernecht
548 702 1254 890 ß gatt un gden gutt syn befunden, jabe
625 808 1184 931 lychnwol der droben in der sehe
665 857 1235 1003 iller knecht monitz Heini des
600 912 1264 1064 ans Rullis müli imgelegten gafl
606 968 1259 1088 abers halben theils überwisen
603 1023 1258 1169 orden iur zum uberfluß durhn
612 1086 1267 1195 achehrenden heieren zusaherren
612 1143 1275 1243 Burstenberger nilollen ernstwi
603 1202 1276 1321 und by troüiung der marter krh
604 1262 1269 1371 uond umbstendtlich von bethaffene
612 1310 1268 1410 er sach ihn befragen und zus camin
646 1365 1263 1477 sollches ihr ach gutt finden im
636 1435 1271 1530 D5. Decembris Anno 1631 Jur
609 1493 1271 1575 don und wolermelten h zagher
575 1542 1270 1647 In gegenwandt hr großweibt
602 1610 1270 1717 hilliers verrichtet worden dr
624 1659 1286 1760 an anzognen seinen bekhendt und
589 1747 839 1822 s erzeien
590 1827 1287 1955 aß nach dem er by Hanß Roßer dem mnler
608 1910 1286 2032 zu Buell gedienet und ime zie mul
587 1969 1296 2106 Domalen zum anderen mol mit guete
598 2006 1290 2142 aber entw�stet und verderbt worden.
576 2065 1298 2216 hergstalten deß einem mals herlulisten
586 2113 1283 2304 zeohnfeungen und inne an synem lyß
584 2183 1298 2344 (.Wie er jan die Malzengen nachhabte,
590 2251 1288 2403 beschediget, habe er den zweyffell
602 2277 1294 2449 elfen verw�stung uff Christen und
590 2344 1300 2511 man Han� Rubis müller gnen et
564 2419 1298 2554 Worffeh und Jahar versach genomen
551 2455 1305 2642 fanr zun eiman ein solles gethun
556 2511 1307 2668 Deß wegen gannt Gfellern vor
576 2556 1303 2738 auß eir thalb fahren in Frülings zu
535 2611 1229 2840 gecsagen bass
2063 506 2156 594 68
1389 654 2185 833 nei aber zu kauften, den ime etwan
1395 734 2186 890 einer erbs groß zugebracht, welchese
1396 785 2174 950 auch im Hans Rubis wüli geworffe
1373 842 2231 1003 daß er aber ime Gfellenen wylhen
1389 900 2206 1048 bewelch geben, Ime mehr zukrauffen
1392 951 2223 1118 thöne und wude er ich sheides wegs
1399 1006 2208 1149 guneihmen, sie habe auch angerunket
1401 1043 2225 1214 enerkeselber zu teinem boßen und vndt
1402 1131 2210 1285 Iontenb in Rabes Mulli gelegt sonder
1415 1195 2206 1312 allei gedachtem müllerknecht eie
1412 1266 2129 1376 Goßen, wie Ime auch bewiße
1382 1326 2177 1438 worden, dardurch zuerzeige,
1404 1370 2239 1510 Gabet geßwegen Bßugden gantz trungen
1411 1471 2207 1575 lich. die wsollinde ime sollichen synen
1388 1532 2227 1650 fähler im höcsten nit  gedeneren
1415 1579 2207 1706 sonders gnädigktlichen vergeben und
1430 1680 1683 1768 nach laßen.
1392 1754 2216 1877 ost den 7. decemb Ano 163t von hie
1432 1837 2220 1940 obgeschribnen synes Hochen verbrechens
1423 1897 2171 1996 wegsen zsen monat lang in
1433 1954 2149 2060 das gemeine werck ersehendt
1438 2012 2205 2123 worden, Wie ouch noch vber diß
1364 2008 1447 2107 2
1427 2077 2296 2189 Ime zur straff 400 lb den
1453 2136 2286 2235 fferlegt, welche eie vor vmn
1457 2194 2288 2319 ehr syner erberation mignem hochehren
1437 2254 2293 2361 herren holleren alß inspectoren
1464 2305 2260 2437 iers wercks zu landen ihr gnaden
1457 2383 1791 2476 erleggen soll s.
