2448 3264
594 637 1256 769 wylle verge�en, daß er einmal dem
593 694 1246 823 thaer daselbsten im spittall uß dem
588 734 1253 886 hutter kasten2 maß hatter deß ander
598 811 1249 939 nals den heieren selbs dß dem haben
586 861 1249 1002 huß, darein er zum hetter hini gestigt
586 911 1248 1036 mäß haben, zum drittenmal aber
564 986 1259 1102 uß dem spycher amaß und zum viert
588 1037 1267 1148 fal auch uss seie spychen by den
585 1092 1250 1209 72 mahen habers genommen, welches
604 1154 1230 1251 aber so er deß ersten und lethen
599 1218 1248 1302 mals genomen, sye dem zwider
612 1276 1247 1344 worden, den anderen aber so sibenman
600 1318 1258 1410 gsein, habe ime gesagter vn luuner
594 1377 1236 1475 wdes maß umb et. h abgeschaufft,
600 1426 1269 1509 sy hers habe er Vehrliners auch einen
573 1495 1262 1571 Oberlender zwey thucher voll häüw
534 1545 1258 1623 von deß spittallsgauw und dem gewes
580 1597 1247 1664 nen wirdt zum secht ein sack woll
576 1639 1254 1725 jedes thuch umb 4 ß und den sach voll
589 1703 1250 1781 umb maßwysen verkhauffen und
586 1764 902 1842 nit wythers.
603 1842 1253 1936 �sen gesellschafft, habe er sich nemnalen
592 1919 852 1991 angenomten.
563 1968 1271 2073 Bittet deßwegen lachgenampt vnge
531 2044 1262 2151 umb genädige verzychung, dann er
598 2094 1270 2191 welle sich die gaß sehunfftig noch vernen
558 2149 1265 2260 wie hienor geschechen, ehrlich mitt
557 2219 1027 2313 werchen fürbring
520 2272 1280 2419 Ist 1 fär uffzogen worden und genag
512 2321 1277 2452 der ander stein zum schreiben angeen
588 2413 898 2504 bunden word
585 2430 1249 2570 hatt off ein scharpffe Warnung
542 2514 1100 2632 die ledigung vberkomen
1347 976 1402 1065 3
2095 535 2138 584 34
1403 577 2075 716 Simen Hoffer vonn
1514 617 2056 725 Gstermundigen, vnnd
1483 661 2071 763 Wadle Bällmundt, von
1473 682 2140 796 Merchligen, Ehgegemeihelde
1760 739 2212 855 habend gesterigen
1499 811 2223 887 das beneld ritis 1631 bars
1440 867 1721 940 tags den 27.
1433 848 2210 991 die eherenuesten, fromen, für-
1442 886 2185 1000 sichtigen wolgeachten, wy seine
1450 910 2228 1048 h daniel von Weerdt, dess klein.
1445 944 2211 1060 ei schats und h Grotweybell
1447 986 2243 1099 frütig, die droben in der gefange,
1458 1031 2231 1136 schafft enthaltenen simon dfer
1451 1068 2196 1172 von Ostgemundigsen und madle
1446 1105 2161 1191 vällmende von urberchligenn
1439 1135 2237 1253 ehegemechelde wegen ires gehepten
1445 1162 2225 1278 ergerlichen ynzugs, handels, vnnd
1441 1213 2206 1310 wundels, wie auch Zweyer von
1451 1254 2217 1350 dem diger trgen gefencklich alhar
1449 1281 2228 1393 gebrachten Jacob Grab von Remt
1451 1328 2219 1429 geouffter Schaaffen, vnd anderen
1451 1368 2237 1449 Conuersuon, so sy villicht mitemnan
1445 1391 2255 1479 eren mochtend gehept haben  Allhie
1439 1439 2195 1516 zu Wlarvili alles yffers ein
1449 1482 2206 1566 ernstes wie aach by troiwung
1461 1513 2226 1589 der iarter geccamimert, vnnd
1460 1559 2146 1620 befragt, wellche dann nitzwt
1467 1601 2234 1665 ders, weder das hienachgemelte,
1454 1645 1794 1704 bekennen wollen
1575 1686 1691 1752 allls
1446 1714 2194 1803 erstlich simon Höfer der man
1472 1779 2201 1835 Betreffend den gefragten ergeren
1462 1815 2207 1895 ynbug, wige er von demselben
1464 1853 2225 1930 in mnichen weg mit noch auch das
1485 1890 2221 1972 in frouw sich eines sollcheshe ge
1476 1930 2203 1999 bruhe, wiewegl er det einen, vnd
1477 1961 2256 2051 anderen halber tlysige nach forsehnn
1467 2005 2220 2080 gehalten, dann wann er seinliches
1477 2053 2234 2113 erfaren, hate er sich als beted vonn
1472 2073 2238 2156 drr scheiden laßen wollen mann
1485 2113 2266 2218 solle aber ouch nit allein ire bnach
1472 2152 2272 2260 arten, sonders auch die Schantzwecht
1464 2189 2206 2285 wellche sihwe alle wort, so sy zen
1465 2220 2257 2320 irer wonung redindt, thören könnet
1459 2257 2219 2361 Inne werners betreftendt werde
1483 2312 2249 2410 niemandt mitzit rneherlichs, mit
1481 2330 2250 2432 der warheit von Ime reien konen
1484 2362 2193 2474 dann er sich sowegen eherlich mur
1479 2404 2199 2526 redlich verhalten habe und sollches
1515 2447 2199 2533 ich noch wylers thum wolle.
1477 2474 2150 2597 Was neie der zwey gekaufften
1489 2516 2241 2646 schaaf antreffe und berüre, habe
1495 2550 2268 2706 er sspar dieselben von dem obanzeg,
1491 2594 2227 2726 nen auch gefangenen umb 2 l ga
1489 2620 1792 2694 kaufft, vnd dem
1803 2665 2233 2757 elben sion alteree
1488 2664 2224 2792 etwas hieran gewärt, jedoch von der
1502 2694 1720 2763 entfromed.
1741 2734 2216 2840 ug derselben gantz
