2448 3264
555 530 1206 714 Herre Matthart von Wer
538 611 1251 784 un Gestrigens zinstag den
370 645 1240 836 15 x ovembr. ano 163 Ist uß beuelch
449 713 1258 893 B. W gh durch die ehremesten frommen für
390 785 1244 946 nemmen fürsichligen Wysen herren, su
504 868 1237 1023 Villeli Hurtz geß kleinen roths h
506 949 1269 1089 Sebastins Spor der Burgern uns
540 1015 1267 1169 Hanß Anthoni Lillier Großweibell der
526 1082 1276 1223 dieoben in der kesi gfenglicher endthalten
556 1131 1246 1295 Hanß maltsandt von Oberdorff fid
548 1225 1270 1359 amptgung Wallenburg Basell geprts
555 1273 1278 1423 ganttz ernst worttig und mits bewolchner
569 1352 1263 1462 anwendung nach gemelter magtter zu
519 1392 1261 1541 Ranzili Synes angwönigen wüßiggehend,
560 1469 1278 1583 Lobwesens halber Exammers und
569 1543 1275 1685 befragt worden, welcher dann bekheide
558 1629 1258 1754 sind nach wolgende giebstäl begangen
593 1698 1063 1818 zu haben verzeiche,
642 1871 1287 1998 tlichen sye er vor etwas jahren zu
461 1894 638 1981 Ers
519 1942 1295 2042 Froüwenmennen wegen er daselbst zwegbroc
526 1998 1288 2115 ond ein halb mas ancken entzuekt, vengke
564 2045 1290 2180 enzogtworden, habe sich aber uß selbicger gfan
562 2103 1263 2267 schafft selbs gelediget und ußgebrochen,
527 2181 1304 2359 In seine alß er vrschinen Biellerkänt
452 2298 1272 2435 Widerumb nach lache kehilches (alda ei
570 2356 1281 2502 syn frouw ein schuntbettern gelaßen g
516 2406 1301 2558 Wöllen habe er zu Nydauw ihren fry mans
568 2434 1315 2637 personen angetroffen, deren zwen blauw bekleden.
531 2504 1305 2694 Welche er aber mit anders scheine noch nit
550 2593 1304 2732 namen zu namßen wüße, dann das sich deme
533 2646 1293 2822 Züricher namsen, auch mit einem sehran
2060 477 2126 543 65
1329 533 2173 782 Von dreflen vnd wollenenbendlen fur
1403 614 2135 795 land embher Zieche dem dritten Soca
1416 661 2181 836 man nur singer mit dem khauffen
1401 742 2182 887 nammen Jacob genampf, mit welchen
1403 792 2196 960 er von Rydauw enzit gan Bagwyl
1412 849 2173 1013 gangen, daselbsten obgemelte syne ghanmen
1400 913 2193 1068 einem Jhuren In den Spycher gebrocht
1404 993 2169 1127 zue gefangnen aber uff de wacht
1395 1064 2162 1184 gestelt, uß welchem spychen sy ge
1390 1121 2207 1235 namen 100 ellen Ryseir thuch von
1393 1200 2175 1304 welchem sy ime. 20 ellen ihne sin ein
1414 1224 2236 1369 teill geben) wiß er syne jetz anhaben
1403 1302 2134 1429 ho�en machen la�en und den überre
1420 1393 1677 1495 erkhonfft,
1379 1488 2177 1582 Item habe er daselbsten ein wannkhell ent
1422 1552 2181 1643 rombdet byime aber von und jenigen
1421 1605 2177 1695 heben es gsin, widerumb abgenommen
1329 1669 1515 1751 worden
1368 1746 2221 1861 syter zu Bagwyl mit eilff vorstadt
1440 1820 2217 1906 ein kellen gröffnet. daruß ein Lubell
1440 1881 2208 1980 mit ancren genommen, so ung fahrlich sechts
1434 1925 2202 2018 mas gehalten, dannon ime ein alenn
1431 1981 2207 2081 rubei voll worden, wie zu glych ein jeder
1452 2040 2074 2159 im leib brotte danuß entgunet
1406 2102 2266 2233 dermer habe er selbs zu kilchlnnach dem grund
1436 2194 2263 2318 ein halben leib gott und ein wonrst genommen,
1395 2235 2247 2403 ylher und Werners hatt er nit bekehrnen, noch
1403 2311 2285 2444 Bon ander yhoanen und mittgesellen, dann obnermelte
1436 2371 2271 2531 se�ßen wellen, mitt nermelden er sich oßerdt dißem
1443 2423 2273 2591 Iestend allwegen erlich und redlich mit arbenten.
1457 2485 2282 2619 eruehrt und fürgebracht habe, wie er gan
1456 2518 2222 2664 methin noch zuthun begene, Gitet
1467 2567 2299 2736 B gden gantz trungenlich umb gnad und verzechung
1431 2626 2246 2812 Ist lar mit dem kleinen und 2 mit 3
1490 2709 1662 2780 ten
1647 2717 1890 2799 sagtn worden.
1458 2753 2263 2885 ist den 12. novembr 166f jars mit rnchen
1440 2794 2285 2933 uffgeschmatzt, a ezeechnet und volgendts den
1452 2813 2312 2995 gat von er g stett und landen verwigen woreden
