2448 3264
576 594 1238 802 Vd semt wit echestag
622 685 1244 852 und wider ihr ehgen güßen dies
616 742 1248 875 zum andersmal gebrochen, wie san
669 802 1246 915 eiges fleisch und blut dem letzte
617 782 1237 955 Vatter zugeeignet, Wylz aber
613 875 1250 1005 disere Runen Madle Meyer, eins
618 922 1231 1040 diser weyes kinden h. Hauttman
604 974 1264 1117 Frischeng für daß syner zueigen
629 1029 1265 1148 rellen, so hat sich fraseebge habis
625 1088 1261 1185 ghaltner confrontation volgend
640 1128 1264 1240 ahser versprochen, Namlich erdihe
608 1181 1259 1314 Diesees den tag synes lebens zue
609 1244 1271 1357 handers alda Pisere rath gescheft
647 1288 1258 1387 r soll, niemalen gesechet, doch
638 1347 1269 1460 r setwas mit ire gethun ghelt
618 1411 1239 1491 vilfeniger war syechs sy vor
619 1457 1253 1548 ime geschwengeret wolden,
582 1508 1277 1605 welche ußden zusechen, d hagel
650 1555 1260 1651 sye aufb 13 Anset Jar ehltbur
646 1610 1274 1694 werden, da er doch damales der
629 1666 1273 1757 zeit nach zu erchue als syschwan
636 1720 1267 1805 were warden nit im cut sonder
686 1772 1276 1860 fundtes gsin, alsowo es im Hege
630 1821 1258 1912 byzra gun were, müste alet
642 1868 1268 1955 nit umb das Aire jar einkinden
636 1928 1251 2016 etterm hette syn kannen, das mit
632 1968 1261 2055 weder müste sy das kendts wider
634 2027 1280 2119 die natur) by den 14. oder worden
638 2062 1256 2158 aber nir by den 3. monates ge
646 2120 1247 2216 ragen habtn, derosalbes man
638 2149 1278 2292 is ete, das sy ime unrechtthüge end
617 2191 1271 2340 It mehr ußlaß und rtachfwickeit
602 2243 1259 2388 Das alber uß grund dee warhein
632 2290 1256 2434 anelage tc. 16 gottwil imne
628 2360 1273 2506 mehr, alß Ira zuglauben pes
619 2400 1255 2548 das wo er sich mit Jaa schfeldig
640 2463 1279 2594 wüste er daßelbis hwiliche
681 2530 1173 2659 erh�len wolte
2021 527 2091 591 44
1421 602 2140 773 die trdnes wetir ungracht
1442 692 2171 823 biher versprechung, beharlich uf irer
1677 731 2180 848 vbliben und vermeldet
1457 795 1677 863 meynitug
1488 773 2197 914 Flychwol imend kindt nit, sonder
1432 815 2213 960 Ball Zubacher dem geweßnen fndt
1436 881 2186 1006 wirt zu hindelbankk ze zeüchen möchte
1468 929 2186 1054 welch es sy doch nit gründtlichwüßen
1458 983 2152 1104 uch nit umb welche zyk sy genoseß
1455 1034 2221 1144 aruf sich desswegen damit es eigent,
1449 1094 2169 1200 ch iß erfahrung gebracht werde.
1445 1155 2197 1250 uf das Corgricht Mannal in welchen
1476 1196 2164 1299 gl brucht fnden werdent, umbe
1460 1246 2164 1338 elche Zeit sy abgebüßt habe, dan
1452 1295 2207 1388 Samalen ein 3 wuchige kindtbetter
1466 1343 2210 1435 sin sye, jedoch well sy darub sterben,
1476 1393 2161 1480 das h Haptmas Frischis sich mit
1447 1451 2089 1547 Ira fleischliches kunschet habe,
1407 1532 2218 1634 Dannethin vnd vuers, habe sy sich nach
1467 1601 2238 1694 mit s ehemanners. Itenhunts anc
1461 1662 2223 1746 edigen manspsohnen, wie auch etlich
1452 1703 2198 1800 knechten is Hürey, unküschheit unnd
1422 1749 2210 1865 unrenigkeit vertrabt und vergaugen
1480 1843 2220 1951 sliche der gedachten Made Meyern
1471 1904 2226 1999 bekente und vzachne hahe und schwäre
1469 1960 2225 2045 mizhandlungen vebent hoteenant
1476 2015 2227 2126 g herren vtatthalter rath und burg
1478 2049 2215 2171 ßer lotliches Stattders pferen
1461 2083 2204 2231 lidt zu recht erkent und gesorgchen.
1469 2163 2231 2271 das mas ja dem Rachensfehr benelcht.
1469 2201 1515 2240 r
1534 2195 2235 2309 ja abfun vfgewunkiche blichtstatt
1482 2235 2232 2377 üres Prosaldaher hanptabschlachen.
1467 2290 2221 2417 nd also mit dem schwart vor leben
1464 2349 2205 2488 zum tad nach keiserlich rechtes
1540 2391 1730 2472 ben solle,
1494 2454 2236 2615 were urtheill ist den 1 aii
1505 2503 2158 2664 651 jars an ira erstatet
