3024 4032
128 189 291 292 166.
408 207 482 277 D
359 217 1448 459 Ghares Rich deracht er Braths
398 333 1496 550 deß ritscharts bauf die einem gan anderen
400 413 1299 589 d dass land gab kunden nit glichsten
1297 495 1448 601 lu
390 497 1471 687 wülbel Willading durch der peren von Killie
389 585 930 703 wbarschickt worden
547 729 1431 944 Dignal zol: Iren dinger
964 890 1449 1073 Gott verrinter
1147 1021 1423 1166 Giber
834 1190 995 1356 6.
307 1262 1432 1534 Und landtlich die mit sindt der
332 1470 1407 1638 Mingueilen alleiner in der oberen
367 1569 1431 1761 gefangenschaft verfüheten examinen
371 1700 1393 1864 und angenewander gehaltene son
340 1786 1408 1976 Froulationer) Die silberfolgender dri
334 1903 1409 2068 nung nach in dem kleinen sinen
320 2004 1380 2187 z tuch ein geschrieben sich befinden.
460 2163 1341 2442 Daniel Grichtli
301 2407 1357 2622 Sach demme zuo denaden sich verhann
1351 2550 1391 2592 2
350 2546 1407 2706 lachsen, dieyerige schristen und examiell
357 2635 1402 2786 betrabend die heit noch beschriebene daten
341 2717 1381 2862 Water khomen, so sich sich in matt oder Müng
341 2816 1365 2973 derem deß haltschen halten habereilland
323 2913 1388 3078 schuldig demnacht sind Sanethin zu Mahrern
333 3016 1387 3177 har vorbenngung disertiger pasetzeit gesechen
327 3102 1356 3268 kes gedeüte Belnguente an hers su
323 3206 1401 3359 sächenn und in die obered gefangenn schaf
328 3292 1345 3456 hisstan zu laß dan etc. Habend Breits
339 3391 1365 3558 Gnaden Liennd blabe er Her
338 3497 1360 3674 Grossweibel Willading und der ist ohnen
315 3588 1379 3774 Vff und in folgerhaltenn hosen verschiden
302 3678 1381 3823 gedachte demanten von Prilchem examiniert
2787 243 2913 322 150
1808 238 2551 410 Daniel Rhatho
1791 326 2925 509 und gegenfinander conprouliers hie
1789 448 2042 631 soge
2067 911 2624 1060 Decanen
1797 1032 2903 1235 Ah Daniel Brathli von Blein
1796 1171 2896 1332 sinden heyt Jahren alters, emnach
1719 1227 1783 1323 9
1785 1278 2376 1434 wertzerrathet.
1555 1302 1629 1410 s
1511 1355 2905 1576 Dehorhaldt zesehe seines verbrachens halber
1777 1484 2876 1633 schon zuo Büren zorymuhl examiniet, ouch
1786 1571 2875 1719 tücklichen wegen einterthaltenne bahrheit
1780 1657 2883 1809 an die mater geschlagen worden, da aber auch
1785 1740 2886 1892 dessen allessen ohürnacht die mahrheit nit her¬
1776 1826 2854 1972 außgebracht verden können, sy seya krauß befelche
1766 1919 2843 2067 Meass anhero gebracht worden, deß lagen fer
1777 1996 2865 2164 fruss und kommeret werde sich durch har tractin
1764 2090 2844 2251 iges langnen der angnad seiner hosen obeig¬
1779 2191 2854 2347 beit nit noch mehr verdient zuo Machen, sonderen
1745 2283 2832 2413 sölle dott unnd der gnädigen beigkeit die eher
1776 2358 2834 2519 geben, durch eine streye funde bekantnußtenn,
1767 2448 2837 2625 fündiges verbrachen bekommen, und hinnit kentlich ande
2052 2548 2151 2665 D.
1771 2552 1961 2674 vorden.
1532 2536 1719 2772 Abe
1760 2622 2765 2781 And Basanlaß und seitlan er sich daß
1742 2722 2596 2882 haltschmüntzend angenoset
1590 2813 2790 2990 Autli vo Klens mehr als einem jahr habe er
1728 2891 2808 3082 zuogegeltzin wirths ann einem ihme der¬
1746 2994 2823 3134 zmessen noch in bekachten mann nalmens
1748 3074 2806 3252 Christen Kaufft mann von Stettisbuoch ange¬
1745 3157 2797 3320 Grolden, der wirth habe der beyder in die
1767 3253 2815 3417 gleiche Lammer bistat angelichet, da habe
1761 3349 2783 3503 der landsman und in guott angefangen
1765 3441 2801 3608 erlessen, er könne gelt machen, und habe
1765 3537 2817 3714 auch schon uncklich Wallis gelt gemacht, hab
1735 3630 2818 3805 ihme anquörten auch anerbollen, ihme söliches zu¬
