3024 4032
98 261 229 348 108.
254 1237 338 1436 B
445 421 1469 567 selbige abgerissen gelesen, es habe aber solches
436 506 1434 631 nicht beruhrt und vonn es gar nitt sagen
440 576 1465 703 hie die säche zugegangen, auch halbens sochten
429 649 1466 773 nicht gelüsst, das es diesorths halbe thun söllen,
434 721 1406 841 heilen es noch bey keiner kind betheren,
433 812 632 922 gebasen.
418 897 1468 1055 Judliet, Er habe die sache beständig verborgen
432 995 1444 1136 wöllen, welches nichts anders als ein böses
428 1081 1429 1226 vorhaben anzeige, sölle doch dermalen die
423 1165 1071 1284 ründe warheit bekennen.
428 1326 1468 1481 die schbanderschafft, die es oben gesagt, habe.
410 1420 1444 1561 Esbohl verborgen bollen, solches seye aber
429 1500 1414 1622 anss keinem bössen vorhaben geschehen,
423 1567 1463 1720 sondern es habe gedacht, die sache komme früsen
417 1665 1468 1794 genng anden tag, die denist aber habe es
419 1741 1469 1880 nitt begehrt zu verbergen, sonsten es nicht
418 1815 1427 1967 die grosse Landstraß gegangen bare und
398 1904 1410 2055 sich gezlungen habe zu denen Hansseren
403 1998 1480 2144 zu kommen, und seye dess küsers Hanss neben
413 2076 1474 2218 der offenen straße nechst ber dem wirtshausen
408 2163 1471 2312 pohines bohl nicht gegangenbare, banes ein
387 2240 1057 2387 toses vorhaben gehabt hunte.
377 2442 1489 2600 die Kütterin heige, deß sine dass kinds steinen
264 2444 357 2591 6
381 2541 1459 2696 gehöret, also die ihme weinbleichen wellen,
387 2618 1492 2761 es meße also von damalen genesen seynind
382 2704 1474 2852 das kind muter sich gehabt haben, beßenbegen
375 2793 1032 2947 s ihra nichts gesagt habe.
240 2956 1498 3150 dri das senne einmahl mitt also, dan von Edamalen
372 3068 1465 3244 das kind schon gestühret harte, hatt, es die
353 3168 1424 3338 iran voll nicht von sich gehen laßen söllen.
336 3337 1489 3506 Ohngeacht alles verneren früstlichen ermahn
360 3414 1490 3584 mmans nun hat für denses mahlen ein mehrers
361 3490 1493 3692 nicht auss diesem mensch gebracht werden konnen,
337 3575 1472 3759 sondern es hat nach ablesung dieser vergicht
1340 3667 1473 3779 mit
1689 3461 1869 3607 Frog
2769 320 2870 408 169.
1836 425 2857 602 mit vialen trahnen bethauret, daß er die füren,
1833 534 2884 686 warheit aufrichtig außgesagt habe, ein mehrers
1840 620 2884 767 bisse es garnicht, das vorgegangene aber
1846 696 2854 837 seche ihme hertzlich land behemutigst im Gnad
1843 769 2081 883 bilende.
1834 860 2759 1049 Actum vorstatt die 2. Aug. 142.
1990 1109 2615 1267 Dissbeltz Zweygallis
2068 1232 2530 1355 ie Examen.
1846 1360 2911 1538 weilen ihr Gude Nachdemma Hoch Bieselben
1857 1472 2887 1602 die in dem kranchthal aufgenommenn da¬
1847 1556 2873 1674 pformation, die Relatio Oedicaund das
1845 1638 2888 1776 sub 21. ruias durch dero hienern gehaltenn,
1857 1717 2902 1865 diesorttige her Examen angefort guthenn,
1846 1807 2915 1938 oden, das vernere Examen mit diesem blansch
1847 1895 2868 2011 verzünemmen als hat gessen rathsherr
1845 1984 2924 2112 Lenmans, als hierzu verordneter examinaber
1863 2064 2905 2197 mit zuohanchung gesechen großweibels und
1864 2141 2915 2267 dess grichtschreibers, zu volg ihr Gudt be¬
1854 2210 2917 2350 pfalchs vom gestrigen tag, sich auf fente dalo¬
1873 2295 2926 2433 in die obere gefangenschafft verfüget, und
1869 2372 2926 2521 diehas mansch verstellen lassen, da dan nach
1869 2471 2947 2600 einer vossgestellten ernstlichen erforlation
1865 2552 2916 2679 die füre warheit zu reden und das begange¬
1863 2629 2940 2768 sne unnd zu bekenen, volgendes herauß gekommen.
1844 2812 2932 2980 Dess ersten burden vost alle in dem erstem
1875 2914 2938 3063 gehaltenen examen gethane fragen frischer
1874 2995 2945 3116 vingeman die inguatin getrücket, dorüber
1884 3080 2950 3242 dieselbe durch auß gleich gultig, die hie bever
1887 3170 2216 3290 geantwortet.
1871 3278 2893 3448 Semma nach thate Geffer examinator die
1886 3433 2934 3592 Obes Elsbeth Bleggert nicht bekennen
1881 3493 2954 3688 und gestehen müsse, dass es mit allem vorsatz
2792 3595 2931 3713 und
