3024 4032
101 291 245 384 38.
407 289 1458 469 Harbara nach purger
366 407 1425 607 Sitschart und der brats gelt
359 527 1430 704 in hand getruckt und gegassen an alls
366 642 1450 796 namme alaube er 7 kronen her und 5 bätler
347 742 1377 941 siner wüssend aber sige ihnen einsts
332 864 642 1005 zerathen,
159 918 1456 1167 ere gebucht necht jemand dem bach schander
353 1093 1438 1272 und dem pratschein geholfdenthalt red gelt
325 1195 1446 1378 zuo machen, und leer sonsten darbey gebens des
47 1340 257 1492 ante
251 1312 1415 1524 diser siche zuo under sind lüsen mallen hungesten
343 1453 1367 1637 by 15. vochen droben zu Hilterfingen
342 1570 1401 1736 gebesen und einmall säge bey seinem
56 1636 189 1710 re
353 1668 1405 1862 wüssen anders niemandten inn gebes
325 1787 1373 1981 sondern der Sitschard und der bratschen
310 1918 1407 2112 Habend allein an einer asparre stuben
320 2024 1342 2211 fingetruckt unnd nachbert so in der
272 2148 804 2350 llig gsin.
252 2294 1424 2492 eibsheit ein der dass von dieben fallen
27 2261 203 2488 s
309 2420 1428 2584 helt auß geben worden, und aber nicht selbsten
312 2527 1013 2705 sölches gethan habe.
23 2666 1394 2874 Gater sy seinem büßen sige keine auss geselbe
303 2795 1364 2991 und ihme zugmörten haben sie künnet sechen
242 2894 1362 3101 malls gegeben als daß er keinnd hätt e
292 2996 951 3185 können ausgäben u
268 3110 1373 3280 Ob der Gratsli nicht begehet habe, auch
4 3037 160 3269 W
239 3209 1356 3373 das ritschards Connenning zuo gehan umb
294 3282 1405 3502 daselbst dasto kommlicher arbeit an zu können,
252 3382 1373 3583 Es selbstan habenn hört, dass der Stthard dem
10 3419 191 3589 Lass
219 3468 1370 3708 getsten solcher proponret, der Rüthi hand
275 3631 1346 3829 aber habe nach leckhs in bedenbenn
1513 933 1630 1132 b
1513 1197 1559 1246 9
1524 1263 1576 1332 4
1499 1327 1644 1455 Al
1517 2264 1644 2452 K
1493 2772 1685 2878 2.
2827 36 2940 124 367
1638 83 2859 440 Barona Tnd Burger
1765 205 2940 560 gassen statet undernach der
1685 317 2940 694 lachen das ersten er das er
1703 428 2940 725 ob das an bekommen möchte diesen vor¬
1671 565 2926 896 schleg vier der auf gegeben, also daß mel¬
1681 713 2711 973 mmahls etwas daranß hord end
1700 831 2846 1072 Aildts nachters mit dem Bratssli vonn
1713 912 2913 1199 hilterfügend beggezogen, wohind er sich
1721 1076 2690 1284 mit einem das verfürgt habendt
1698 1195 2900 1457 Die sigen schon zu Thund vor einanders
1703 1313 2950 1574 zegangen, er Gratsten in sagn heymath
1725 1437 2950 1680 and es zu seinen gfälter nach Ansoli
1700 1575 2928 1795 vingen, nach ethelichen tagen da
1721 1702 2926 1919 haben sie einander ankünen zinstag
1741 1779 2943 1997 allhier zu Bern hinder angetroffen
1725 1894 2944 2111 do sie Samstand daran er bekhandiget,
1739 1996 2949 2225 und schloß deüwen in gefangenschafft
1728 2171 2281 2326 gesagt worden
1695 2298 2906 2499 Bnnterbegens der Gratstli
1749 2416 2915 2545 richt an verschidenen deten Allad
1726 2524 2911 2714 baltschen Galts gemacht und auch herr
1733 2632 2268 2820 gegäben habe.
1734 2760 2937 2959 wüschen Spieterken und Langnauw
1752 2886 2882 3065 habe er mit einer fallen boder t.
1751 3014 2946 3197 pieretten auß haben batzen zuo begen
1707 3130 2905 3293 gebracht, und nach vertho mit einem
1731 3230 2928 3426 Gutterli gebeißget, so er nach der
1729 3355 2932 3566 hand zuo Langnaulo im wirtss Hauss
1752 3455 2935 3650 neb stannoch einem haltschen Zürich
1733 3564 2941 3783 Betli an bezahlung der ehrt, auch
1707 3678 2940 3922 gegeben, welches dan die ursach ihre
1741 3785 2493 4011 Khundigung habe kein
1901 3908 1953 3987 D
