3024 4032
229 308 410 395 143.
239 705 448 891 s an
191 837 477 983 Man Bomain
210 1104 463 1342 lasse
549 309 1512 473 Iob Richtenach der Buchschin und
863 398 1518 524 Christ erachman
500 440 1502 604 offt beytt hinen zugi gearbatet,
490 548 1562 701 habe sin domm und geter gebranchtatte
476 629 1198 782 darauff zuo Schminden,
505 752 1510 931 Erkorn daß der biß eneist an darge¬
530 844 1506 1028 Alss sy tag die Stempfel so an die er sich
482 945 1459 1096 nit frineren wollen genommen, darum er
467 1009 1450 1158 sie beggenommenn, und lad er darmb
465 1109 921 1263 habe ihm bellen
462 1173 1474 1350 da der Beatschi bey ine gebeßen
453 1279 1485 1455 habe er an ihme marbugchet, das er
446 1372 1491 1562 brachten solle dem Statsch Sampfel
444 1464 1475 1634 zu Lanndlen zu Beinenn, Gotter der selbs
448 1575 1467 1749 fhnd gut auch zubezahlen versprochen,
452 1672 1461 1819 auff welches hin er jung gegangen
533 1759 670 1855 Wäg
457 1788 1417 1917 und dem Odlersirth die stein
419 1879 1392 2023 pfel genommen, und dem Brathin
458 1954 1432 2089 überbrachten bekher ihnner jeten sin
416 2056 1373 2207 unnd daherige richen hrn. vergeben
430 2152 1452 2312 habe vorens, der Bratschi versetz
406 2253 1431 2394 nen daß als er onst hers mit dem
390 2345 1438 2482 Cadtssmer über das geltsabrieren
427 2434 1462 2600 gesprochen, er Brathshi Aardurch ver¬
412 2515 1396 2677 gemasset wordenn den verhauffen.
403 2634 1351 2788 zubefragen, ab derselben khmer
376 2715 1443 2897 Gratschi Sempfel anspachten kömmen,
401 2828 1440 2985 mit dem durch dahen Grath dli beyge¬
339 2930 1454 3082 füraten versprechenn den wandermann dar¬
344 3034 1423 3198 eer zubehallen, darauf habe sy dem
322 3135 1407 3278 Gmannd uss angeben und
391 3225 1410 3395 znnterlegt, bekausman habe
388 3321 1404 3486 ouch ihne statsich die sampfel
370 3435 1446 3618 berbracht vorhero aber iste gestaten
351 3540 1441 3694 er Gratsdli verdeischen jemands finden
362 3643 1402 3817 der ihme dar auch graben bette, der
299 3747 1377 3920 bufomenn habe begehet, daß das
1442 2606 1474 2756 1
1876 387 2880 588 fol. Rispachtsles Grisser 24
2718 527 2877 596 und
2035 499 2851 638 Cathristen Rathenac
1827 540 2900 796 Wallib ihnn dien, darauf gestochten
1918 674 2880 840 werde, und sie in solchem hindenn
1891 749 2804 919 Wallidbachen zum Nustag gegebend
1895 828 2862 1029 Benebens habe der Kalhemann ihme
1919 915 2879 1090 auch offeriert, daß derselben ihme brot
1864 1009 2835 1195 sch in diser buossen sysen bolle.
1960 1131 2877 1284 Der Cadmann aber relierte
1882 1241 2865 1404 darder dem Bentschi gesetzt habe.
1901 1330 2873 1488 derselben verde schon khennend finden, so
1834 1409 2830 1580 ihne auch die verpfel graben vorde
1839 1513 2889 1661 Denne doch sy Landan das veldt bichen trag verlange
1911 1601 2865 1758 loch, der salber meint schann Gratsch ein
1893 1700 2887 1875 Mallinbitten zun Grüster zuo gestellen neben,
1909 1793 2888 1949 sin auch daß er dem statschi eferiert
1867 1877 2841 2031 chmeind dieser kanss anzu guben.
1875 1962 2841 2124 der Grathli aber bekannte aucht
1859 2062 2835 2219 usiner anthort, mit dem zu Nider
1861 2155 2848 2304 Haufman habe sich offen berichent
1852 2240 2839 2385 Geßie keiner, der das gelt machen so woll.
1871 2331 2890 2478 viestel als er Haufmann
1802 2449 2878 2654 Das Batt mann Resliciett verwisen,
1882 2593 2802 2736 fonienste sin dessen bey dem keinen
1875 2676 2868 2833 berichent haben, habe Aber Niemahls
1865 2772 2870 2925 dem Bratsli Operiert uffener solches sin
1854 2864 2877 3020 desten vielldeniger aber zell suberiert
1531 2946 1877 3139 sr an zuo ken
1916 2983 2850 3127 Volar er sus Gabiß habe, das
2753 3112 2839 3185 2
1883 3097 2735 3216 der Ladter wirth Stoupfel habe
1877 3179 2876 3335 er seye ohngefehr zuo dem wirth gekommen,
1576 3198 1828 3341 1.
1878 3272 2860 3436 allido er die sampfel geschen habe.
1525 3343 1864 3493 stian Bentschi
1875 3404 2870 3558 Was auß den stempflen gestochen gebesen
1514 3426 1849 3549 unnd landtmandts
1916 3494 2862 3619 dar erstere antwortet, auf denn einten
1862 3590 2877 3751 Nampfel seye das Wallid batzen pergschlecht
1849 3663 2867 3837 Graviert auff dem andten aber, so mass
