3024 4032
86 196 168 276 16.
610 200 1040 366 Hans Kreri
403 326 1438 502 zuogeredt und angreiffen sollenn
415 434 1493 634 vier entleibete aber habe denselben gnad
415 540 1487 723 bey den haaren genommen und habind
424 681 1425 834 einnlönig gerungen lobrand er
415 762 1424 971 Desonent den zuri auch beyg den
419 912 1441 1096 haaren ergriffen der huren habe
389 1029 1441 1228 grad dem wirthunn hulffe gwüßen
406 1153 1447 1337 unnd meiße zu gleichen das messer gezu¬
412 1272 1428 1469 ket habenn ein mahl seye er mid der
398 1410 1462 1578 vntleibte, da sie den salben bey den
394 1517 1408 1700 haaren handen, in einem angene
404 1646 1424 1792 Wbliche an verschindenen orthen ver¬
398 1766 1396 1941 abundt worden, und habind hußlig
385 1884 1427 2048 geblütet, darüber ir deporent den
389 2006 1426 2175 enslechtem als ir das blut gestürt
401 2149 1434 2307 von dem thurn louggerichdem, da dann
382 2268 1471 2426 sie die blehsieten gegen der Schmid von
376 2374 1347 2548 gegangen, dem schmers gerüßen,
370 2480 1431 2695 er sölle ihnen das blut gestallen, sy
373 2639 1422 2800 depsonen seine hin auf gegangen, die
363 2739 1456 2922 Schmärdin habe ihme schloum gegeben,
373 2859 1471 3039 welchen er auf seine wunden getrukent,
374 3000 1404 3161 darauf das bluten aufgehört, der
375 3133 1446 3294 parstorbenn aber seye auch der stegen
362 3245 1466 3429 gesunken, habe sehr viel blut verlohren,
362 3382 1486 3557 so das man ihne hinauf trägen müßenn
363 3501 1419 3692 da derselbe henig mehr geredt und in
2114 254 2535 406 Harts Thüri
2811 311 2907 404 168
1871 363 2810 538 syner guoten halbe stund hernach
1894 484 2884 656 gestorben, har turi habe sich grad¬
1891 611 2869 759 darvon gemacht leder er noch der
1893 686 2920 882 vetleibte habind nichts beiders gebraucht,
1888 825 2887 981 als die handen Einmal habe er nicht
1882 957 2883 1109 gesehen, daß der entleckte ein maßer
1882 1087 2890 1252 gehabt, er deponent habe gemeint, er
1895 1221 2914 1376 sölle sin scheit nemmen, habe aber geglan¬
1882 1345 2934 1491 bet, er seye nicht der horth, er Geponend
1886 1455 2933 1605 habe im übrigen für seine persohn mit
1888 1554 2893 1720 Niemans streit und linder den ja¬
1900 1667 2908 1853 thater londer haß noch gwollen gehabt
1900 1794 2921 1952 unnd seye alles unglück von der Nuter¬
1902 1919 2909 2067 wedung die fürsche zuo gauffen, ent¬
1894 2031 2852 2178 gstanden sie habind zwar alle wein
1894 2146 2886 2308 im Rops gehabt, seye aber keiner
1902 2272 2944 2450 beranschs, sondern eineder bey guotem
1896 2378 2899 2547 verstand gelesen und seye das an¬
1902 2513 2922 2673 gogliche zlischen in und Liithern nan
1895 2598 2917 2786 Middernacht vorgegangen der ent¬
1897 2742 2937 2885 lribte habe zu vor sien fribli loß inn
1899 2869 2832 3023 gekehrt, damit derselben minder
1900 2980 2855 3132 gekennet werde, Er aber habe sein
1892 3120 2853 3277 lriblin louggethan, damit ihme
1909 3240 2562 3378 nicht zuo Barm werde
2710 3252 2942 3412 hundt.
1904 3358 2696 3531 hierauf seine aussaage
