3024 4032
82 245 220 324 163.
585 240 1122 459 Anformation
364 408 1457 662 Zuo volg Herr Gredli diesen morgen
375 587 1440 764 ertheilten hochen befelchs habend sich
361 699 1335 846 Miche gross weibel und der
363 815 1354 999 grichtschreiber mit zuozeüchung
370 928 1388 1103 Mölchen die mitters inn herren
1386 1017 1423 1075 ?
379 1048 1439 1222 Oppratoren Schorers, longen daß zu¬
367 1173 1461 1345 schüpfen entleibten Bendicht zu hander
368 1296 1424 1449 unnd behorten Rudolff zuchers also
357 1411 1394 1579 bald auf den Beth selbsten begeben
376 1534 1402 1691 ines allda der Hergangenheit dieser
364 1652 1355 1815 frauw beschicht halber volgende
355 1772 1136 1925 Anformation aufgenommen.
482 1986 1478 2149 Rudolff Bucher der verbundte
353 2118 1477 2287 von ira 23. jahren alters von Schüpf¬
343 2263 1379 2419 den sagti nach an ihne gethaner
358 2367 1434 2527 ernstlichen cotorlationtz nichts als
355 2492 1336 2652 die hure wahrheis zuo reden, mit
330 2615 1428 2784 schlacher denoch vernemlicher somme
338 2734 1141 2915 ouch gesunder vermundt
342 2871 1456 3057 er seye gestaren mit dem eybleibten
330 2996 1401 3170 Bendicht Zucher Rudolff Schouwer
337 3120 1447 3295 dess oberen Müllers sohn und khannd
330 3271 1372 3452 Schutzmann sonntlich vor Schngkhan
319 3421 1441 3591 gesellschaftlich nach schlanden gegenn
315 3545 1405 3744 iegen allda habend sich viele andere
2024 203 2476 378 Hans Büri
2808 276 2908 369 163
1816 340 2886 510 huben und meit sichem einbefunden
1808 443 2815 625 die habind allerseits getrunken, und
1816 554 2903 721 getanhes, Nidaler weilen aber seye inter
1813 677 2880 860 der fürsch streit entstanden lugen
1822 797 2872 969 deman meitschanen und dess janzens¬
1814 919 2897 1097 durch deß abschaffens halber, da ze einer
1810 1068 2869 1199 für den anderen bezahlen söllen, als
1817 1178 2875 1343 wann der andere kein gelt halten
1814 1285 2821 1434 unnd habe der entleibte mit dem
1819 1391 2873 1586 Reli Spring, solches ihme des bort
1819 1523 2890 1701 gegäben, heimgachen sollenn dieses meit¬
1820 1647 2918 1813 schi, seye aber mit dess zuris Lommeres
1829 1770 2857 1931 gegangen, harüber der entleibte hon¬
1831 1881 2890 2050 lowen in dessen seyen die bürsche
1828 2008 2923 2164 nach und nach mit denen meitschenen
1837 2141 2902 2303 heüngegangen; er, deponen der schiß¬
1828 2228 2921 2383 man imo der entleibte aber habend
1818 2373 2809 2525 sichunderredt nach zuogehen und
2412 2486 2476 2562 we
1836 2493 2806 2641 belche sie antreffen zuo Kgussen
1846 2603 2827 2792 seigend, darauf in das dorf und zu
1849 2739 2842 2893 dem wirthshause 1: welches zwarn
1848 2869 2938 3025 nur dess entlibten heim begbare)
1840 2984 2865 3167 gekommen der schischman habe die
1837 3086 2911 3277 verlassen, er Geponent aber und der
1835 3216 2926 3402 entleibet habind vor dem wirthshause
1850 3336 2939 3553 den Hans Huri von Berheil angetra¬
1832 3481 2893 3691 gfang er desonen habe ihme etlas
