3024 4032
79 194 199 286 170.
416 317 1313 468 H. Margrell Habfoger
432 431 1477 640 Hans Lüthis sech Vintibus zeüget
430 550 1140 702 durch anß hingleiches
389 735 1217 916 Z Christen vermull
410 874 1476 1074 Von Bionan Hanss man in derli von
419 966 1417 1152 Wattenbeils matten, zeüget:
313 1177 1451 1352 Das Elsbeth seines bruders sili
413 1314 1453 1454 tochter, seria vor der Grechtmaß zu
371 1420 1454 1574 ihme genommen, es habe Beittel bey
380 1494 1450 1675 ihme gehabt von dem Richer Boller
394 1613 1429 1772 Von Thorberg, vorgebende es habe.
377 1712 1441 1837 sich in dennen Bürten verderbt; Sie
386 1817 1459 1970 habind ihme oß, sein waßer abgeforder,
390 1915 1452 2054 damit sie sölches selbsten dem Boctor
396 2015 1461 2138 verheisen können, fründalte Hanss¬
405 2102 1434 2253 bruthe habind ihme offtermalen zu
399 2179 1443 2344 gemuothat und ihns befraget, ob es
409 2279 1428 2423 richt Hillanger seye, es habe aber
399 2370 1415 2522 allezeit gefangnet, daßenbegen hin
397 2466 1438 2618 noch frömde lruthe an ihns geschibet,
373 2564 1425 2734 ihns zu befragen allein alles warge¬
377 2673 1435 2826 abend am Söntag des iren seye as zuo¬
378 2766 1447 2937 Christen Burtner gegangen zu bittag
365 2869 1431 3045 zuo gheissen am vend seyens vohl
396 2973 1436 3140 ouch gelesen und Riedur gegangen,
381 3078 1444 3207 bald darauf aber 2. mahl aufgestan
393 3149 1402 3292 dem, das St. Mahl habe sein, daß
390 3255 1441 3417 gezeügen, eheloribe gefragt, und ihme
369 3346 1429 3492 fahlen borauf es geantwortet, das
362 3424 1333 3608 Jaure Labis thur ihme behe, und
1075 3617 1350 3729 mache.
2757 340 2907 445 121 3.
1825 496 2840 655 mache ihme den Bauch lauf dieseb
1805 598 2837 766 seye um 3. neren gelesen, es seye
1815 676 2856 879 bieder Riedergegangen und mit ihren
1824 781 2801 937 aufgestanden nio habe ischen auf
1819 879 2800 1022 den fluss gestrenet, damit er die
1810 986 2846 1103 mertmahl nichtin acht nemme, auch
1797 1063 2881 1220 sagte es darauf seinem weiben, es glanden
1811 1165 2867 1316 es werde alles vohl gehen, seinn zeiten
1803 1253 2850 1399 sechend lieder kommen, das weib
1795 1369 2853 1502 seye hiernach aufgestanden, demmen
1828 1447 2854 1616 das Elssbeth gesagt es sölle doch recht
1832 1543 2857 1703 anfleischen ehe die kinder auch seyend.
1808 1654 2860 1796 da habe sein weib gesehen, dass die
1829 1757 2872 1890 blertmahl die Stegen hinunter gehen,
1822 1831 2875 1985 denen seye es nachgangen, habe aber
1834 1914 2851 2076 die stuchs verlohren, und habe in dem
1811 2009 2871 2139 immen hauss und in dem kelter gesucht
1827 2086 2880 2253 unnd als es dorten nichts gefunden
1809 2191 2904 2346 seye er gegen den Schlorenstall gegenn
1820 2278 2871 2421 gen, und habe dorten muoter dem
1819 2370 2926 2525 strohe das kind gefunden, darinketel
1814 2460 2916 2601 sie der anderen Hauss fran und machten
1836 2570 2903 2703 das Elssbeth zu kommen: Es sölle selbenn
1838 2641 2896 2818 bas es gemacht, das Elßbett habe das
1801 2755 2911 2921 kind selbsten in die stuben hinaufgetra¬
1824 2854 2928 3005 igen und allezeit gesagt, es habe nicht
1827 2932 2903 3086 gegkankt, daß es schlanger seye, das
1823 3035 2917 3222 kind seye ihme auch dem Hanßlinaus
1839 3152 2421 3300 den boden gefallen.
2369 3318 2889 3489 H Christen
