3024 4032
287 26 1045 194 Frinmal Groledien
191 165 1334 336 dess Hans Zimermans von len¬
183 294 1325 456 Sherkofen auß dem Buchiggbärg,
188 401 1173 540 mon atlea 28 jahren alters
131 626 1337 770 Nach denne Meghern die rächte durch
163 735 1364 893 schreiben von dem herren ants
162 848 1305 981 Mann zuo Frienisburg berichtet
171 944 1309 1092 worden, daß Hans Zimermann
173 1067 1346 1216 von Lenterkhofen, 1 welchen man
163 1211 1355 1354 zugleich geloahr samlich anherom
160 1320 1378 1468 din obere gefangenschafften gebracht
159 1448 1324 1597 Nich den geschrecklichen sund dar¬
160 1567 1326 1718 peoliatitet theillhafftig gemachet
150 1693 1309 1837 habend doch die selben basag dero
177 1804 1369 1958 gefelchen de 23. etest obrid inn
146 1928 1361 2103 M. Obrin et er brino alles jüngst
159 2043 1354 2196 hin durch meman hochgeehrten
171 2158 1361 2299 herren rahtsherren Samuel Bil¬
146 2266 1288 2428 chier, als hinrzuo verordenten
158 2384 1328 2530 examinatoren, und auch melchen
139 2504 1323 2661 herren grossweibel Fischer mid
171 2624 1352 2789 gricht schreiburn Thormann hab
162 2729 1366 2909 g. abgelouhenen obrio Rund 12
169 2861 1258 2999 Novembeid auch 12. Pecembris
162 2967 1322 3143 dinsen klenden manschen in der
167 3087 1322 3244 oberen gefangenschafften, gentlich
168 3207 1334 3373 und ohne betrohung der marter
176 3314 1306 3472 läben solche anthat examinirt und
162 3437 1359 3586 zu vnd gestoßen, da dann der salbe
864 3555 1363 3667 nach beschriebene
2748 84 2819 182 5
1904 80 2517 220 Hans Zummerman
1665 175 2792 314 Nachbeschriebenn freyleichtige vergicht
1672 282 2792 416 und bekandtnuß von sich gegeben,
1645 394 2818 554 Namlichen er seye Hans Zimmormans
1664 502 2822 635 sohn von früterkhofen lourde lochen
1659 601 2758 751 38. jahr alt seyn, sein vatter habe,
1661 701 2866 867 Jahier ment, er habe eine den dienen
1661 807 2854 965 seye bey dem müller zuo früssligen
1677 898 2815 1092 einem dauren zu Balm, und seith
1660 1014 2812 1179 bass nachten bey dem Müller zuo
1692 1120 2837 1290 schüpfen gelousen, habe alle arbeith
1681 1253 2853 1431 verrichten helffen und seye nuter¬
1691 1359 2788 1527 Müller knechtli gsin, sonderlich
1681 1482 2875 1646 aber zum karren gebraucht worden.
1678 1618 2855 1767 Sin übrigen etc. habe er sich groblich
1695 1716 2853 1887 versendiget, in demma er vor etlas
1683 1832 2885 2001 züiths, sich daß erschreklichen lasters
1697 1957 2830 2098 der beotiatitat schuldig gemachet.
1696 2069 2804 2216 er belte aber Gott und eine hohr
1705 2197 2824 2353 obrigkeit ein gnad und Martzie¬
1672 2306 2774 2468 chung, habe lochen nit gelougt, daß
1704 2421 2741 2562 das so einer große sunde säye.
1715 2548 2570 2703 actum 121. Decembris 1140.
1753 2935 2629 3086 Daminal Arteil Aber
1802 3057 2904 3203 Hans Zimerman von Leuterkho¬
1793 3173 2590 3338 han einen veolianui
1642 3352 2884 3502 Wir schultheiss räht und burgers
2599 3488 2756 3596 lar
