3024 4032
563 166 1229 377 Johannd Rith hard
172 199 344 310 glt.
393 281 1484 481 trochen ihne zu Lehenen mit dem weisse
401 389 1469 570 Miedenenn zugethan, belches der Brats
422 495 1483 681 ihme Uoli nachwerts durch heigen volle
430 588 1390 790 seye aber sinend bethalts hierwan
1385 659 1428 731 2
445 706 1329 860 mlss miters vorgegangen
440 807 1419 1020 Nach demme er sich mit dem Grossen
203 752 389 1037 E
400 947 1444 1120 ion Biel zuruk nach hilterteigen
418 1046 1447 1225 gekommen, das sie nachwerther mit¬
400 1139 1429 1318 einander vorgenommen haben.
415 1259 1449 1444 dasse er Kiltardingen angekommen,
218 1287 378 1448 by
218 1338 1423 1557 Esabend sin so bald nit so gemacht, massen
423 1478 1431 1654 des Ratschi seinem mit ussen Bellin
418 1583 1410 1765 iche begen Thier gehabten
377 1685 1386 1859 Welso nach gegangen, und enharo
418 1782 1395 1955 etliche pothen ablochend gebessen
404 1871 1343 2028 sige aben seiner bieder runst von
387 1972 1418 2157 Ihm habe der Gratschi auch nit gsinn
405 2093 1428 2235 letwas anngefangen, etlichetag harnach
387 2184 1379 2325 aber kileter Juli von Saner kommernn
382 2294 1423 2469 thringekomen, habe er juge den statt
342 2393 1387 2565 schi angetrosen, daß by zürich orklin
375 2501 1393 2669 gegoßen habe, da von frarch ein
381 2585 1383 2772 emliche larthal machen sollen, sy
367 2699 1392 2855 siren ihme aber nur ethan tunst
244 2796 1343 2972 aderennd der stuk gerasten vorbey er
330 2900 1414 3085 anquarti keines beyd behuldig,
334 3016 1385 3158 sondernur zu heilen wamm eege¬
315 3106 1398 3297 gassen, da gebesenn Gris habe
339 3219 1381 3398 er Ingut keind von Sethanen
318 3333 1380 3509 Getling empfangen item büssell
340 3441 1386 3626 mitt wohar der Gratschi das huß¬
296 3550 1392 3731 und unnd den übrigen dor zu rechtigen
2777 120 2975 249 623.
1886 137 2785 382 DHans Ritslard
1826 265 2964 462 Werklang gehabt habe, innach den
1838 367 2972 535 der Grätschi ihne solchen zuo Houen
1848 441 2978 619 gebracht und denselben auss geferge
1850 543 2988 703 habe, so der Gratschi solches genommen.
1830 650 2987 834 Es sie nicht noch anders gelt gemandt
1595 629 1742 867 I.
1835 748 2876 896 geben, das er für halb gebasen
1840 838 2905 1009 und leerer Sibber darzu Jourmict
1818 961 2088 1111 haben
1853 1021 2938 1233 bledig sy nicht alle zeit darbey ge¬
1575 1117 1825 1225 R
1840 1169 2954 1351 othun von der gratlich gelt gegoßen
1832 1301 2821 1444 habe, gudoch beße er, daß dar
1851 1390 2950 1573 Gratt si Nerentimar Judertha
1838 1511 2899 1683 und von Lorsch letstarer haltung
1767 1569 1823 1685 1
1824 1605 2947 1785 aber der selben keiner gerahten sigen
1814 1720 2900 1882 bst hund pfundteren Samacht
1809 1825 2812 2024 haben das silber, so auhalten
1803 1946 2929 2127 daßel bestanden habe er inquiert
1745 2062 2920 2215 vorzu geben, büße aber nichst
1804 2161 2869 2352 doss vnnd siber huot gebesen sicht
1599 2218 1747 2468 X
1766 2330 2843 2525 Ist sin nicht auff jrenleholound
1800 2449 2651 2632 d. Tlar gemacht haben.
1587 2536 2904 2778 Gützelery sinem bussen mitt massen
1812 2702 2940 2893 er nicht alleheit darbey gebessen sey
1597 2767 1738 2967 s
1810 2809 2844 3048 Ans und vor Matari das gemachte
2835 2957 2881 2991 E
1945 2937 2060 3019 gält
1785 2946 2924 3119 silber bestanden, und verd solche mateli
1810 3061 2524 3244 darzu gegäben habe.
1614 3179 1801 3289 r
1836 3169 2813 3368 der Bratschi habe das Kupfer
1833 3286 2953 3485 formanet und habe solches noch seinem
1797 3384 2928 3601 Vorgeben von einem diens der gelehrt
1819 3518 2938 3677 gprapahern, sonsten dage jmme an¬
1814 3611 2952 3821 dere Maten darbey geweßen, als das silber
1788 3726 2821 3947 Io er jng der zu sommint.
