3024 4032
166 325 305 410 176.
413 300 1363 504 Barbara Rügspurger
289 434 1318 634 H. Ober Witsch nach lebe
289 568 676 698 r von
323 645 1492 823 ere, wie das bey sich habende kund zeichten
480 745 1150 875 und Marti Er seyen
303 825 1469 985 d das kind keisse flob vtz und sige
466 914 1485 1066 der khamen mitschin und wellen
428 1001 1328 1170 kuftzige machende er nachrin
310 1088 1453 1261 K. steil er ein flamden habe wie er
448 1180 1492 1345 zu die sein bidel Daniel Bentz hen kommen
459 1281 1485 1414 Sein bran habe ihme mit vollen
330 1287 451 1438 B
462 1366 1462 1544 helten, darauff sye er beid gahn
375 1483 719 1645 Gienens
259 1561 1115 1738 ihr bey vun er gedienns
288 1658 1441 1816 Aa Bry dem Momm vo Retti der keffi
454 1773 1447 1905 sye welcher enter Sollothurn
460 1844 959 1998 gebucheret habe.
279 1937 1449 2136 Hn. Shrnun begangen sich und vie lange¬
270 2073 416 2178 a
427 2085 1468 2222 da schon vor dem beuels dahr und seine
436 2174 1453 2338 alle dan gebärtig kunds nieder zu
430 2275 718 2393 kommen.
304 2339 1416 2511 . Wann das kind seye bekennter
436 2461 1172 2611 dem hertzen krage
269 2529 1151 2696 Uf dem Daniel Brats
248 2642 1483 2817 r. Wots zuo diesen mann gekommen,
240 2727 1450 2926 B denn Hanstag zuo Sterm her habe ein kund
393 2859 1459 3012 in machen zuo Schne getrommen, seye nicht
416 2943 1426 3093 allteitt beyl der Mann, sonderen
406 3030 1406 3191 daheim herr Gfangnauw und zuo
379 3110 1411 3293 Lengnambs gsin, aller er ihne
398 3222 1105 3373 Ssch langeret habe.
242 3311 1466 3516 R. Sose zu Langnaus zu sammen kein
328 3444 609 3604 zu man be
185 3508 1432 3692 N. Sim Wieths haus allso es zelt
348 3634 843 3801 cerricht
1800 323 2525 456 Barbara Augspurger
2636 385 2798 483 229.]
1556 370 2802 594 Durch Gußbar anlaß ad zu dern zu die
1779 497 2344 613 em nambseten
1542 573 2829 754 Den wels sage gsin gale Künischen sy von
1784 668 2775 841 Bern auf Neinstals von dar
1788 772 2813 946 aust einem schindans Nydoub har¬
1781 860 2734 1028 nach auf siek und Langnauw
1783 955 2221 1103 kommen etc.
1761 1058 2710 1239 solgbeit wyten vollen.
1523 1074 1729 1252 V tag
1566 1168 2276 1360 ants in dem kegmache
1778 1253 2821 1445 Vnnd der Nicl nungenen alldie
1535 1299 1739 1461 Wog
1747 1385 2516 1534 weil er bey ihme gsinn
1654 1456 2853 1640 anter habe zeküeheret, er habe aber aber
1788 1566 2824 1716 der herrn von Graffenries jhme den
1770 1653 2783 1815 dern absägen lassen darauff er die
1766 1738 2816 1913 kieche mit schaden begeben, und in
1816 1851 1860 1917 d
1775 1832 2432 2016 haland gegangen sige i
1788 1985 2842 2165 viemit dieße keck veuills nungangen
1536 1936 1753 2175 bläg
1783 2102 2835 2271 datzmit ihme von denen stalt ge¬
1787 2203 1972 2330 kommen.
1835 2240 2856 2438 Nienermit, er habe sind gehabt.
1560 2241 1814 2412 Antho
1780 2386 2821 2547 so ihme verberrestiert gsin, dess¬
1782 2481 2844 2640 wegen to auch ein spiells gehabt louffe
1778 2590 2687 2759 aber nicht die er darmit gangen
1541 2651 1706 2874 selig
1756 2709 2548 2878 Mormit sie sich erhalten.
1795 2796 2784 2966 der heil habe etbad gelte bey sich
1582 2817 1755 2962 Antlo
1781 2897 2697 3059 gehalt, daran so er sie behalten,
1793 2989 2818 3141 haben sich aber rin hingezogenn
1792 3079 2639 3217 ind nicht beschann g
1793 3164 2792 3292 wo er zu dem falschen gelt gekommen
1535 3150 1745 3294 1 lb
1774 3254 1950 3361 sege.
1562 3333 2817 3520 Anto Klein, das buch der er mitt alleil er
1792 3442 2834 3615 bey ihme gsin habe er nit geschmeltz, auch
1793 3562 2828 3722 mit geschlagen, auch nit gehammeret.
