3024 4032
82 248 209 343 11.
406 339 1472 487 gehabt, Rachlerts aber sagte es, as komme bohl
389 431 1468 579 heyn dass er auch ein dem bodengelesen
259 546 1448 712 H. Ober mitt sein kind so sorpfaltig in den Sat
394 661 1463 821 gethan, damit es solches heimlich vergraben
387 765 557 888 kommen.
398 900 1466 1061 Es halbe dem meit gebust zu Thun, Es habe aber
243 886 354 1031 B.
389 1015 1481 1143 das kind heimtragen mid seinen elterennkei¬
377 1104 741 1225 geben kellen.
274 1284 1395 1469 hrn Alls sich nicht anbeigert zu truncken, da¬
388 1400 1492 1548 man inne etwas geben hollen, die nachgebürten
372 1489 774 1646 zu beforderen.
376 1647 1471 1834 Es habe sich mitt sonderfahr gebehret, sondern
233 1657 352 1790 K.
372 1772 1123 1912 einen guoten theil getrincken.
227 1980 1413 2142 Hn. Guolen erscheine durchanß, daß es die
374 2077 1441 2218 Marheit spahren, er solle doch noch angezom¬
360 2171 1456 2313 sich selbsten gehen, und anchrichtig sagen, ob
359 2249 1459 2404 Es nicht eine schwangerschafft verlangnet
374 2322 1475 2488 und seine Geiss verborgen, damit es das
344 2432 1128 2580 kind auch heimlich abthunkenne
341 2651 1441 2833 Rainisondernes habe alleheit geglandt die
187 2722 338 2794 di
340 2769 1484 2940 Schlanngerschafften löürde friche grung anß kommen,
350 2838 1475 2989 hanes aber eigentlich gebusst habe, dass es
346 2912 1476 3086 nn die kundatha zu Thunbare leide er die
317 3004 1293 3189 lütherinloohl mitt von sich gelassen.
484 3196 611 3310 dan
326 3191 1496 3387 Abes langnen dorffe, da alle amstande lieder
180 3242 304 3389 9.
325 3281 1484 3482 ins gangen, daß es sein kindnicht gebalthun,
337 3370 1486 3572 etiger weise in das Leben gebracht, und tresantz
335 3449 1471 3646 mliche hand an daßelbe geleget, sonsten das sind
347 3544 1463 3752 nicht so erbarmlich bare zuogerichtet gelesen
1257 3654 1397 3831 d
1681 352 1799 500 B.
2774 320 2862 401 113.
1842 398 2879 575 es konne mit guotem Galdissen sogen unnd bezeügen,
1854 486 2887 635 anfrichtig, dass es gar keine handan das und
1844 566 2883 742 geleget, es konne aber bofl nich daßelbe gefallen
1846 640 2381 788 oder getrappet seye.
1830 757 2861 983 Jndiert: Es mache seine bache mit boßhafftenn
1845 904 2876 1071 Langnenner noch schlimmer, es seye zaleider
1864 982 2879 1117 zu Wiel an dem tes, solle also nur bekennen
1857 1066 2881 1226 daß es mit allem kleiß nur vorbedacht hand
1861 1149 2876 1313 an sein kind geleget, oder auch selbiges getret,
1859 1230 2874 1390 osten, und habe also daß albe vorsehlicher beise
1847 1306 2724 1465 im sein anschuldiges leben gebracht.
1718 1544 2864 1715 N. Nein das konne es gar nicht sagen sondern
1853 1652 2879 1793 des seye alles dargegangen lein es bereits
1851 1728 2891 1862 erzahlet, sonsten hätte er dem kindboll kein
1852 1816 2901 1948 leid gethan, noch thun mögen, es labefreylich
1857 1887 2891 2031 gefehlet, daß er seine schwengerschafft mitt ange¬
1864 1975 2849 2115 zeiget, das vorgegangene aber seye ihme
1853 2055 2883 2187 barthlich leide, Er bärberdett und eine hoche
1848 2144 2716 2293 Obrigkeit im gnad und vergebungen.
1833 2283 2915 2439 hierauf burde solches lieder an sein orth geführt,
1852 2425 2729 2571 Actum den 29. Augusti K. 9. 142.
2064 2648 2175 2780 Wtes
2193 2640 2584 2799 Eramen
1968 2772 2593 2899 mit Elssbeth zwergart.
1847 2857 2895 3043 Demnach ihr kundt sich an denen zwegen
1861 2976 2924 3131 sub E Pelens Augusti beydes letzthin, mit
1864 3066 2954 3228 dieser Blorggart, verfüerten und gehaltenen
1869 3163 2946 3316 Examiniens nicht erselbiget sonderen solittlich
1862 3236 2958 3372 roth sherrn Cendunnd also hier zu verorderen
1871 3331 2935 3454 Examinatoren ins ist Hürrenlid in mehrerenn
1875 3413 2920 3565 aufgetragen, dieses mensch zu erst inter ge¬
1864 3492 2918 3657 ntrefung, in nicht ersellichem fahl aber mit
2680 3594 2941 3728 verbeisung.
2890 353 2950 440 6
