3024 4032
145 220 243 299 40.
317 252 1461 406 walß dem blehirrtan Huchon und darinen
322 348 1408 484 sihardt auch den abend zu ihme verfügt
306 435 1443 572 si persinen sich nicht eigentlich ob der Genner
318 513 1434 639 bey ihres ankoufft berndts zuo Hanse ge¬
307 590 1396 712 elesen, oder nicht einmahlen habe er
306 665 1426 813 ihnen eid zuo tünten propouws, so sin
314 743 1447 885 auf ihre ein kostend angenommen, sogende
296 810 1442 934 lonilen sin lömters nicht als nach naberenn
303 896 1444 1049 zu gehen gesinnet, sonnen sie sich vohl
321 989 1404 1112 in solus anthalten, allso seynnd sin in
303 1063 1414 1199 hhrn. Denners stuben sinem gangen, habind
312 1143 1383 1289 allda hins getrunken, der Gruner
316 1219 1372 1344 legen in etwas beranschs, dunoch habe zu
306 1286 1424 1441 bey ihnen nicht mehr als am viertelin
314 1367 1444 1502 genossen 1 Mitlerlöul habe des Brunne
321 1457 1409 1571 das waldhorn ynblasen, der verkundte
315 1544 1429 1669 buction aber darzuo gesungen, nachorets
302 1609 1359 1744 habe der Grunck und der gepieten
317 1692 1399 1821 Bichon mit ein ander gegänkelt, mid
302 1773 1407 1915 Ienns diesem den hut ab dem kops
297 1871 1427 2022 gefällt darbey abes dunoch kein zorn
298 1951 1429 2102 pürichtiges noch ehr mühriges wort ge¬
303 2047 1386 2192 fallen: Endlich habe Jos Grunnenn
302 2128 1417 2278 ihren man ins beth gemahnt, dara er
309 2220 1420 2385 auch volg geleistet; Baum Logen er an
289 2303 1425 2424 zeit unnd bater etc. im beth, so halbe
311 2380 1414 2526 er den blehsieten sition long gehen,
301 2459 1398 2623 geheissen, solches sin, dann aller sints
285 2555 1368 2699 Thun wöllen, indimm stunde der
291 2657 1435 2782 dheines im blossen hemd auf, halbe
303 2734 1438 2838 den Gulon lönderum lom vormahls
289 2819 1439 2980 angetastet und gesprochen, zu doners,
305 2917 1326 3050 bub vil vill ders zeigen, grügen
298 2987 1346 3146 nach dem beth und zoge die hosen
285 3080 1417 3236 an, güngn also auf den blehörtz
286 3178 1378 3289 Cution gros ; nach demme sie mun
286 3259 1393 3426 ein ander gehalten und mit ein
288 3349 1399 3521 ander gerungen 1 heynn sin beyden
283 3459 1357 3594 ees fällig worden mid der brunnen
283 3534 1410 3710 miten kommen, er gezeüg vermahnte
1087 3684 1188 3784 An
2776 276 2859 338 11.
1798 260 2876 447 sin von ein ander zuo lassen, lolches sin auch
1791 347 2861 509 gethan, darauf hin er gezeüg hi außge¬
1780 437 2880 585 gangen habe einich gezuktes messer noch
1791 510 2878 651 auch einen sich versitzen nicht gesehen, in
1796 593 2892 719 ine stuben aber seynn verblinben, der Grue
1799 655 2810 791 dassen jebi mid sagd, der blehsieten
1800 738 2859 881 Hichon mid der andren keßlechen, also er
1791 821 2892 945 zezang nun draussen, hörte er den Boume
1792 890 2831 1022 schreyend, man sölle ihne zu halß kommen,
1808 970 2853 1098 man sollen ihne morden, Er habe auch
1791 1038 2812 1175 zülgleich den blehsieten Hiction ihne
1792 1121 2885 1257 gezung zuo hulff Susan gehört, mit verdinden
1802 1211 2841 1338 er seye bessert es habe gefählt; Morauß
1798 1294 2900 1426 hin er gezeüg mit denen herzuo gelaußtenn
1809 1368 2881 1501 Nachbarnn in die stuben gebrattenn da
1804 1447 2871 1575 warn der Brunns schon entlischen, der
1797 1523 2825 1676 blehsrte hechen aber blutete mächtig
1885 1786 2894 1941 orne Gward ein keßler auf
1798 1871 2880 2026 Sattoni von etwan 5. Jahren alters
1783 1975 2019 2107 zeüget.
1793 2136 2817 2257 Er habe, den Jats Haßles, und sein
1801 2234 2891 2323 knicht Cution auf den abend in der
1804 2294 2903 2429 satt in einem keller angetroffen nach¬
1807 2371 2811 2509 klonats seyend sie alle dren zum thot
1783 2448 2879 2571 hin außgegangen, willens zuo Wäberen
1798 2528 2905 2666 zu übernachten, im Rorbey gangbenn
1808 2611 2821 2729 carioel Werdenkete sein cammirad, er
1799 2684 2913 2812 habe denn leüflen einen brönnhafen
1798 2756 2924 2900 dntkaufft, dar von man ihnen noch etwas
1786 2850 2914 2988 schuldig seye. Morauf sie zum house
1798 2935 2894 3033 hum zu gegangen, sinns dann wein
1801 3015 2944 3163 gefordert, dann die herrn Grunnd gesagt,
1804 3112 2892 3237 sin habe keinen nein. Demnach aber
1801 3191 2960 3328 habind sin tuch in die stuben zu ein begebenden
1817 3267 2873 3413 unnd bald hernach sein erhalten,
1813 3366 2899 3505 der Grunns ließe auch eine schoplein
1795 3452 2922 3590 Zohlen mid habe angleichem tisch mit
2580 3556 2771 3662 ohnen
