3024 4032
56 226 103 299 4
326 342 1405 511 dieler habe mit muterthanigstein Klossert
328 437 711 569 zu verharren
824 438 1021 587 yniert
784 457 826 565 u
296 573 1243 721 hochgeachte gnädige Herren
496 697 907 843 Linger Gnaden.
932 720 1429 860 Gahorsenster Stanen
950 811 1389 925 und sints man
295 855 1261 1013 Thorberg den hr. Julynigs R. Eyger
459 1065 1036 1293 Information
283 1270 1423 1434 Hemnach ihr unden herr Hanns Schultheissen
316 1385 1420 1517 Steiger gestern abends von Gembhin Land¬
328 1462 1424 1611 Vogt Eggar zu Thorberg einberichtet worden,
313 1549 1407 1697 velchermassen Elsbell Livergaul Niclausen
316 1636 1396 1780 dess Grichtsessen tochter in oder buren Peter
304 1722 1389 1865 Rlaupholters, das kinders Hansen in dem
303 1809 1407 1960 Krauchthal, eines anhhelichens kinds nider¬
297 1907 1398 2043 kommen, daß albe aber in einen bar gethan und
303 1979 1404 2122 übel besorget, also daß man dieses kind an dem
294 2071 1396 2231 köpstli übel zugerichtet gefunden, dahero ein
291 2160 1414 2294 himlicher verdacht vorgegangener Geloalt,
294 2242 1411 2383 thätigkeit auch die beinbar gefallen, selbige auch
321 2313 1413 2480 also bald anh Thorberg in parfass gesetzet worden,
1277 2419 1343 2480 eigen
1085 2413 1259 2491 werd die
299 2429 1409 2584 habend hochgedacht ihr Gnden semlichen Groß¬
296 2514 1386 2666 weibel Morlothund dem grichtschreiberen
280 2611 1382 2771 von Bonsterben befelchlichen auch getragenn,
292 2684 1421 2862 mit zuzeüchung eines herren gediel und
277 2803 1417 2968 Aiguargi sich auch den orth selbsten zu begeben,
295 2870 1423 3050 und der sächen bekantnuss halber, eine grundt¬
291 2991 1372 3161 gliche informalion aufzunemmen hiesem
272 3060 1404 3230 hochen befelch gehorsamme volgezuleisten habenn
272 3134 1408 3328 sich ihr gnden hienerebelcher grossweibel undt
285 3224 1428 3400 der gricht schreiber auch hante gälte ber fruchen
286 3310 1436 3492 sages zeit, mit und neben herren Bollenen werde
269 3411 1427 3566 10. viel ordinarig und herrn insel Ongrächl
272 3509 1414 3663 Mermer nach dem kranchthal verfüget, und¬
1240 3588 1379 3724 allda
2709 276 2802 365 93.
1788 357 2844 556 alda nach damme das todte Kindlindurch die farblil
1790 463 2838 612 gielliet und geöfnet worden in derseyn vorer¬
1773 538 2811 713 ehnt Rsott Landtvogt Eygers auch thorberg
1784 602 2607 784 volgende Informalion aufgenommen.
1838 792 2396 971 . Elsbeltz Piser
1799 910 2752 1070 Peter Mannhoffers, deß Küester sin dem
1791 1001 2240 1132 Kranchthal Faleis
2583 1042 2784 1172 jenget
1786 1118 2841 1295 Gestern nachmidtag gegens ehren seyells
1799 1210 2815 1359 reth Zweygart von Burgdorff gegen ihr der
1810 1291 2840 1421 bezengin Hanss, so ander landstraß, gekommen,
1802 1365 2816 1502 sere aber so sechbach gelesen, daß er schonauch
1803 1442 2819 1599 der straß verschiedene mahlen nidersitzen
1801 1543 2818 1668 mußen, massen es nachst bey ihrem hanse
1811 1614 2845 1749 auf dem boden gesessen klagend sein fuß
1816 1697 2864 1826 ihnn ihme gar befe, sin gezengin habe inns
1797 1769 2857 1914 hiereich über den stag zu ihrem hanse geführt,
1808 1862 2833 1979 allles es auf ein noch gesessen mid zu erst
1816 1936 2826 2068 waßer nachbarts Weinbegehrt, in dessen
1805 2015 2824 2137 habe es sin gedunckt sin hörn ein kind, habe
1810 2099 2857 2223 hierauch ttem hohlen und die sache der wirthin
1811 2178 2869 2326 erzellen wollen, seye auch also bald zu dem wirts,
1797 2264 2856 2409 Hanse so nächst ber ihrer sohnung gegangen,
1804 2354 2868 2485 habe der wirthin gesagt, deß Niggi Sorggarts
1816 2432 2861 2569 Elseli seye bey ihrem Hanse klage sint gar an¬
1823 2511 2878 2629 einem huss es seye aber nus ein kind zu thuon
1815 2600 2859 2725 Werauf die wirthin dass eselis muotter geholt
1812 2679 2876 2799 Unnd bald mit ihra dahendin zu ihme gekommen,
1810 2750 2893 2893 habend daß albe in der stuben angetroffen, dersere
1824 2835 2872 2963 auf einem dauf gesessen und habe einen sal
1819 2907 2870 3053 neben ihme auch dem doden gehabt, da dann sie
1824 2990 2868 3098 Bezangin nebst der Wirthinuns der mülber
1824 3085 2866 3223 das mensch zu red gestoßen und ihme zuge
1829 3164 2895 3304 muthet, es werde ein kind haben belthas aber
1839 3250 2910 3393 gnlangnet, sagend es seye nichts dergleichen
1829 3320 2906 3462 mer der dauch habe ihme gerümplitz undthur
1815 3405 2887 3548 ime loche borauf die muder bieder heim¬
1829 3490 2880 3636 gehen und den san mit sich nemmenbollen,
2719 3578 2906 3694 helchen.
