3024 4032
18 147 98 241 11.]
426 127 1091 307 Christen Oberhard
208 307 1381 465 und deren bey 30 kernharben und bey
202 416 1378 559 26 burden roken a 2. jarben seinen velter
187 512 1381 655 tüthen, auch bey 28. härben von dem
172 591 1366 737 zehnden, vorhero dan in dem berg bey.
194 717 1380 842 netenen zuo zweyen muehlen eewelche stökli
171 783 1354 937 holtz ab denen hauffen genommen und ent¬
186 868 1347 1034 gendet, da er dann und ihonderheib
194 987 1375 1126 an anschen deß zehidens, groblich gefundigen
189 1094 1352 1225 und gefehlet. dessen gegen belte er
166 1194 1369 1332 Gott und eine hoche obrigkeit dehe¬
196 1281 1279 1423 müthigst im gnad und vergebung.
148 1402 914 1584 altum vorstath.
