3024 4032
65 234 110 308 15
378 354 1316 525 3. Christen habliger
411 492 1426 672 der sandt trager von Signan in
393 598 1441 768 gemeldter matten bohnhaßtz zeüget,
378 746 1440 912 er habe ussen gehöret, daß seine gutter
397 829 1411 1009 dem Elssbeth angemuthat, ab sige
382 958 1445 1113 Hillanger, es habe aber allezeit ge¬
401 1036 1457 1190 haugnet. Endeten hierauf aller
368 1133 1097 1289 seils ihre aussfragen,
499 1627 1196 1789 Elßbilli Germalli
397 1762 1379 1928 Von Signenber 29 jahren allers
1137 1867 1310 1990 agt.
558 1874 1026 1991 Elteren looß.
362 1981 1429 2137 Ouch befragenn, ob es nicht seye befrachten
394 2083 1414 2244 worden, daß es schlanges seye. wohl
387 2210 1423 2374 Was es darauf geantwortet: Rein.
265 2233 355 2374 s
381 2327 1451 2468 dann es habe solches lange nicht gebuß¬
388 2408 1432 2561 es habe aber seit etwas heist keine
373 2502 1414 2644 gheissen konnen vertragen, es seye
358 2593 1457 2754 ihme allezeit über das hürze gekommen,
281 2744 1400 2912 sy Ober diese rächt nicht kindsboche
233 2858 1392 3033 ant: geführet; – Reini es habe nus
353 2924 1392 3105 gleich, hie vorhin dänchloche gehabt.
228 3104 1308 3281 ir ob es dann nicht hin kind gehabten.
207 3254 1432 3445 ant, Mohli das kind seye im 23. mall als
374 3348 1454 3536 es auch das haüßlin gelesen von ihme
372 3428 1394 3650 gegangen und lenen es nicht gehen,
366 3501 1419 3704 vonen, habe es die räbelschner mit
1259 3628 1421 3745 dem
2776 338 2879 447 133.
1820 513 2858 704 dem messer abgehanen, bald siche die
1815 639 2848 796 Rachgeburth auch von ihme gangen
1827 727 2884 899 das kind habe es in ein fürtuoch gethan,
1828 820 2854 972 die stieden hinunter getragen uid
1828 905 2874 1067 em ställi miter das strohn vergraben,
1701 1050 2873 1247 er. ob den das kind nicht gelabet und ge¬
1829 1173 2215 1297 abrinet habe.
1691 1290 2900 1453 ant sein, es seye gantz kalt und tod ge¬
1846 1415 2014 1536 behen
1827 1534 2854 1687 wessenbegen es die schlangerschafft
1689 1535 1826 1675 4.
1840 1623 2415 1791 alle zeit gelougnet.
1679 1791 2725 1952 ant, meichere es sölche nicht geglandt.
1673 1940 2878 2120 Hr. ver vatter zu diesem kind gebesen
1652 2098 2874 2244 ant: ein müller knecht belchen es nicht
1831 2224 2851 2352 venne und seye er nicht mehr hier¬
1710 2360 2926 2515 hr. Ob es nicht noch nach der Geriss gelangneli
1669 2537 1802 2635 lant.
1800 2484 2915 2664 Es lebe boniters nichts gelaugnet, als
1836 2587 2918 2756 dass es gesagt, er seye einsterber schuss¬
1830 2681 2893 2830 von ihme gegangen, es berde gez-
1812 2778 2916 2922 schon huothun Actum den 3. ades April un
1846 3048 2858 3218 Nelalio Medico Shrirurgira
1806 3222 2896 3401 ducf erhaltenen befelch haben wir
1825 3355 2951 3502 fuds Anterzeichnete herit rach Bictags
1838 3436 2935 3588 in geblf junker landtvogt von
2635 3545 2968 3659 Wattenheilt.
