3024 4032
148 217 241 292 2.
355 267 1426 413 din meister seli hinin kommen, welche
334 368 1412 503 ihne auf abermäliges mein heüssen
347 448 1406 571 auch gesagte sin habe kirinn gein.
343 529 1397 661 endlich auf dero anhalten, habe sin
340 612 1433 739 gezungen, nein in der statt holen
365 691 1458 835 massen und ihnen darvon 4. maas
333 777 1434 905 samt einer zugenn vorgestellt; sie
321 855 1437 983 fordneten käss darzuo Meilen aber
335 944 1450 1065 keines vorhanden, habe die kesi ihnen
322 1025 1368 1162 ihr nacht ussen, bessehend in einem
345 1106 1425 1267 sub fleiss angebotten, so die kaßler
331 1200 1417 1330 angenommen, kurtz darauff seye
331 1292 1419 1422 ihr ass der Bruner auch zu hanse
339 1379 1412 1521 angelangt, damm man ein müerteli
339 1462 1446 1606 stum darrunhen minen sin baren
332 1551 1423 1664 alle gutes nichts der Brunne habe
339 1630 1424 1772 das Waldhorn geblasen, die anderen
339 1721 1390 1861 aber habind gesungen. endlich habe
345 1810 1437 1942 din jrsi ihren mann ins bekhzuychen
339 1896 1378 2045 angemahnt, der seine kleider auch
1367 2021 1397 2070 e
334 1980 1366 2129 auß gezogen, ihne bevor er aber zuo
333 2063 1411 2204 bethe gangen, habe er schumbahr in
315 2153 1437 2288 schimpfs louse, dem 1. Morice Hielion¬
340 2222 1399 2374 einem stoß gegeben, darvon ihne
333 2301 1379 2429 dne zuot entfallen loorauf hin der
333 2383 1380 2535 Genner sich zu bethe gelegt mid still
324 2482 1305 2587 gehalten mitlerconil habe der
315 2542 1419 2673 Bichon mit seinem huss gezanket, so
318 2630 1417 2758 daß der diss ihnne nider anderen,
236 2697 1395 2849 hinzulgen vogel geheißen der knecht
319 2780 1422 2932 dan dan auss, auch andern also
710 2862 1436 3013 bey Birsem gehank seye
322 2903 686 2987 titulirt.
323 2954 1420 3083 der Grunne im hend auß dem beth
315 3039 1328 3202 aufgestanden, vermahnen sin die
303 3122 1391 3274 keßlern allereits sich lag zubegeben
316 3216 1397 3311 voren vnnd der Bichon mit demm Geuner
315 3289 1362 3441 auch gezanket, sagend, er habe ihne
306 3375 1359 3526 angegriffen richt dem ein ehrlicher
312 3431 1417 3604 mann  Moranfhyder Genuer den
312 3544 1411 3686 pillion zue thür zmanß stellen vollen,
294 3609 1443 3752 seye aber selbsten und zwar zum anderen
1101 3733 1287 3842 mahl
2782 276 2886 364 19.
1808 282 2891 473 mahl zu boden gesällten worden; Endlich seye
1812 382 2781 528 der sichion zur stuben zmauss gangen
1800 442 2889 600 demme der guummer gefolget, und nach ihme
1804 514 2875 651 der ander knecht der Roht Kaler, sin die
1796 579 2852 723 Magd samt dem alten kessler aber, seyen
1810 656 2884 797 in der stuben geblinben, zu deit synes
1804 747 2883 881 vater etc. hernach seye der Gruner gantz
1808 801 2839 938 erblast und erschroben lönnderen in
1798 867 2893 1029 die stuben kommen, sin gezeigen aber habe
1779 961 2904 1082 sich hinauß begeben, da seyen die nache
1789 1036 2891 1158 barnid kommen hinzu gelansten, derrichte
1779 1104 2910 1262 kenßlig und der bution aber seynnd etwelichen
1770 1189 2894 1326 schritt von dem Hans hinlong gegangen mid
1789 1266 2851 1363 lömderum hinzu kommen, ine Hichon
1787 1337 2912 1473 Werdentete ihra gezungen, Er habe seinen
1790 1425 2808 1543 rnsten bekommen, Er seye übel blehört
1802 1491 2897 1635 unnd als er sich zum richt genaheret, sahe sin
1786 1575 2858 1710 gezeügen das blut von ihme ansimnen
1800 1655 2868 1773 daranff man ihnne verbunden, das blut
1786 1721 2912 1850 gestellet und ihne die ganze nacht besorget,
1789 1797 2888 1928 der Gumnes aber habe sich auß rath der
1798 1878 2909 2006 nachbaren beyzeits gemacht: Im übeign
1780 1950 2838 2086 habe die gezeügne londes meßen noch
1794 2016 2840 2141 anders gelochs nicht gesehen, noch auch
2854 2070 2884 2119 e
1792 2098 2915 2240 bemertet, daß ein strich oder stich gegäben
1782 2171 2019 2261 worden.
1781 2311 2893 2490 Peter Hatler von Er. Mastian auß
1781 2438 2858 2583 Hallen von ettlan 30. Jahrnn alters
1778 2515 2081 2654 sagt auß
1799 2648 2927 2803 vor etwan acht tagen habe sy dem Bruner
1798 2745 2835 2873 einen Küpfernen zeonhafen verkaufft
1785 2820 2929 2946 horann selbiger ihne anoch 3 cronen und etlich
1796 2887 2550 2999 batzen schuldig verblieben.
2550 2905 2909 2999 gesterigen
1783 2963 2885 3089 Jagd d 20. septembris, habe der Gruner
1780 3036 2907 3162 Tchin gezeügend vermeldet, er seye mit
1786 3110 2864 3249 dem haben nicht söllig zu frinden. 40
1777 3193 2938 3319 zezung sölle ihme einen anderen schaffen
1783 3267 2913 3401 habe ihme anbey ein schöplein sein
1783 3349 2896 3491 er gezung baren dessen lohl zu frinden¬
1801 3419 2943 3549 mit Burdanten er sollen zu ihm kommen,
1791 3500 2911 3648 gleichen tags im vorbeygehen habe er sich
2667 3614 2812 3714 mis
