3024 4032
112 237 233 334 116.
254 2225 368 2371 6
253 2546 374 2693 B.
268 3063 372 3230 7
252 3333 370 3477 B
437 371 1498 518 gegangen, allso es sich auf ein Sudtschi nebenn
432 470 1472 627 dem kause geschet und geklagt habe: da
437 551 1458 690 dann es Mulders ers zu ihme gekommen,
419 635 1465 779 und gefraget so es ihme fahle, deren er
425 722 1471 864 gnantortet am huß unden dauch, auch
416 807 1447 951 habe er grossen hurst, darauf habe die
415 880 1477 1021 Rufterin ihme angetriben in dem wirthin
418 980 1412 1104 hanse 1 wein zu holen, so auch geschehen,
430 1050 1427 1201 gleich nach der Rußerin weggehen,
418 1148 1469 1284 habe es von seinem tüdtschi auf, und in die
416 1222 1471 1362 stuben gehen vollen, und daas zu der anße¬
418 1318 1470 1442 iren schpellen, vor dem Hanse gekommen,
430 1394 1475 1531 unnd über selbige hinein welten wollen, seche
435 1480 1497 1616 das kind von ihme auch die schbellen geschossen,
436 1563 1458 1702 es habe ihns aber also bald eine ghumacht
433 1659 1461 1793 überfallen, also daß es olnmüglich bissen
434 1741 1489 1861 konnen bas damalen, hals zu boden gesundenn
435 1825 1457 1974 vergegangen seye einmalen als es lieder
428 1909 1452 2067 zuo sich selbsten gekommen, habe es das kind¬
417 2002 1474 2152 toden inenhar der sichbellen ligend gesunden,
414 2197 1470 2384 Ober das todte kind, als er solches auch gefe¬
432 2318 1482 2465 ven mitt besichtiget habe und gelügt bas ihme
430 2411 921 2545 etler fahlen möchte.
416 2555 1467 2728 kein als es solches todund sich mitt gegand
423 2650 1450 2829 gesehan, habe es den sach ein das kind¬
427 2738 1478 2904 eingeschlagen, und selbiges also in die stuben
419 2815 1443 2986 getragnen und daselbsten in den sak gethan.
416 3055 1424 3195 Wie lang die Kutharin einzucholen,
412 3172 903 3320 beggeblieben seye.
407 3333 1483 3496 Wbas zeitt, und als selbige bindarde kommen,
395 3419 1476 3595 sagte sin sie seye schier lang beggebliebenn,
413 3496 1502 3658 allein die wirthin habe sin begen der grostung
418 3582 1465 3759 nicht alsobald ferggen konnen, bald nach
1266 3681 1446 3818 Ira
1706 692 1806 843 S
1722 1029 1826 1165 B
1748 1234 1830 1365 H
1738 1636 1837 1777 3
1724 2128 1841 2293 S
1745 2414 1853 2583 d
2749 329 2931 438 1176.
1840 443 2862 628 ihra habe die Mirthin und seine muoter sich
1867 534 2327 655 auch einbefunden.
1844 705 2860 878 Ob die kußarin ehe sin von ihme gegangen,
1844 807 2869 977 ihme nicht zuogemuthet, daß er kindts wehr
1870 893 2008 983 habe.
1856 1075 2043 1162 Reini
1862 1258 2875 1395 Obnicht auch dess hrn. predicanten Rays
1868 1349 2907 1484 darzu gekommen, und das kind beschen haber
1843 1433 2693 1570 ihra solches nicht zuo lassen kollen.
1868 1683 2922 1813 Reini Conilan zu solcher zeit schon die kuchdarinn
1880 1772 2905 1911 und seine muoter, das todte kind geloufft,
1874 1849 2880 1984 und geschen, so busste es nicht darum es
1867 1933 2925 2074 solches dess herren blagd heit behren sollen,
1866 2122 2928 2257 Wo das kind gebesan, als die Mirthin und
1860 2235 2941 2385 seina bluter zu ihme in die stuben gekommen
1875 2442 2919 2585 Solches habe es vor dar den Lensteren, auf
1879 2527 2944 2673 dem Hampe sichend, naten sich in dem sakligend
1883 2615 2044 2730 gehabt.
1871 2764 2940 2906 Juotirt: Es habe biss hierhin die warheit gespahret
1883 2856 2952 2988 unnd trachte mit allein fleiss solche der hochen
1868 2916 2937 3066 Obrigreit zu verhalten; Es seye dermalen
1869 3005 2939 3158 ernst und man sage ihme, daß infahl es nicht
1887 3100 2955 3237 guthillig die Marteit aussagen und bekennen
1893 3174 2957 3323 bolle mann befelch habe, mit der marter an
1871 3257 2885 3419 ins zu setzen verzuo der Schart richter
1894 3341 2953 3503 dürklich paral vor der thür, es sölle dorhin sich
1880 3405 2934 3567 selbsten Jetem, Gott und dem hochen richter
1885 3506 2931 3651 die Marheit bekenen und sich selbsten vor
2745 3579 2962 3713 schmerhan
