3024 4032
251 1266 305 1391 2
176 65 306 172 56.
599 64 1249 235 Babriel Heiner
262 164 1424 393 hrn gesagt, daß die drine klußlich beg
362 287 1421 519 gebrachen sich ein punend unglück gen
356 382 1423 563 elousen, solle nun gezehlen lon die
332 467 1036 613 sache hargegangen.
252 570 1445 778 1. Es seye an einem dinnstag abendig
349 691 1431 860 gelorsen, da er auß der statt nach
353 774 1445 961 hause gekommen, die magd habe ihm
341 871 1379 1028 alsobald gewarnet nicht fromen
348 986 1396 1109 zu machen ins seyend keßler da
344 1079 1374 1219 berliche beranscht und schon fremen
352 1172 1423 1334 gemacht, weilen man ihnen nicht
351 1272 1418 1400 grad dem geben wollen es habe
352 1351 1343 1503 aber demnach mußan auß der
340 1443 1380 1581 statt holen, da ihnen von seiner
348 1541 1422 1686 heb: Sinn halb mas yngeben worden.
360 1618 1429 1762 Horauf sin, ohngnacht moni udincht
353 1713 1355 1859 bulden wollen, darmit im die
345 1804 1354 1963 buben gegangen und habend
340 1884 1418 2056 nicht loug geloolt, sondern hinn
334 1998 1367 2162 halben maas nach der anderen
334 2111 1380 2256 zolen lassen, auch sein sigen
342 2197 1410 2352 nacht ussen aufgezühet, Er habe
339 2284 1431 2448 hins auf dem waldhorn geblasen
340 2364 1381 2518 und sin habind gesungen, ihme
311 2474 1399 2604 buch zuo getrunken, lonilen er aber
323 2565 1411 2712 in der statt siner gedeünken, habe
309 2653 1416 2787 erkein glas abgenommen, darüber
316 2749 1390 2901 ihnn den keßler geschimpfet, er
310 2852 1419 3012 onaniert habe sich hierauff, auf seines
309 2940 1381 3090 krss anmahninn zu bethun begeben
315 3044 1371 3197 und seye hatt eingeschlaffen in¬
290 3147 1404 3294 aßen habind die Kußler Louli¬
299 3256 1354 3388 mmut Lerman zumachen, so
306 3324 1403 3475 dass sinem diß augueorenn ges
287 3423 1402 3577 ihnn nach etwas zeits hinder auch
263 3522 1347 3701 ynlonknt, fragende, ob er sin
1035 3645 1208 3762 und
2749 260 2859 341 53
2055 224 2682 372 Gabriel Henner
1816 302 2865 472 und ihre under dem herzen tragende
1800 392 2826 551 Linbes brucht sölle ermorden laßen.
1827 481 2841 608 hinrauf seye er aufgestanden nid
1805 559 2874 706 habe diese Kerls Loeg zugehen ermann
1812 641 2851 811 wollen, seyend aber also bald alle drey
1810 723 2754 867 an ihnen gerahten, habend ihne
1794 806 2843 963 zuboden geworffen und geprügelt
1821 885 2784 1035 auch das kind in der wingen
1826 975 2871 1140 inngekhent, da er sich nun über
1829 1057 2799 1206 mannet gesehen, seine hran auf
1835 1159 2847 1305 dem bethe gelegen, klagend sin
1805 1242 2830 1367 habe einen streich bekommen, glan¬
1813 1339 2879 1490 obende kunds zuo gewesen, er salbsten
1821 1428 2879 1573 bespiet harn end hafftig geblütet
1816 1520 2875 1619 habe er zum Henster Hirauß, dann
1832 1597 2879 1731 nach bahren, sonderliche h. ochs im
1836 1673 2857 1831 Gottes harmhertzigkeit löillen ein
1821 1771 2860 1896 hulffen gerüffen, louben aber nie¬
1813 1856 2880 1977 emand gekommen, habe er zum sonster
2683 1927 2850 2005 glistliche
1821 1937 2882 2074 Emmans Springen wollen, den habind
1828 2020 2794 2149 aber ihne verhindert, zu dessen
1809 2074 2887 2238 habe er allezeit nur in dem heid
1819 2180 2817 2318 seynno ein basonet ab sinem
1834 2255 2894 2397 auf dem trog gelegenen ereit er¬
1830 2340 2874 2470 leischet und sich durch die hanster
1821 2427 2863 2536 Lanwen wollen, danna Keßlarn
1839 2510 2887 2664 nn Gottes barmhertzigkeit willen
1838 2591 2872 2765 anhaltend ihnen und ihme vor
1832 2693 2863 2836 nnglinbe zu seyed, looranf einer
1828 2790 2873 2919 von denen keßleren ihme nu¬
1813 2858 2784 3041 glück hafftigiger loche in das
1840 2936 2918 3130 pasonet geschoßen, also bald sagende
1827 3034 2911 3191 er seyn besirt und als derselben
1838 3129 2909 3290 vor das Hanß gegangen, seye er
1850 3211 2911 3397 minder gefallen, dieses alles
1838 3327 2916 3479 nun habe er inquiert also bald hr.
1673 3399 2917 3583 mnenbäntzen solen erzehlet, lonlicher ihnn dan
1821 3502 2932 3639 zum lang gehon angemahnet, deme
1837 3606 2329 3737 er auch gefolget.
2624 3681 2717 3795 so
