3024 4032
82 171 191 262 19.
649 197 732 294 stas
606 272 705 334 .
780 264 1129 384 Hament
525 316 1186 465 mit liss beth zweggert
376 454 1455 613 ingehorsammer volgleistung ihr Gudli
391 550 1462 713 Sefelches denn hurrenne hat Gessen Rathi
384 635 1463 796 herr Lentins mit zuozeuchung berichten
387 717 1462 874 großweibels und dess Grutthreibers
382 787 1455 964 mit diesem blanschen, über die teüte dießde¬
364 888 1449 1040 forths aufgenommene vernere informalen
373 984 1461 1122 nach abermalen gethaner frustgemeinten
379 1071 1461 1221 frinerung und vermahnung anoch angezo¬
376 1160 1435 1317 die füre wahrheit zu bekennen volgendes
382 1243 853 1393 camen gehalten.
219 1438 316 1590 G
369 1438 1444 1620 wie es sich erfrechen dersdan, an belichstein
370 1560 1432 1724 Jagnan Burgders zuo gehen, da es lassen
353 1647 1457 1818 söllen, und voll gebüsst, hie nache seine demissen
358 1766 522 1894 eye.
190 1940 1436 2145 A. Bichi lomes solches gelust hatte bärnnd behlen
357 2074 954 2225 nicht dahin gegangen
240 2239 1441 2423 Hn. Wie es seye von Burgdorß gekommen, unde
352 2368 1417 2523 die es gegangen, daß es diebel getragenn
198 2510 314 2674 B
330 2537 1432 2712 es seche mit seinem bruder gegangen biß
329 2650 1432 2782 in der Ruhebeid, allho es nieder gesessen,
333 2717 1414 2871 und der bruder voraußgegangen, er habe
328 2809 1466 2953 ihne aber ber einem zug, da er etlers gefolden
333 2877 1423 3056 binder angetroßen, und lagen die sub allda
84 2924 310 3036 aufladenn
332 2977 1431 3108 auf dem Soden im vorbar gehen habe es
310 3043 1399 3227 sölche aufgenommen und als der bruder
307 3127 1423 3309 selbige bieder trägen söllen, habe es gesagt,
307 3264 994 3415 es trage sin eben so gern.
216 3396 1426 3601 Zu Mars sagen derße, daß es erst über der
297 3504 1412 3706 Hansen gehellen kinds genessen, da doch
1256 3595 1405 3708 die
1669 707 1778 885 X
1717 1378 1785 1498 s
1691 1538 1804 1684 B
2754 315 2866 408 N3.
1838 423 2864 651 die cußterin das kind schon gefert allda heil
1843 567 2553 728 es noch auf dem bloch gesessen
1833 746 2836 913 es komme nicht gleiten, dass die solches sagen
1842 820 2848 1000 dörffe, einmalen seye das rinderstüber
1848 908 2839 1062 der schellen von ihme geschoßen und habe
1832 983 2838 1138 des solches damalen zu erstaber nur ein
1843 1074 2887 1234 henig gehört, inmaßen es grad ver Thumacht
1843 1139 2428 1302 allda Riedargefallen.
1839 1337 2816 1529 Was sonsten domalen beiters geschachen:
1848 1551 2825 1724 Es leisse und kommen mit guotem geleissen
1852 1659 2697 1796 nichts heiters sigen noch bekennen
1821 1814 2884 2001 Jnoteil er solle doch dermalen nochddett und
1858 1938 2880 2088 der hochen Obrigkeit die ehre geben, sein
1845 2029 2904 2150 herze kommen, und sein gebißen entledigen
1857 2108 2893 2262 man sehe ihme an dass die Marheit ihme
1853 2197 2893 2344 auf der jungen seye es sölle doch bekenen
1845 2273 2916 2414 de die sache bereits nur allzu der an demn
1850 2363 2892 2503 tag, daß es boßhaffter beise und in kösen
1840 2450 2913 2608 versichten seine schwanderschafft verlaugnet
1846 2539 2881 2683 her seiner damisst die kuhderin von ihme
1851 2621 2918 2753 geschicket, damit es sein kind vertuschen sund
1854 2707 2920 2850 hie beschehen, mißhandern konn, daß es hiemit
1845 2794 2902 2947 sein ligen kind im das leben gebracht, die
1846 2889 2933 3043 hoche obrigkeit berde sich en sein hartnabigten
1844 2975 2884 3113 langnen mitt mehr kehren sondern eine
1841 3067 2916 3196 kunde Gerantnuß haben söllen, maßen in
1850 3138 2936 3300 ermandlung deren, es sich ohne fellen berde¬
1858 3233 2901 3376 an die marter bringen und ihme eine
1848 3325 2475 3460 fartern straff zuo ziechen.
1755 3478 2906 3626 Zu Manas kein Mahrers bekennen thein müßte
2814 3574 2908 3692 18
2856 972 2910 1034 er
2862 368 2929 447 32
2824 738 2911 868 ven
