3024 4032
15 196 77 280 10
279 323 1403 504 jaren seye ihra aber gar angst gebesen, heilen
281 428 1408 594 es sin gedunket daß sie ein kind greinen enteret
279 517 1392 659 welches sin der wirthin auch gesagt, darauf diese
285 592 1405 761 geantwortet, man habe schon geredt, daß es schlangen
270 692 1387 815 Hann sin Getengin habe anberg der Wirthin
278 769 1401 918 angehalten dass esis blüdter zu reichen, under
265 862 1374 975 seye wider heim gegangen, sie habe aber das
261 946 1374 1087 Alsi nicht mehr vor ihrem Hanss angetroffen,
265 1035 1397 1180 sondren es seye inzleischen in die stuben gegangen
267 1124 1402 1263 sie habe danoch noch nichts gebahret sonderen habe
267 1194 1396 1359 ins auf dem Bouch dan danen pfensteren sich and
267 1300 1361 1436 angetroffen, da sein sawneben ihme auf dem
277 1387 1398 1523 danck gelegen, und als sie ihme ein lenig wein
266 1478 1367 1606 zu trinken gegeben, habe es gesagt es seye ihme
267 1551 1368 1703 jetz basser, bald hierauch habe ihre die mirthin
268 1647 1397 1780 gerüsten, sie Gezendin sölle hinauss kommen, under
253 1731 1395 1853 habe ihra auf der thur Silbellen etwas gezeiget
253 1805 1358 1947 da sin beyderseits gesehen, daß von dem flus ouch
261 1892 1372 2031 gar schpellen geleusenn müttler beuilen seye dess¬
257 1993 1328 2123 alsis küber auch zu ihnen gekommen, und mit
261 2068 1370 2217 ihnen in die stuben gegangen, da dan die munder
255 2152 1369 2292 ihus angeredt, das es mache, es sölle sagen, ber¬
244 2240 1373 2370 mit es inngehe, es werde ein kind haben, es habe
249 2327 1376 2466 über milts bekennen vollen, obschones damahlen
242 2406 1313 2561 das kind neben ihma auch dem danck gehabt,
231 2495 1358 2643 hernach habe die wirthin auch mit ihme geredt
231 2583 1374 2700 endlich habind sin die mütter ein lönnig allein
224 2671 1367 2815 mit ihme reden laßen und als sie die büchter
227 2759 1389 2922 lieder heimgehen wollen, habe sin den salen belchen
221 2859 1359 3007 des begind neben ihme auf dem danck gehabt.
222 2948 1376 3087 mit sich nemmen wöllen, es habe aber solchen nicht
211 3021 1412 3191 gegebengsondren gesagt, es sölle ihra bald nachtennen
221 3134 1016 3272 und den das selbsten heimtragen.
171 3252 1364 3425 Buch an sin gethann tragen sagte sie betzungin:
178 3411 1407 3583 Dso sie habe die zeichen auch der Hanss für schwellen
208 3521 1353 3689 selche zimlich hoch seye, erst gebaret, als die
1102 3656 1391 3805 werschin
1611 16 2850 382 Wirthin gekommen, ira zinauss gerüssen und
1639 159 2880 489 sölche gezeiget, da sie solches auch damahlen beg¬
1628 400 2060 629 heyssen alten
1574 435 2935 775 K. das lli seye so lange sin ihns damahlen gesechen,
1655 599 2691 863 ollezeit bey guoter vernnst gelesen.
1574 735 2845 1024 Hn. aldas vor dem Hanss gesessen, habe es
1672 869 2641 1111 einmahl das kind noch nicht gehabt.
1593 1009 2915 1257 Shändendlichen habe sie sich ehemahlen in der
1665 1142 2940 1388 bugstgeirret, und seye es ein verschuss gelochen,
1680 1258 2916 1450 mansechen dess sächselbiger seye einmahlen
1664 1351 2933 1534 nicht am boden sonder auch dem kenk neben
1671 1509 2124 1658 dem Elsi gelasen.
1614 1684 2672 1891 H. Marty Gladle Guieriel
1680 1850 2948 2010 zeüget, über das ehemahlen außgesagte die
1688 1941 2939 2113 minder habe ihra gesagt, das Elsi seye kindber
1711 2058 2945 2193 feren als sie Getzengin hingegangen, und
1704 2136 2878 2287 das unnd beschen bollen habe die überin
1700 2235 2939 2359 Ellsbeth Pisters gesagt, es seche schon gebücht und
1701 2330 2952 2467 gebaschen nach langem aber habe die müdber
1713 2404 2897 2563 solches auß dem sach, belcher zimlich hinten
1712 2512 2981 2658 enter dem danck gelegen hervorgezogen, das
1720 2600 2955 2748 als habe nichts geredtnoch gebehret, und könte
1719 2695 2982 2851 sie dazungin nicht setzen, daß das Elsi den huss auch
1718 2779 2246 2943 dem bach gehalt habe.
1662 2973 2887 3201 C. Anna Rollisberger die Girthin
1720 3135 3031 3363 zeüget, deß Kuesters weib habe ihra ein vierteli
1743 3240 3030 3445 gefänschen, für dess Riggislli es seye begihrenn
1731 3352 3029 3529 Hanß, es klage sich an einem huss sin glaube aber
1742 3458 2996 3615 es seyerppis anders es habe sin gedunckt sin habe
1751 3551 2948 3704 Geris gehört, darüber die kuderin frader
1773 3623 2900 3800 virthingesagt, deß alis muoter zuo Reichen
2759 3796 2949 3938 als
