3024 4032
56 209 168 310 112
481 248 1290 431 Ksbell Wermull
285 470 1370 695 hr. Abet sein kind nicht geführet,
289 733 1429 908 N. Wohl biss alle in der wochen vor der
364 843 1417 992 Riedarkünschi, da es hernach nicht dase
370 940 1155 1093 geringste mehr geführet
362 1122 1419 1293 Es habe ehemalen gesagt, es habe
366 1230 1439 1386 hine truben gehabt, das kind darenn
367 1316 1419 1478 zu Thun, von solches tod auch die welten
375 1415 581 1534 komme.
305 1609 1418 1758 Nidas aber mitt, daß es eine darfür
359 1700 1441 1849 gekouss, sondern habe sölche schonlangen
361 1798 1221 1956 und sein zeüg darin gehabt.
304 1973 1402 2154 Herrn Was dar Sigrist seye, denne es die
346 2097 1023 2254 trucken guben bollen.
308 2301 1394 2464 6. Es seye sein vatter der sigrist zuo
349 2444 611 2569 signan.
278 2600 1392 2759 hinds es nicht müsel gebraucht, das
305 2723 880 2845 kind alzutreiben.
289 2857 1403 3031 R klein es habe ihme nur auf der
347 2972 1419 3136 gunst gefellt, es habe dem Poctor alle¬
355 3077 1213 3230 mahl des waßer getragen.
337 3257 1435 3395 Jnotirt es als ein mensch von seinem
329 3329 1396 3490 alter, belches mimehre das er. Kind
336 3423 1437 3591 gehabt, hätte wißen sollen, daß die Rabel
328 3506 1411 3693 schnur an sinem rungebohrnen kind
1231 3655 1448 3777 müsse.
1696 3489 1821 3571 44.
1744 3553 1814 3654 6.
2732 308 2855 411 113.
1871 270 2576 457 Elsbeth Wermull
1805 520 2837 708 müsse verbunden oder gekünffel
1798 616 2853 819 berden, damit das kind sich nicht
1805 739 2082 852 verkute.
1721 950 2789 1142 Als habe solches niemalen gesehen.
1733 1167 2858 1356 H. Ob es dan nicht bissn oder gebust haben
1814 1275 2855 1422 daß man die rätelschuns an sinem
1783 1387 2877 1537 kind, velches frisch auch die walt gefohren,
1827 1488 2875 1639 werde, verkinden oder knupfen söllen
1759 1589 1837 1650 #
1833 1683 2856 1842 Rein, es habe niemalen daran ge¬
1759 1698 1819 1809 1
1842 1795 2088 1905 denket.
1838 1950 2869 2117 debeissenn, daß es solches gebußt, seye
1838 2086 2856 2224 daß es selbsten sage, es biße nicht die
1833 2162 2415 2320 mann solche verkinden.
1769 2307 2854 2495 E kein es habe sölches nicht gebußt.
1762 2577 2919 2758 K. Es habe ehmalen bekent, daß es das marten
1841 2688 2902 2818 Mandal bohl biße, darum es dann seine
1830 2766 2936 2955 schlangerschafft gefangnet und verschlinen
1840 2930 2004 3045 ggen
1809 3008 2895 3173 A. Es habe solche anfänglich verschlingen,
1858 3104 2922 3276 da es aber solche gerne hätte gesagt, habe.
1852 3182 2922 3355 ihns niemans meer gefragt lanes
1858 3273 2941 3425 solches grad gesagt hätte, hätte man ihns
1868 3366 2921 3517 vortgeschicket, da es nicht gebußt banß:
1852 3457 2713 3563 Mein es habe das niemaln gewüßet.
2660 3527 2936 3668 Morun
1851 3539 2628 3652 Es sölle die warheit sagen mid bekennen
1868 3613 2605 3697 ob es nicht gewüsst dass man den
1864 3659 2648 3750 kindern die nabel schnur verkinde
