3024 4032
207 253 343 338 8. 93.
628 272 1468 478 Christans Klches daran
479 366 1525 593 dem faltschrinter vorgeganngen sin sollenn,
455 505 1531 665 de unfarbedung, aber die auch daß der
445 587 1530 800 Gartschi imme ettwas an nit seiner kosten gefangn
453 667 1233 826 (daruß slis er ihme auch einbekannt.
384 803 1516 1011 Delchemnach ber da der v patschi har
429 902 1467 1050 vorgebracht zund mit dem kautzman
437 977 1226 1149 folgenderman den confroubiert.
436 1105 1523 1350 Darieldral Khünn Christen Kerchi
707 1255 954 1347 gmante
124 1196 406 1384 Iren heisse
451 1254 1511 1429 Gbricht der vor angen stehender Kaußman unnd
434 1342 1501 1517 Jaggi das franten Wirths auß zu Biel Keyssenn
412 1436 1506 1609 pfal gebrach unnd ihme tag geheisen habe selbige
443 1497 1501 1691 anßscheiden und das matten batzen ira darach
432 1607 935 1725 tachen zuo lassen.
220 1643 404 1806 Cuse
432 1680 1460 1861 gan, des Rauff man habe sethane Serg, den
405 1804 1469 1949 in gfal nach biel sinn deroth gebroufft, und solen
386 1882 1421 2039 malen auß dem boden gelegen, zuoglich ihme
403 1969 1489 2135 Jag das obige auf gewegen, verfür ehert
427 2066 1446 2231 dem Kaufmann tags doch er 23. tin¬
354 2166 842 2306 verlagt habe.
421 2258 1433 2405 Der kant mann aber sy viedarts, dan
410 2363 1408 2517 ey ja dem Bratssli verthane Stempffel gegeben
390 2456 1424 2622 so habe er misst gebüßt, daß er Steinfal
384 2553 1439 2718 gebessen singen, die darbeyffenn auf verlagte
405 2658 1422 2825 sommissen aber sige nit bassind
387 2766 1414 2928 die von dem sratschi empfangen
376 2863 1423 3030 dh. Syen für ander bürtig dem selben
386 2974 1161 3107 gemachte arbeit gebesen,
373 3088 436 3168 E
293 3097 1396 3244 Gustes desto leeniger verbrebe
378 3200 1434 3353 der Beatschi auf siner auflaggend
377 3288 1321 3437 der Hanssman auf der Regalie
58 3378 411 3569 Wan Braths
445 3388 1412 3583 Ob werd Hans So mann ihnne habendt
370 3516 1437 3683 euerbolten habe, daß der Bustman sher
364 3606 1010 3742 wölle lehren müntzens
190 3663 1421 3868 dn jar inn ward erstmahlen zu junge hin
2813 363 2958 482 109.
1851 345 2811 540 Daniel Brathafft und Christell
2051 425 2408 571 Walfsulbelle.
1852 504 2947 688 Wiethrkhaus nach haro in dess Kander
1839 624 2928 769 manns Hanss sonderlich aber dazu¬
1843 714 2885 836 massen, da derselbe ihme jugi die
1849 797 2938 955 stumpfel überkröchst, nach dan der kant¬
1816 900 2934 1045 r mont sich damalls gegen ihnn Jag, verlandten
1851 987 2935 1145 hosen, der kauffman bolte ihne zuo einem
1863 1078 2934 1240 Wirthaufft biel frnhrem der mit dem
1832 1163 2902 1321 mertzen ein geben könne, zugelich guote
1868 1255 2639 1411 hebegangent dar zu habe.
1935 1333 2881 1520 der lanssnen kommen und dieser
1771 1431 2951 1572 halles nichs ablaugneten douck aber sagte
1887 1514 2908 1694 derselben nichter Bertiert zuo nockten ze
1659 1569 1846 1682 Mer habe
1865 1629 2930 1769 nechst damit im zugeten büssen des pas
1865 1709 2902 1886 by deß fahts geendt sige im diesertiges unnd
1851 1814 2773 1977 offers betrunkner beid geschaten
1923 1899 2890 2080 Mohar ar die stampfol gehabt, under
1567 1880 1901 2067 Item husseren
1860 1998 2603 2151 der sin ihme gegäben habe
1851 2082 2900 2238 wolte hierüber michss gfrandle antworten,
1656 2089 1777 2225 ss
1843 2183 2863 2363 sinne schlichter gedacht nuß verschützenden
1595 2255 1988 2434 Srndlinden
1821 2348 2839 2523 Günst der Gratschi zu ihme nach
1869 2449 2897 2591 geüol mit den eravierten sämpflin
1854 2527 2883 2676 gekommen unnd ime zug, solche gezeigt
1841 2604 2849 2789 habe Item ob sy mit nach berth mit an
1828 2699 2834 2853 maldten Sämpflen zum bidlerwichten
1857 2797 2852 2960 eonh Giel gegangen und frsag dem
1827 2875 2864 3057 Bratschi gesagt, er wolen er mit dem
1817 2958 2860 3148 nselben so dem genigen wirth, so alle kommen
1860 3054 2639 3218 lichkeit zum müntzen habe.
2001 3201 2038 3246 W
1650 3140 2876 3322 Da der von sich miss daran frommeren sy könne
1859 3255 2562 3392 dne seche und vonne nit seye.
1818 3335 2830 3504 Obschon dem landtman syenter schind
1833 3448 2848 3596 lichen massen nachtrucklich zugeredt unnd
1847 3530 2848 3684 derselbe zu bekannung der valckeit an¬
1860 3609 2859 3772 gemahat worden, so hatte er sich immer mit
1824 3705 2858 3893 siner schlachen gedacht mit entschuldiget
