3024 4032
113 289 260 384 44.
569 287 1303 436 Elssbelli Wermulli
327 473 1473 649 hhy Marumas sein kind, als aus Rieder¬
420 614 1460 760 gekommen nicht mit ihme in das
390 710 903 841 geth genommen.
334 879 1410 1047 Silacht es habe da gefehlet, es habe ab es
378 994 1221 1158 gar keine gedanken gehabt.
330 1221 1431 1349 her Wann es keine gedanken gehabt, loußen.
400 1327 1436 1463 wagen es dann das kind hinuntes ge¬
389 1415 1475 1568 wägen und mites das stroche verborgend
307 1586 1418 1742 Nidicht es bissers nicht, es habe nichts
374 1709 662 1845 gesinnet.
278 1893 1428 2042 s Es bisse doch dass kein mutternmutig
365 1982 1422 2136 thier seye belches nicht sörg zu seinen
358 2079 1399 2219 yungen habe, darum es dan sein kind
364 2165 770 2325 nicht besorget.
286 2309 1386 2498 aichs habe gröllich gefehlt, denoch habe er d
359 2435 1008 2593 keine hand angelegt.
268 2604 1409 2795 thodb es nicht, nach seines Riedarkunfften
317 2735 1411 2896 seiner gaasen gesagt, es seye ihme
326 2845 694 2992 gez beßer
260 3039 857 3210 Sidas ein morgen.
247 3187 1411 3383 hhrob es ihre nicht gesagt habe es seye
315 3288 1402 3478 ein grosser fuss von ihme gegangen,
246 3491 536 3623 A. Jol
1166 3611 1409 3812 u dem
1935 249 2627 437 Elsbett Wermull
2775 319 2901 429 145.
1730 436 2878 642 h. Ob es die selben nicht gebetten, er solle.
1845 532 2327 682 doch auch leischen
1743 718 1840 845 1
1851 711 2859 883 sein, es habe sie nicht gebedten auch zuo¬
1835 813 2829 992 züschen, sondern sin habe von selbsten
1834 926 2871 1096 auch gelischet, und seye auch gestanden
1827 1040 2840 1204 des habe sie nicht gehört, er sachen schon
1823 1144 2805 1303 zuvor aufgelesen und habe einen
2803 1207 2855 1283 2
1821 1250 2903 1405 hafen mit bschen genommen, und daruf
1821 1362 2132 1495 gestranet.
1748 1588 2896 1783 Her Marumas nicht also bald gesagt, daß al
1824 1727 2251 1861 ein kind habe.
1749 1928 1845 2049 6
1843 1897 2936 2088 Es habe sich vor seines grosen geforchten
1828 2017 2862 2194 etet, sin seye allezeit falschen ihme
1839 2167 2089 2275 gelesen.
1744 2355 2942 2488 Hn. Es habe hiemit die Riederknechts vollen
1828 2467 2185 2632 verborgen.
1758 2646 2902 2817 ails habe vohl geghandt, daß solche nicht
1836 2766 2602 2916 berde verborgen bleiben.
1762 2964 2929 3125 hindt es dan nicht in dem Sinn gehabt,
1832 3082 2644 3232 des kind zu verborgen.
1769 3281 2886 3467 nichs habe gar keinen sinn gehabte.
2797 3545 2947 3715 u
2746 3602 2804 3741 9
2879 684 2909 791 s
