3024 4032
61 265 151 348 126.
298 324 1452 463 g nach ergangener und angekündnter
410 409 1415 529 tedes ehrtheil, hat die Elsbeth Blery
408 484 1432 597 gart in der letsten nacht dem herren
400 543 1417 676 faß nachst Crinin candidato eofnet minen
403 604 1410 724 bekent, daß sin wer lebendig zur bult
400 680 1422 802 gebohrne lubes frucht den kopf mit dem
393 750 1402 868 rininn wurdenncket, und sine also schand¬
403 799 1419 911 licher weiß urtodet habe. diru decla
408 876 1427 984 cation hat er faß nacht nach Vollstens
407 940 1383 1042 ine todes ehrtheil meinem gnädigen
386 1004 1378 1126 herrenn ambts Schuldheissen Stuigur
412 1079 1032 1188 eölent und angezeigt.
2738 316 2932 454 . S
1830 448 2788 623 Beinmal Brocedur
2169 563 2426 722 Nigen
1857 638 2823 859 Tischelli Germuth von Signan
1816 939 2850 1127 Nachdemma frutigen sorgend die
1835 1079 2884 1216 nachricht hingekommen, daß draußan
1847 1184 2863 1323 in Berli landtvogt von Wartenbeils,
1835 1257 2905 1397 Von Ranis, Ratten in dem ouch dem
1852 1360 2837 1498 bach hin todtes kind in einem
1843 1454 2876 1580 Ufanan Schaürli mit er dem strohen
1846 1543 2882 1696 versteket gefunden worden habend
1831 1635 2890 1771 sich ihr Gudt dieners brocher gross¬
1863 1737 2913 1864 Weibal morloth und der grichtschreiben
1850 1837 2872 1969 von Bensterten mit zuo zeichung.
1833 1921 2892 2065 herrn Golt Rütters und herrn
1831 2015 2908 2174 Insul beiracht königs auch den orth
1842 2114 2914 2239 selbsten traeben, und allda nachdemme
1864 2203 2880 2345 var todte kind, von der faculiat
1856 2309 2920 2456 besag baro Recation viertiert vorden.
1877 2395 2938 2549 dar sächen hergangenheit und bekandt¬
1871 2499 2916 2645 nus in erfahrung zuo Bringen vol
1860 2594 2862 2723 gende informallen aufgenommen.
1891 2834 2680 2990 5. Anna Bermäll
1883 2967 2898 3113 Christen Wermuths, dess Hanssmans
1884 3046 2905 3199 in obiger Reiten, ehelrib geburthig.
2088 3144 2521 3268 von Signan¬
2606 3123 2881 3274 brüget.
1950 3320 2922 3462 as Elssbeth Warmuth ihres mans
1864 3396 2940 3549 sunders sel tochter, habe sich nit brecht
1896 3471 2931 3637 Muss bag ihnen zu gezogen vorgebende
2854 3561 2953 3681 28
2859 796 2916 864 12
