3024 4032
77 191 170 289 140
529 202 1296 396 Probeltz Wermull
418 397 1399 570 Genisst leimlich halten wollen.
423 482 1460 662 damit es das kind abschalben mit
411 576 1107 726 alles verbergen könne.
345 766 1467 980 Nilvohl es habe alles versetzlich verschingenn,
420 883 1428 1047 damit von das kind dod auf die
403 981 1433 1174 welt kommen sölte, es solches in eine
399 1106 1409 1231 Warab gehabte truken thuon und
1404 1184 1443 1232 a
408 1188 1430 1352 dem Sigrist seinem beidern über¬
412 1297 1392 1434 geben könne; Es habe das kind¬
415 1404 1428 1547 ellich tag nicht mehr gespührt, sonsten
391 1486 1436 1664 seye ihme nie in den sinn gekommen,
397 1618 1433 1766 und habe es nie in seinen bedanben
385 1727 1445 1868 gehabt, weder vor noch in der Gemisse¬
400 1813 1448 1984 das kind nun das leben zu Bringen,
397 1939 1436 2101 und bann sich das kind nur gerührt,
380 2049 1426 2192 fätten hätte es solches in der anderen
366 2157 1338 2310 Hanss früthen stuben getragen,
387 2247 1432 2401 es bette gott und die hoche Obrigkeit
399 2350 1201 2522 um gnad und verzeichung.
370 2500 872 2650 Actum vorstath.
466 2788 1206 2978 Elsbell Wermull
581 2901 757 3035 Stas
793 2888 1167 3040 Framen.
239 3093 1438 3303 Den 28. Maÿ 1613. hat geschen Rats Her
352 3234 1407 3406 Dagethofer, als von Rügsi das tag
356 3347 1399 3517 wichen raths (nach der kahrs) hier zu
360 3462 1429 3609 verordneter examinator mit zuheüchung
350 3521 1401 3711 gethel Gross weibels und deß gricht¬
1119 3639 1420 3777 Schreiberd
1909 266 2488 434 Elpbeltz vermäll.
2744 320 2863 399 1.
1811 429 2825 648 Schreibers, dieses gensch (belchez
1822 553 2832 693 manmahrs, aus dem sittahl in die
1802 654 2852 805 obere gefangenschafft gebracht wordenn
1824 734 2835 903 zu Volg ihr Gndli befelches de 22. Augus
1816 847 2837 968 nach ernsthafft gethaner vermahnnndt
1801 922 2827 1067 hein hartz zuo sammen, gott und der
1794 1033 2842 1204 hochen obrigkeit die ehre zuo geben.
1810 1129 2858 1287 nnd noch dermalen, gegen seiner
1809 1241 2871 1390 geheimen niederkunfft und diesporthin
1812 1342 2870 1482 iger hergangenkeit, die sunde verheit
1810 1439 2858 1593 zu sagen, volgender massen examiniet
1749 1632 2858 1823 h. Man und zu belcher zeit es kinds
1823 1774 2326 1929 Riedergekommen.
1766 1923 2889 2078 R. Am montag (d cot pappati) des morgens
1833 2028 2856 2180 um B. ahren, als es grad d. gelantet.
1762 2201 2878 2375 hrn Wessenbegen es sein kind nicht grad¬
1819 2346 2352 2493 zu sich genommen.
1785 2529 2713 2707 S. Er habe keinen verstand gehabt.
1767 2723 2914 2911 K. Er habe viellricht gehoßet, daß das kind¬
1836 2848 2479 3006 ied ouch die stalt kommen.
1794 3014 2912 3178 Sefar dastehars richt ab, daß es kein
1818 3131 2281 3277 leben gespuhret.
1685 3241 2913 3401 zestiertlben dessenbegen hätte es jemanden
1850 3352 2424 3476 darzuo Ruften söllen.
1815 3458 2581 3607 auch jar da habe es gefehlet.
2656 3619 2891 3747 o
