<?xml version="1.0" encoding="UTF-8" standalone="yes"?>
<PcGts xmlns="http://schema.primaresearch.org/PAGE/gts/pagecontent/2013-07-15" xmlns:xsi="http://www.w3.org/2001/XMLSchema-instance" xsi:schemaLocation="http://schema.primaresearch.org/PAGE/gts/pagecontent/2013-07-15 http://schema.primaresearch.org/PAGE/gts/pagecontent/2013-07-15/pagecontent.xsd">
    <Metadata>
        <Creator>prov=University of Rostock/Institute of Mathematics/CITlab|PLANET AI GmbH/Gundram Leifert/gundram.leifert@planet-ai.de:name=Turmbücher 1(htr_id=38546)::::v=2.6.7
prov=University of Rostock/Institute of Mathematics/CITlab|PLANET AI GmbH/Tobias Gruening/tobias.gruening@planet-ai.de:name=de.uros.citlab.module.baseline2polygon.B2PSeamMultiOriented:v=2.6.7
prov=University of Rostock/Institute of Mathematics/CITlab|PLANET AI GmbH/Gundram Leifert/gundram.leifert@planet-ai.de:name=German_Kurrent_XVI-XVIII_M1(htr_id=19584)::::v=2.6.7
prov=University of Rostock/Institute of Mathematics/CITlab|PLANET AI GmbH/Tobias Gruening/tobias.gruening@planet-ai.de:name=de.uros.citlab.module.baseline2polygon.B2PSeamMultiOriented:v=2.6.7
prov=University of Rostock/Institute of Mathematics/CITlab|PLANET AI GmbH/Tobias Gruening/tobias.gruening@planet-ai.de:name=/net_tf/LA73_249_0mod360.pb:de.uros.citlab.segmentation.CITlab_LA_ML:v=2.6.6
prov=University of Rostock/Institute of Mathematics/CITlab|PLANET AI GmbH/Tobias Gruening/tobias.gruening@planet-ai.de:name=/net_tf/LA73_249_0mod360.pb:de.uros.citlab.segmentation.CITlab_LA_ML:v=2.6.6
Transkribus</Creator>
        <Created>2020-11-29T17:15:40.494+01:00</Created>
        <LastChange>2022-09-09T14:46:52.547+02:00</LastChange>
        <TranskribusMetadata docId="1334848" pageId="52363551" pageNr="195" tsid="114645570" status="IN_PROGRESS" userId="9570" imgUrl="https://files.transkribus.eu/Get?id=HKTGMSLCSDQCDWQLFAIRVJDR&amp;fileType=view" xmlUrl="https://files.transkribus.eu/Get?id=PPNAUTFPSQOWOUGPRFOXUBVE" imageId="17819643"/>
    </Metadata>
    <Page imageFilename="IMG_4747.jpg" imageWidth="3024" imageHeight="4032">
        <ReadingOrder>
            <OrderedGroup id="ro_1687513647477" caption="Regions reading order">
                <RegionRefIndexed index="0" regionRef="r1"/>
                <RegionRefIndexed index="1" regionRef="r2"/>
                <RegionRefIndexed index="2" regionRef="r3"/>
            </OrderedGroup>
        </ReadingOrder>
        <TextRegion orientation="0.0" id="r1" custom="readingOrder {index:0;}">
            <Coords points="23,221 23,3807 1395,3807 1395,221"/>
            <TextLine id="r1l1" custom="readingOrder {index:0;}">
                <Coords points="63,282 76,281 100,294 110,287 135,287 149,281 173,292 194,282 190,211 179,213 168,204 152,212 138,207 124,218 116,215 77,236 61,237"/>
                <Baseline points="71,272 99,273 128,271 156,269 185,266"/>
                <TextEquiv>
                    <Unicode>Ull</Unicode>
                </TextEquiv>
            </TextLine>
            <TextLine id="r1l2" custom="readingOrder {index:1;} place {offset:24; length:6;}">
                <Coords points="258,353 435,279 564,330 633,281 936,296 995,257 1106,320 1204,283 1288,343 1394,296 1395,239 1277,250 1100,189 873,206 827,244 449,195 258,255"/>
                <Baseline points="267,282 325,284 384,284 443,284 502,282 561,281 620,279 679,276 738,275 797,273 855,272 914,270 973,270 1032,272 1091,274 1150,278 1209,283 1268,291 1327,300 1386,311"/>
                <TextEquiv>
                    <Unicode>Gecht Rattdmans und von Wilden aus</Unicode>
                </TextEquiv>
            </TextLine>
            <TextLine id="r1l3" custom="readingOrder {index:2;}">
                <Coords points="339,364 517,348 560,387 612,344 895,362 1057,334 1238,351 1311,394 1352,378 1352,289 1115,323 985,269 933,299 798,274 531,326 435,281 339,331"/>
                <Baseline points="347,351 396,350 446,350 496,348 546,347 596,345 646,343 695,342 745,339 795,339 845,338 895,338 945,337 995,338 1044,339 1094,341 1144,344 1194,347 1244,353 1294,358 1344,365"/>
                <TextEquiv>
                    <Unicode>nnd weggeben könndt, das sochmaben</Unicode>
                </TextEquiv>
            </TextLine>
            <TextLine id="r1l4" custom="readingOrder {index:3;}">
                <Coords points="331,445 444,436 540,476 629,439 836,421 928,453 1002,423 1065,461 1113,416 1243,477 1396,453 1374,382 1290,394 1114,339 1058,388 980,340 705,400 642,346 566,387 518,347 457,396 331,380"/>
                <Baseline points="339,434 391,437 443,437 496,437 548,436 601,434 653,432 706,429 758,426 811,423 863,422 915,420 968,419 1020,417 1073,417 1125,419 1178,423 1230,426 1283,433 1335,440 1388,450"/>
                <TextEquiv>
                    <Unicode>dem genanfft und Satsch dieser</Unicode>
                </TextEquiv>
            </TextLine>
            <TextLine id="r1l5" custom="readingOrder {index:4;} place {offset:18; length:5;}">
                <Coords points="322,569 473,570 544,531 657,588 701,557 745,588 898,508 991,557 1052,508 1168,511 1215,482 1213,434 1111,415 973,483 837,420 780,453 713,435 320,512"/>
                <Baseline points="329,527 375,528 421,528 467,528 514,527 560,525 606,524 652,522 699,520 745,518 791,516 837,513 884,510 930,509 976,506 1022,505 1069,503 1115,502 1161,501 1208,500"/>
                <TextEquiv>
                    <Unicode>sachen halber zuo thuon gehaldt</Unicode>
                </TextEquiv>
            </TextLine>
            <TextLine id="r1l6" custom="readingOrder {index:5;}">
                <Coords points="217,682 427,652 653,706 745,642 1003,632 1394,671 1393,578 1247,522 1037,567 961,534 769,606 585,551 514,605 292,532 216,556"/>
                <Baseline points="225,645 283,649 341,651 399,653 457,651 515,650 573,648 631,645 689,643 747,639 805,636 863,634 921,632 979,630 1037,630 1095,631 1153,633 1211,639 1269,645 1327,653 1386,663"/>
                <TextEquiv>
                    <Unicode>Glichstein, er vinse Geilers von Blieberann¬</Unicode>
                </TextEquiv>
            </TextLine>
            <TextLine id="r1l7" custom="readingOrder {index:6;}">
                <Coords points="331,743 353,736 370,749 376,744 398,753 434,737 458,753 478,731 497,727 496,689 481,691 455,674 449,681 432,679 395,709 362,701 330,710"/>
                <Baseline points="339,738 364,737 389,737 414,735 439,735 464,734 489,735"/>
                <TextEquiv>
                    <Unicode>nihste</Unicode>
                </TextEquiv>
            </TextLine>
            <TextLine id="r1l8" custom="readingOrder {index:7;}">
                <Coords points="294,885 511,884 573,937 748,883 940,885 1017,927 1112,865 1309,888 1335,801 1274,833 1161,755 1065,791 1008,753 916,807 813,750 596,799 420,774 293,822"/>
                <Baseline points="302,867 353,872 404,875 455,876 507,878 558,878 609,878 661,876 712,875 763,874 815,872 866,870 917,869 968,867 1020,866 1071,866 1122,866 1174,866 1225,867 1276,870 1328,872"/>
                <TextEquiv>
                    <Unicode>Uirth wieder den sein ort</Unicode>
                </TextEquiv>
            </TextLine>
            <TextLine id="r1l9" custom="readingOrder {index:8;}">
                <Coords points="325,1036 368,1025 424,1034 511,981 542,970 564,988 640,951 637,852 567,907 532,884 483,905 449,893 392,937 323,930"/>
                <Baseline points="332,968 357,966 382,965 407,965 432,965 457,964 482,963 507,963 532,963 557,962 582,962 607,960 632,959"/>
                <TextEquiv>
                    <Unicode>gefachen.</Unicode>
                </TextEquiv>
            </TextLine>
            <TextLine id="r1l10" custom="readingOrder {index:9;} person {offset:6; length:19;}">
                <Coords points="88,1213 268,1218 379,1116 714,1107 796,1159 930,1132 968,1165 1158,1106 1394,1157 1392,1039 1242,1068 969,984 717,1061 529,1009 429,1080 238,977 85,1032"/>
                <Baseline points="95,1139 159,1136 224,1133 288,1129 353,1125 417,1121 482,1117 546,1114 611,1110 675,1107 740,1106 804,1103 869,1103 933,1103 998,1103 1062,1104 1127,1107 1191,1113 1256,1118 1320,1126 1385,1134"/>
                <TextEquiv>
                    <Unicode>Gben. Johanen richernacht. Ob er mit sachen</Unicode>
                </TextEquiv>
            </TextLine>
            <TextLine id="r1l11" custom="readingOrder {index:10;}">
                <Coords points="304,1270 385,1218 540,1302 614,1249 665,1284 741,1219 852,1202 1064,1240 1386,1216 1386,1174 1207,1133 1091,1190 990,1184 933,1132 796,1182 721,1116 622,1153 377,1119 304,1165"/>
                <Baseline points="312,1220 365,1220 418,1218 471,1217 525,1215 578,1214 631,1212 684,1210 738,1208 791,1206 844,1205 897,1203 951,1203 1004,1203 1057,1205 1110,1206 1164,1208 1217,1212 1270,1217 1323,1225 1377,1232"/>
                <TextEquiv>
                    <Unicode>theit bestächtigen können des das</Unicode>
                </TextEquiv>
            </TextLine>
            <TextLine id="r1l12" custom="readingOrder {index:11;}">
                <Coords points="284,1380 397,1396 476,1327 590,1347 676,1315 1054,1351 1115,1314 1177,1367 1271,1323 1385,1339 1385,1295 1197,1206 1025,1270 960,1229 883,1271 765,1225 673,1287 614,1249 558,1297 480,1260 283,1282"/>
                <Baseline points="291,1316 345,1319 399,1320 453,1322 508,1322 562,1320 616,1319 671,1317 725,1316 779,1313 834,1311 888,1310 942,1308 996,1307 1051,1307 1105,1308 1159,1310 1214,1313 1268,1317 1322,1324 1377,1332"/>
                <TextEquiv>
                    <Unicode>junge so exanietze Aaber den lantten</Unicode>
                </TextEquiv>
            </TextLine>
            <TextLine id="r1l13" custom="readingOrder {index:12;}">
                <Coords points="310,1453 525,1483 623,1415 789,1415 995,1489 1077,1417 1334,1448 1354,1382 1223,1335 1168,1376 1008,1327 933,1369 856,1341 799,1370 627,1321 483,1325 396,1396 310,1392"/>
                <Baseline points="318,1415 369,1415 420,1413 472,1412 523,1411 575,1410 626,1408 677,1407 729,1406 780,1404 832,1404 883,1404 934,1404 986,1404 1037,1406 1089,1408 1140,1411 1191,1414 1243,1420 1294,1426 1346,1433"/>
                <TextEquiv>
                    <Unicode>außgesagt und in der Cappronhalion</Unicode>
                </TextEquiv>
            </TextLine>
            <TextLine id="r1l14" custom="readingOrder {index:13;}">
                <Coords points="284,1590 364,1527 432,1546 471,1520 651,1545 709,1589 804,1524 885,1576 1031,1515 1169,1536 1167,1440 1122,1428 997,1488 951,1464 827,1489 640,1428 525,1483 347,1443 281,1458"/>
                <Baseline points="291,1529 334,1527 378,1527 421,1526 465,1525 508,1524 552,1522 595,1521 639,1520 682,1518 726,1517 769,1516 813,1515 856,1514 900,1514 943,1514 987,1514 1030,1514 1074,1515 1117,1515 1161,1518"/>
                <TextEquiv>
                    <Unicode>tschen inter angen erhalten.</Unicode>
                </TextEquiv>
            </TextLine>
            <TextLine id="r1l15" custom="readingOrder {index:14;}">
                <Coords points="1338,1560 1352,1559 1360,1556 1363,1552 1383,1549 1377,1493 1369,1493 1364,1497 1346,1518 1341,1513 1333,1514"/>
                <Baseline points="1343,1532 1373,1529"/>
                <TextEquiv>
                    <Unicode>2</Unicode>
                </TextEquiv>
            </TextLine>
            <TextLine id="r1l16" custom="readingOrder {index:15;}">
                <Coords points="270,1705 317,1726 429,1657 742,1709 851,1669 1274,1676 1273,1604 1229,1625 993,1564 752,1628 635,1560 576,1602 493,1581 434,1629 374,1578 270,1640"/>
                <Baseline points="278,1682 327,1676 376,1673 426,1669 475,1667 524,1665 574,1663 623,1662 672,1662 722,1662 771,1662 820,1662 870,1664 919,1664 968,1665 1018,1666 1067,1667 1116,1668 1166,1668 1215,1668 1265,1668"/>
                <TextEquiv>
                    <Unicode>Sa das könne er mit wahrheit</Unicode>
                </TextEquiv>
            </TextLine>
            <TextLine id="r1l17" custom="readingOrder {index:16;}">
                <Coords points="110,1698 125,1696 154,1706 159,1702 174,1714 202,1689 223,1694 236,1689 226,1565 212,1565 202,1574 177,1574 156,1571 137,1559 122,1574 101,1579"/>
                <Baseline points="117,1689 144,1686 172,1682 199,1680 227,1682"/>
                <TextEquiv>
                    <Unicode>S.</Unicode>
                </TextEquiv>
            </TextLine>
            <TextLine id="r1l18" custom="readingOrder {index:17;}">
                <Coords points="275,1782 346,1758 501,1820 572,1754 924,1752 993,1794 1044,1747 1228,1783 1337,1755 1336,1686 1247,1728 1165,1666 1071,1692 978,1667 876,1728 562,1676 487,1717 423,1688 368,1732 275,1729"/>
                <Baseline points="284,1760 336,1760 388,1758 440,1758 492,1757 545,1755 597,1755 649,1754 701,1752 753,1752 806,1751 858,1749 910,1749 962,1748 1014,1748 1067,1748 1119,1748 1171,1749 1223,1749 1275,1751 1328,1752"/>
                <TextEquiv>
                    <Unicode>werden, er loble hie manden eherecht</Unicode>
                </TextEquiv>
            </TextLine>
            <TextLine id="r1l19" custom="readingOrder {index:18;} place {offset:0; length:4;}">
                <Coords points="270,1935 372,1866 448,1891 705,1852 778,1886 895,1848 1334,1862 1333,1811 1198,1808 1141,1754 987,1812 920,1753 810,1807 752,1767 643,1811 577,1752 500,1819 318,1765 268,1792"/>
                <Baseline points="278,1865 330,1863 382,1860 435,1859 487,1857 540,1854 592,1853 644,1851 697,1850 749,1848 802,1847 854,1846 906,1845 959,1845 1011,1845 1064,1847 1116,1847 1168,1849 1221,1851 1273,1854 1326,1857"/>
                <TextEquiv>
                    <Unicode>Thun bätt er siners theils Gott mit</Unicode>
                </TextEquiv>
            </TextLine>
            <TextLine id="r1l20" custom="readingOrder {index:19;}">
                <Coords points="302,1969 459,1954 653,2011 774,1953 1145,1936 1313,1965 1310,1872 1186,1879 1137,1845 961,1885 896,1847 693,1895 568,1874 498,1925 301,1917"/>
                <Baseline points="311,1958 360,1959 410,1959 459,1959 509,1958 559,1956 608,1955 658,1951 708,1949 757,1947 807,1944 857,1942 906,1939 956,1937 1006,1937 1055,1935 1105,1936 1155,1937 1204,1940 1254,1943 1304,1947"/>
                <TextEquiv>
                    <Unicode>eine gnädige oberigkeit nun ver¬</Unicode>
                </TextEquiv>
            </TextLine>
            <TextLine id="r1l21" custom="readingOrder {index:20;}">
                <Coords points="221,2065 290,2057 316,2078 358,2062 428,2075 443,2068 482,2093 512,2065 534,2066 533,2030 498,2031 437,1983 404,1999 360,1964 294,2014 219,2000"/>
                <Baseline points="230,2076 256,2073 283,2070 310,2068 337,2066 364,2065 390,2064 417,2064 444,2064 471,2064 498,2066 525,2066"/>
                <TextEquiv>
                    <Unicode> Niclung.</Unicode>
                </TextEquiv>
            </TextLine>
            <TextLine id="r1l22" custom="readingOrder {index:21;}">
                <Coords points="214,2262 312,2274 380,2227 480,2287 643,2209 799,2289 962,2196 1124,2276 1312,2188 1309,2102 1229,2139 1069,2099 974,2146 920,2105 827,2171 658,2100 211,2166"/>
                <Baseline points="222,2238 276,2232 330,2225 384,2220 438,2216 492,2212 546,2209 600,2207 654,2204 708,2204 763,2202 817,2201 871,2201 925,2200 979,2199 1033,2199 1087,2199 1141,2199 1195,2199 1249,2199 1304,2198"/>
                <TextEquiv>
                    <Unicode>Auch wieder an sinn uffgeführt,</Unicode>
                </TextEquiv>
            </TextLine>
            <TextLine id="r1l23" custom="readingOrder {index:22;} person {offset:0; length:16;}">
                <Coords points="440,2463 509,2407 532,2426 676,2385 791,2406 1042,2388 1090,2427 1131,2418 1190,2361 1246,2353 1244,2284 1160,2254 1079,2318 1026,2281 880,2260 794,2325 641,2294 575,2350 436,2360"/>
                <Baseline points="446,2402 485,2397 525,2392 564,2389 604,2385 644,2383 683,2381 723,2380 762,2379 802,2379 842,2378 881,2378 921,2377 960,2376 1000,2375 1040,2373 1079,2372 1119,2370 1158,2367 1198,2363 1238,2358"/>
                <TextEquiv>
                    <Unicode>Daniel Gratlichi</Unicode>
                </TextEquiv>
            </TextLine>
            <TextLine id="r1l24" custom="readingOrder {index:23;}">
                <Coords points="261,2591 447,2522 863,2566 953,2511 1081,2505 1213,2556 1339,2488 1336,2437 1244,2406 1091,2480 1018,2429 817,2470 739,2434 630,2469 556,2423 420,2476 254,2450"/>
                <Baseline points="267,2538 320,2538 373,2538 426,2537 479,2535 533,2532 586,2530 639,2527 692,2525 745,2522 799,2519 852,2515 905,2513 958,2509 1011,2507 1065,2504 1118,2502 1171,2499 1224,2498 1277,2496 1331,2495"/>
                <TextEquiv>
                    <Unicode>Dan lib 10 lb 1. octobrio etst hin</Unicode>
                </TextEquiv>
            </TextLine>
            <TextLine id="r1l25" custom="readingOrder {index:24;}">
                <Coords points="278,2658 385,2682 593,2618 688,2667 816,2600 984,2590 1240,2622 1260,2562 1152,2565 1077,2507 951,2514 866,2568 727,2570 667,2527 599,2565 499,2554 449,2521 275,2592"/>
                <Baseline points="285,2634 333,2632 381,2629 430,2626 478,2624 527,2621 575,2617 624,2615 672,2611 721,2608 769,2604 817,2602 866,2600 914,2598 963,2597 1011,2595 1060,2594 1108,2594 1157,2595 1205,2597 1254,2600"/>
                <TextEquiv>
                    <Unicode>mit ihme verführte exammen.</Unicode>
                </TextEquiv>
            </TextLine>
            <TextLine id="r1l26" custom="readingOrder {index:25;}">
                <Coords points="268,2728 445,2721 518,2758 706,2696 938,2741 1009,2695 1094,2748 1208,2695 1334,2692 1331,2606 1209,2641 1088,2602 1032,2641 762,2608 677,2679 543,2638 266,2673"/>
                <Baseline points="276,2715 328,2715 381,2714 433,2712 486,2711 538,2709 591,2706 643,2704 696,2701 748,2699 801,2697 853,2694 906,2691 958,2690 1011,2688 1063,2686 1116,2684 1168,2683 1221,2682 1273,2682 1326,2682"/>
                <TextEquiv>
                    <Unicode>vündes schme wortlich Rereliet</Unicode>
                </TextEquiv>
            </TextLine>
            <TextLine id="r1l27" custom="readingOrder {index:26;}">
                <Coords points="253,2843 620,2830 678,2862 801,2802 865,2849 962,2801 1360,2798 1368,2701 1239,2724 1206,2696 1094,2748 1027,2710 681,2757 381,2725 249,2770"/>
                <Baseline points="260,2834 315,2831 370,2829 425,2827 480,2823 536,2820 591,2817 646,2813 701,2810 756,2807 812,2804 867,2799 922,2796 977,2794 1032,2791 1088,2789 1143,2787 1198,2786 1253,2786 1308,2786 1364,2786"/>
                <TextEquiv>
                    <Unicode>Weliches er auch durchand bestätt</Unicode>
                </TextEquiv>
            </TextLine>
            <TextLine id="r1l28" custom="readingOrder {index:27;}">
                <Coords points="245,3007 319,2954 482,2937 596,2993 685,2916 959,2924 1025,2973 1244,2897 1329,2945 1398,2883 1393,2802 1251,2790 1169,2857 962,2801 874,2861 807,2815 687,2863 611,2838 539,2887 389,2826 239,2891"/>
                <Baseline points="251,2949 307,2946 364,2942 421,2938 478,2935 535,2931 592,2927 649,2924 706,2921 763,2918 820,2913 876,2911 933,2907 990,2904 1047,2901 1104,2898 1161,2895 1218,2892 1275,2889 1332,2885 1389,2883"/>
                <TextEquiv>
                    <Unicode>get, vorken er fürnere befragt worden,</Unicode>
                </TextEquiv>
            </TextLine>
            <TextLine id="r1l29" custom="readingOrder {index:28;}">
                <Coords points="65,3151 578,3064 648,3103 1276,3043 1317,3080 1404,3039 1402,2972 1176,3013 1086,2953 893,3025 682,2919 497,3031 232,2947 60,3006"/>
                <Baseline points="71,3080 137,3081 203,3081 269,3081 335,3080 402,3080 468,3078 534,3077 600,3074 666,3072 733,3069 799,3068 865,3065 931,3062 997,3059 1064,3056 1130,3053 1196,3050 1262,3047 1328,3045 1395,3042"/>
                <TextEquiv>
                    <Unicode>hter alle der khundtman jmme bebsen</Unicode>
                </TextEquiv>
            </TextLine>
            <TextLine id="r1l30" custom="readingOrder {index:29;} place {offset:28; length:4;}">
                <Coords points="247,3226 366,3213 408,3168 575,3221 648,3162 731,3215 833,3149 1347,3151 1344,3081 1285,3050 1115,3079 1069,3051 935,3129 818,3070 706,3131 638,3096 569,3142 474,3087 407,3143 319,3105 244,3145"/>
                <Baseline points="254,3179 308,3177 362,3174 416,3173 470,3170 525,3167 579,3165 633,3162 687,3159 741,3157 796,3155 850,3153 904,3150 958,3148 1012,3146 1067,3144 1121,3143 1175,3141 1229,3140 1283,3140 1338,3140"/>
                <TextEquiv>
                    <Unicode>Worg stempfel zum Ckentt zu Biel</Unicode>
                </TextEquiv>
            </TextLine>
            <TextLine id="r1l31" custom="readingOrder {index:30;}">
                <Coords points="238,3311 362,3267 444,3291 917,3236 1137,3290 1224,3225 1354,3214 1352,3169 1265,3188 1090,3136 963,3199 819,3173 726,3216 624,3178 577,3226 408,3171 299,3242 234,3232"/>
                <Baseline points="245,3275 300,3270 355,3266 410,3262 465,3259 520,3255 575,3253 630,3250 685,3248 740,3246 795,3243 850,3241 905,3239 960,3237 1015,3233 1070,3231 1125,3227 1180,3225 1235,3219 1290,3215 1346,3210"/>
                <TextEquiv>
                    <Unicode>gebtest, ob damahl der kausstman</Unicode>
                </TextEquiv>
            </TextLine>
            <TextLine id="r1l32" custom="readingOrder {index:31;}">
                <Coords points="219,3447 285,3415 369,3427 477,3363 604,3354 648,3388 690,3342 971,3327 968,3244 919,3244 866,3287 783,3240 726,3278 651,3257 588,3300 523,3268 466,3305 375,3267 301,3281 212,3351"/>
                <Baseline points="222,3381 259,3378 296,3375 333,3372 370,3368 408,3365 445,3362 482,3358 519,3355 556,3351 594,3348 631,3345 668,3342 705,3339 742,3336 780,3334 817,3332 854,3330 891,3329 928,3328 966,3327"/>
                <TextEquiv>
                    <Unicode>selbigen ouch beschandletten</Unicode>
                </TextEquiv>
            </TextLine>
            <TextLine id="r1l33" custom="readingOrder {index:32;} person {offset:6; length:6;}">
                <Coords points="237,3542 470,3480 613,3533 669,3475 820,3448 1331,3458 1394,3428 1392,3372 1322,3330 1196,3398 955,3326 832,3420 547,3357 382,3452 333,3425 234,3463"/>
                <Baseline points="243,3485 300,3482 357,3479 414,3476 471,3473 528,3469 585,3467 643,3464 700,3461 757,3457 814,3455 871,3452 928,3449 985,3447 1043,3444 1100,3442 1157,3440 1214,3438 1271,3437 1328,3435 1386,3432"/>
                <TextEquiv>
                    <Unicode>meyen Kruntz habe der land mann bliche</Unicode>
                </TextEquiv>
            </TextLine>
            <TextLine id="r1l34" custom="readingOrder {index:33;}">
                <Coords points="19,3532 80,3513 111,3529 132,3514 152,3523 200,3495 188,3413 150,3413 127,3396 88,3393 54,3407 38,3401 14,3421 4,3420"/>
                <Baseline points="23,3503 50,3500 78,3496 106,3491 133,3488 161,3484 189,3480"/>
                <TextEquiv>
                    <Unicode>Da</Unicode>
                </TextEquiv>
            </TextLine>
            <TextLine id="r1l35" custom="readingOrder {index:34;}">
                <Coords points="245,3606 323,3649 388,3587 657,3565 791,3625 953,3538 1085,3595 1152,3538 1383,3520 1380,3465 1311,3440 1178,3444 1102,3501 1031,3441 906,3459 823,3523 678,3479 609,3533 396,3482 320,3546 242,3545"/>
                <Baseline points="252,3576 308,3575 364,3573 420,3572 476,3569 532,3567 588,3564 644,3561 700,3558 756,3555 813,3553 869,3549 925,3546 981,3542 1037,3539 1093,3537 1149,3533 1205,3530 1261,3528 1317,3525 1374,3522"/>
                <TextEquiv>
                    <Unicode>bey seinem hüssen nicht betrachtet, aber</Unicode>
                </TextEquiv>
            </TextLine>
            <TextLine id="r1l36" custom="readingOrder {index:35;}">
                <Coords points="235,3693 358,3740 431,3672 478,3708 643,3668 732,3727 791,3666 933,3659 997,3711 1149,3636 1339,3690 1379,3663 1375,3552 1324,3576 1236,3540 977,3634 730,3631 611,3568 527,3623 428,3582 348,3652 234,3659"/>
                <Baseline points="243,3683 299,3680 355,3677 412,3674 468,3672 524,3669 581,3668 637,3666 693,3664 750,3662 806,3660 862,3658 919,3655 975,3653 1031,3650 1088,3648 1144,3645 1200,3642 1257,3638 1313,3635 1370,3630"/>
                <TextEquiv>
                    <Unicode>an gleichem morgen anhr der Stats</Unicode>
                </TextEquiv>
            </TextLine>
            <TextLine id="r1l37" custom="readingOrder {index:36;}">
                <Coords points="250,3853 402,3784 519,3831 672,3781 854,3825 1012,3746 1145,3809 1369,3723 1367,3688 1165,3661 997,3711 931,3666 850,3693 802,3667 731,3728 675,3683 587,3716 429,3675 354,3749 245,3768"/>
                <Baseline points="254,3785 309,3782 364,3779 420,3777 475,3774 530,3770 586,3768 641,3765 696,3762 752,3759 807,3755 862,3753 918,3750 973,3747 1028,3744 1084,3740 1139,3736 1194,3733 1250,3729 1305,3725 1361,3720"/>
                <TextEquiv>
                    <Unicode>nach datstatt habe sie alle beydt, der</Unicode>
                </TextEquiv>
            </TextLine>
            <TextEquiv>
                <Unicode>Ull
Gecht Rattdmans und von Wilden aus
nnd weggeben könndt, das sochmaben
dem genanfft und Satsch dieser
sachen halber zuo thuon gehaldt
Glichstein, er vinse Geilers von Blieberann¬
nihste
Uirth wieder den sein ort
gefachen.
Gben. Johanen richernacht. Ob er mit sachen
theit bestächtigen können des das
junge so exanietze Aaber den lantten
außgesagt und in der Cappronhalion
tschen inter angen erhalten.
2
Sa das könne er mit wahrheit
S.
werden, er loble hie manden eherecht
Thun bätt er siners theils Gott mit
eine gnädige oberigkeit nun ver¬
 Niclung.
Auch wieder an sinn uffgeführt,
Daniel Gratlichi
Dan lib 10 lb 1. octobrio etst hin
mit ihme verführte exammen.
vündes schme wortlich Rereliet
Weliches er auch durchand bestätt
get, vorken er fürnere befragt worden,
hter alle der khundtman jmme bebsen
Worg stempfel zum Ckentt zu Biel
gebtest, ob damahl der kausstman
selbigen ouch beschandletten
meyen Kruntz habe der land mann bliche
Da
bey seinem hüssen nicht betrachtet, aber
an gleichem morgen anhr der Stats
nach datstatt habe sie alle beydt, der</Unicode>
            </TextEquiv>
        </TextRegion>
        <TextRegion orientation="0.0" id="r2" custom="readingOrder {index:1;}">
            <Coords points="1566,3260 1566,3752 1734,3752 1734,3260"/>
            <TextLine id="r2l1" custom="readingOrder {index:0;}">
                <Coords points="1562,3410 1589,3401 1612,3383 1634,3381 1644,3368 1676,3355 1695,3358 1676,3187 1654,3179 1638,3182 1601,3228 1589,3231 1562,3259 1546,3261"/>
                <Baseline points="1566,3372 1596,3367 1626,3362 1656,3360 1686,3360"/>
                <TextEquiv>
                    <Unicode>s</Unicode>
                </TextEquiv>
            </TextLine>
            <TextLine id="r2l2" custom="readingOrder {index:1;}">
                <Coords points="1585,3706 1606,3704 1636,3724 1651,3723 1670,3706 1682,3712 1708,3705 1718,3694 1744,3697 1732,3553 1707,3552 1695,3565 1642,3565 1600,3585 1575,3577"/>
                <Baseline points="1593,3702 1621,3695 1649,3691 1677,3689 1705,3689 1734,3690"/>
                <TextEquiv>
                    <Unicode>S</Unicode>
                </TextEquiv>
            </TextLine>
            <TextEquiv>
                <Unicode>s
S</Unicode>
            </TextEquiv>
        </TextRegion>
        <TextRegion orientation="0.0" id="r3" custom="readingOrder {index:2;}">
            <Coords points="1514,182 1514,3805 2906,3805 2906,182"/>
            <TextLine id="r3l1" custom="readingOrder {index:0;}">
                <Coords points="2711,257 2764,268 2789,265 2803,249 2826,251 2837,240 2881,225 2879,178 2856,183 2836,177 2823,185 2806,179 2790,192 2773,181 2750,180 2723,207 2708,206"/>
                <Baseline points="2717,234 2743,236 2769,236 2795,234 2821,231 2847,230 2873,228"/>
                <TextEquiv>
                    <Unicode>[37.]</Unicode>
                </TextEquiv>
            </TextLine>
            <TextLine id="r3l2" custom="readingOrder {index:1;}">
                <Coords points="2159,317 2168,314 2170,316 2179,307 2194,298 2196,300 2200,294 2204,297 2212,296 2204,243 2194,245 2164,231 2146,235"/>
                <Baseline points="2163,294 2202,288"/>
                <TextEquiv>
                    <Unicode>Z</Unicode>
                </TextEquiv>
            </TextLine>
            <TextLine id="r3l3" custom="readingOrder {index:2;} person {offset:0; length:13;}">
                <Coords points="1711,434 1813,358 2080,365 2134,338 2214,406 2288,365 2367,402 2463,388 2533,338 2531,226 2440,226 2371,275 2294,233 2178,308 2086,229 2009,292 1896,284 1814,227 1709,265"/>
                <Baseline points="1718,371 1758,364 1798,357 1839,351 1879,348 1919,345 1960,344 2000,344 2040,344 2081,344 2121,345 2161,345 2202,347 2242,348 2282,348 2323,348 2363,348 2403,347 2444,346 2484,343 2525,338"/>
                <TextEquiv>
                    <Unicode>Daniel Bellbi</Unicode>
                </TextEquiv>
            </TextLine>
            <TextLine id="r3l4" custom="readingOrder {index:3;} place {offset:20; length:3;}">
                <Coords points="1653,566 1773,508 1882,544 2065,470 2177,521 2261,466 2532,496 2849,457 2875,379 2726,377 2653,323 2540,396 2362,428 2294,380 2212,417 2130,342 2024,442 1875,363 1649,468"/>
                <Baseline points="1659,500 1719,492 1780,487 1840,483 1901,479 1961,475 2022,472 2082,469 2143,467 2203,465 2264,462 2325,461 2385,460 2446,459 2506,458 2567,456 2627,454 2688,452 2748,449 2809,446 2870,443"/>
                <TextEquiv>
                    <Unicode>uenman Soloßbald zu Nli diese</Unicode>
                </TextEquiv>
            </TextLine>
            <TextLine id="r3l5" custom="readingOrder {index:4;}">
                <Coords points="1718,629 1943,562 2204,601 2287,545 2423,542 2538,620 2680,545 2861,558 2857,457 2805,445 2275,524 2147,525 2066,470 1948,537 1715,530"/>
                <Baseline points="1724,588 1780,579 1836,572 1893,566 1949,559 2006,555 2062,551 2118,548 2175,546 2231,545 2288,543 2344,543 2400,542 2457,542 2513,542 2570,542 2626,542 2682,542 2739,540 2795,539 2852,539"/>
                <TextEquiv>
                    <Unicode>stempfel gar genant beschanbet.</Unicode>
                </TextEquiv>
            </TextLine>
            <TextLine id="r3l6" custom="readingOrder {index:5;} person {offset:13; length:8;}">
                <Coords points="1763,703 1807,724 1860,685 1923,723 2084,647 2368,695 2457,639 2623,685 2687,634 2861,631 2860,593 2710,549 2534,619 2476,567 2296,555 2242,607 2087,592 1861,651 1760,623"/>
                <Baseline points="1770,677 1824,672 1878,666 1932,663 1986,659 2040,655 2094,653 2148,650 2202,648 2256,647 2311,645 2365,644 2419,642 2473,641 2527,639 2581,638 2635,636 2689,633 2743,632 2797,630 2852,626"/>
                <TextEquiv>
                    <Unicode>ach habe der kanßmann ihne</Unicode>
                </TextEquiv>
            </TextLine>
            <TextLine id="r3l7" custom="readingOrder {index:6;}">
                <Coords points="1756,791 1815,780 1895,842 1976,781 2073,828 2227,754 2613,743 2685,788 2760,742 2883,758 2880,654 2813,643 2728,710 2541,718 2451,642 2333,701 2171,666 2021,680 1946,739 1857,690 1754,735"/>
                <Baseline points="1763,777 1818,772 1874,768 1929,763 1985,759 2040,756 2096,753 2151,750 2207,749 2262,746 2318,744 2374,744 2429,743 2485,741 2540,741 2596,740 2651,740 2707,740 2762,740 2818,740 2874,740"/>
                <TextEquiv>
                    <Unicode>damahlen befehlen, dan eichten dieser</Unicode>
                </TextEquiv>
            </TextLine>
            <TextLine id="r3l8" custom="readingOrder {index:7;}">
                <Coords points="1670,871 1834,862 1899,904 2052,859 2127,902 2164,869 2273,902 2379,851 2432,889 2532,834 2771,839 2835,814 2832,748 2667,804 2338,753 2068,827 1983,782 1892,840 1666,792"/>
                <Baseline points="1679,878 1736,872 1793,867 1851,863 1908,858 1965,855 2023,852 2080,849 2137,846 2195,845 2252,842 2309,840 2367,839 2424,837 2481,835 2539,833 2596,831 2653,828 2711,826 2768,823 2826,819"/>
                <TextEquiv>
                    <Unicode>nempften aus hussfleisten mit der</Unicode>
                </TextEquiv>
            </TextLine>
            <TextLine id="r3l9" custom="readingOrder {index:8;}">
                <Coords points="1764,1009 1857,960 1977,1014 2038,976 2109,1025 2238,943 2312,985 2443,956 2522,998 2645,926 2814,914 2808,824 2601,861 2533,834 2344,910 2044,866 1962,937 1833,862 1756,880"/>
                <Baseline points="1769,962 1820,963 1872,963 1924,962 1976,962 2027,960 2079,957 2131,955 2183,951 2234,948 2286,945 2338,940 2390,936 2441,931 2493,927 2545,923 2597,918 2648,914 2700,909 2752,905 2804,900"/>
                <TextEquiv>
                    <Unicode>hiemit sibeye vohl besichtiget.</Unicode>
                </TextEquiv>
            </TextLine>
            <TextLine id="r3l10" custom="readingOrder {index:9;}">
                <Coords points="1781,1092 1815,1085 1836,1099 1865,1076 1918,1081 1965,1053 2018,1089 2050,1098 2066,1090 2061,994 2037,1007 2011,990 1955,1026 1851,963 1793,1000 1776,996"/>
                <Baseline points="1788,1059 1814,1057 1841,1053 1868,1051 1894,1049 1921,1049 1948,1047 1974,1046 2001,1046 2028,1046 2055,1047"/>
                <TextEquiv>
                    <Unicode>habende</Unicode>
                </TextEquiv>
            </TextLine>
            <TextLine id="r3l11" custom="readingOrder {index:10;}">
                <Coords points="1554,1235 1695,1172 1845,1163 1937,1211 2013,1150 2205,1138 2295,1195 2474,1113 2829,1104 2826,1061 2661,1019 2560,1083 2253,1024 1949,1104 1649,1022 1545,1083"/>
                <Baseline points="1557,1152 1620,1154 1683,1155 1746,1155 1809,1154 1872,1152 1935,1149 1999,1145 2062,1141 2125,1136 2188,1131 2251,1126 2314,1122 2377,1117 2441,1112 2504,1107 2567,1104 2630,1100 2693,1097 2756,1095 2820,1094"/>
                <TextEquiv>
                    <Unicode>Ehe Gall er dem Landts von dem obige</Unicode>
                </TextEquiv>
            </TextLine>
            <TextLine id="r3l12" custom="readingOrder {index:11;}">
                <Coords points="1780,1273 1922,1309 2027,1246 2267,1237 2332,1285 2400,1232 2839,1216 2872,1201 2867,1115 2712,1101 2566,1162 2474,1113 2296,1194 2183,1143 2032,1166 1973,1223 1774,1172"/>
                <Baseline points="1787,1256 1840,1253 1894,1250 1948,1248 2002,1245 2056,1242 2110,1238 2163,1234 2217,1231 2271,1226 2325,1223 2379,1220 2433,1215 2487,1212 2540,1209 2594,1205 2648,1202 2702,1199 2756,1196 2810,1194 2864,1193"/>
                <TextEquiv>
                    <Unicode>stampfel Bieter zu kuuck auf</Unicode>
                </TextEquiv>
            </TextLine>
            <TextLine id="r3l13" custom="readingOrder {index:12;}">
                <Coords points="1800,1405 1989,1341 2915,1307 2911,1247 2766,1200 2599,1276 2419,1250 2236,1302 2108,1239 2038,1299 1975,1268 1931,1308 1848,1269 1794,1296"/>
                <Baseline points="1805,1337 1860,1337 1915,1337 1970,1336 2025,1334 2080,1332 2135,1328 2190,1325 2245,1322 2300,1318 2355,1314 2410,1310 2465,1307 2520,1302 2575,1299 2630,1296 2685,1293 2740,1292 2795,1291 2850,1290 2906,1292"/>
                <TextEquiv>
                    <Unicode>hmbd getragen, sie auch dernach</Unicode>
                </TextEquiv>
            </TextLine>
            <TextLine id="r3l14" custom="readingOrder {index:13;}">
                <Coords points="1777,1486 1876,1429 2307,1403 2488,1463 2590,1393 2896,1381 2891,1288 2478,1348 2149,1333 2061,1392 1945,1360 1773,1408"/>
                <Baseline points="1782,1428 1837,1426 1892,1424 1947,1421 2003,1418 2058,1415 2113,1412 2169,1409 2224,1406 2279,1402 2335,1399 2390,1395 2445,1392 2500,1389 2556,1386 2611,1383 2666,1380 2722,1377 2777,1375 2832,1373 2888,1371"/>
                <TextEquiv>
                    <Unicode>beide unthinander auf hart zu</Unicode>
                </TextEquiv>
            </TextLine>
            <TextLine id="r3l15" custom="readingOrder {index:14;}">
                <Coords points="1762,1552 2269,1515 2344,1557 2424,1498 2545,1524 2625,1484 2775,1541 2901,1465 2897,1392 2825,1441 2691,1384 2524,1474 2336,1475 2190,1407 2080,1455 1882,1429 1759,1505"/>
                <Baseline points="1769,1530 1825,1529 1881,1526 1937,1524 1994,1522 2050,1520 2106,1516 2162,1514 2219,1511 2275,1507 2331,1505 2387,1501 2444,1497 2500,1493 2556,1490 2612,1486 2669,1482 2725,1479 2781,1475 2837,1471 2894,1467"/>
                <TextEquiv>
                    <Unicode>Dß vord Wietz gegannen sunst</Unicode>
                </TextEquiv>
            </TextLine>
            <TextLine id="r3l16" custom="readingOrder {index:15;}">
                <Coords points="1781,1669 1859,1603 2003,1676 2059,1620 2187,1664 2262,1599 2561,1585 2713,1647 2774,1593 2901,1574 2899,1491 2859,1474 2738,1552 2611,1497 2430,1577 2100,1521 1777,1562"/>
                <Baseline points="1787,1619 1842,1616 1897,1613 1953,1610 2008,1607 2063,1604 2119,1602 2174,1600 2229,1598 2285,1596 2340,1595 2395,1592 2451,1590 2506,1589 2561,1587 2617,1585 2672,1583 2727,1581 2783,1579 2838,1576 2894,1574"/>
                <TextEquiv>
                    <Unicode>volr, daß da by dem Hanß man seinen</Unicode>
                </TextEquiv>
            </TextLine>
            <TextLine id="r3l17" custom="readingOrder {index:16;}">
                <Coords points="1776,1767 2097,1710 2212,1738 2270,1692 2439,1758 2603,1683 2878,1692 2882,1582 2802,1644 2677,1647 2589,1592 2394,1625 2344,1596 2306,1627 2255,1604 2189,1668 2064,1624 1982,1699 1890,1667 1826,1719 1772,1706"/>
                <Baseline points="1782,1737 1836,1733 1891,1728 1946,1723 2001,1718 2056,1713 2111,1708 2165,1704 2220,1699 2275,1695 2330,1691 2385,1688 2440,1685 2495,1682 2549,1679 2604,1676 2659,1674 2714,1673 2769,1673 2824,1671 2879,1671"/>
                <TextEquiv>
                    <Unicode>tohr geforderet, dißer ihme geant¬</Unicode>
                </TextEquiv>
            </TextLine>
            <TextLine id="r3l18" custom="readingOrder {index:17;}">
                <Coords points="1765,1837 2219,1806 2346,1836 2426,1783 2801,1786 2880,1756 2878,1721 2804,1681 2748,1713 2638,1683 2568,1730 2520,1701 2449,1762 2259,1694 2207,1739 2098,1710 2044,1755 1994,1718 1953,1761 1761,1769"/>
                <Baseline points="1773,1826 1828,1824 1883,1821 1938,1817 1993,1814 2048,1811 2103,1809 2158,1805 2213,1801 2268,1798 2323,1794 2378,1792 2433,1787 2488,1785 2543,1781 2598,1778 2653,1775 2708,1770 2763,1767 2818,1765 2873,1761"/>
                <TextEquiv>
                    <Unicode>vortet, Wad er vorderen die </Unicode>
                </TextEquiv>
            </TextLine>
            <TextLine id="r3l19" custom="readingOrder {index:18;}">
                <Coords points="1803,1949 1877,1917 1973,1970 2072,1898 2186,1960 2267,1886 2348,1882 2512,1886 2556,1920 2683,1881 2761,1918 2867,1875 2862,1769 2752,1804 2702,1767 2576,1835 2423,1786 2322,1852 2228,1805 2151,1851 1798,1848"/>
                <Baseline points="1809,1911 1861,1908 1913,1904 1966,1902 2018,1898 2071,1896 2123,1893 2176,1889 2228,1887 2281,1884 2333,1882 2385,1880 2438,1877 2490,1875 2543,1872 2595,1869 2648,1868 2700,1865 2753,1863 2805,1861 2858,1859"/>
                <TextEquiv>
                    <Unicode>sempfel seye nia nichts mit</Unicode>
                </TextEquiv>
            </TextLine>
            <TextLine id="r3l20" custom="readingOrder {index:19;} person {offset:21; length:7;}">
                <Coords points="1842,2107 1941,2048 2070,2099 2163,2037 2574,2004 2655,2054 2712,2006 2873,2006 2870,1963 2755,1915 2601,1903 2502,1975 2363,1881 2196,1982 2107,1926 2037,1935 1964,2012 1835,1990"/>
                <Baseline points="1847,2052 1897,2050 1948,2047 1999,2044 2050,2041 2101,2037 2152,2034 2202,2029 2253,2025 2304,2022 2355,2019 2406,2015 2457,2012 2508,2009 2558,2007 2609,2004 2660,2003 2711,2001 2762,2001 2813,2001 2864,2001"/>
                <TextEquiv>
                    <Unicode>Zu Osteines habe der Kuustan</Unicode>
                </TextEquiv>
            </TextLine>
            <TextLine id="r3l21" custom="readingOrder {index:20;}">
                <Coords points="1507,2059 1529,2065 1571,2050 1616,2053 1629,2038 1685,2055 1706,2050 1689,1912 1672,1918 1650,1900 1628,1898 1612,1918 1565,1944 1523,1942 1494,1954"/>
                <Baseline points="1514,2045 1539,2043 1565,2040 1591,2036 1616,2032 1642,2028 1668,2027 1694,2027"/>
                <TextEquiv>
                    <Unicode>Le</Unicode>
                </TextEquiv>
            </TextLine>
            <TextLine id="r3l22" custom="readingOrder {index:21;}">
                <Coords points="1787,2194 1994,2219 2068,2151 2214,2125 2307,2181 2403,2145 2462,2193 2581,2120 2818,2151 2875,2128 2870,2039 2805,2066 2709,2006 2648,2056 2571,2004 2474,2079 2340,2080 2239,2029 2118,2116 1996,2072 1783,2131"/>
                <Baseline points="1793,2156 1846,2154 1900,2151 1953,2150 2007,2147 2060,2144 2114,2141 2167,2138 2221,2135 2274,2132 2328,2129 2382,2126 2435,2123 2489,2119 2542,2115 2596,2113 2649,2111 2703,2108 2756,2104 2810,2102 2864,2099"/>
                <TextEquiv>
                    <Unicode>sölches geredt nachserthan haben er</Unicode>
                </TextEquiv>
            </TextLine>
            <TextLine id="r3l23" custom="readingOrder {index:22;}">
                <Coords points="1782,2272 1996,2241 2104,2282 2172,2242 2316,2292 2379,2234 2896,2229 2893,2131 2715,2130 2663,2176 2585,2120 2513,2187 2371,2178 2322,2219 2172,2142 1991,2228 1781,2242"/>
                <Baseline points="1790,2262 1844,2259 1899,2256 1954,2252 2009,2248 2064,2245 2119,2241 2174,2238 2229,2234 2284,2232 2339,2229 2393,2225 2448,2223 2503,2220 2558,2217 2613,2216 2668,2213 2723,2211 2778,2210 2833,2208 2888,2207"/>
                <TextEquiv>
                    <Unicode>gegen diesen vohn mit dem dessler¬</Unicode>
                </TextEquiv>
            </TextLine>
            <TextLine id="r3l24" custom="readingOrder {index:23;}">
                <Coords points="1776,2365 1915,2347 2161,2399 2458,2317 2525,2351 2781,2315 2847,2274 2577,2232 2462,2274 2411,2240 2350,2293 2166,2242 2058,2296 1988,2244 1772,2311"/>
                <Baseline points="1784,2367 1836,2364 1889,2360 1942,2357 1995,2352 2048,2349 2100,2347 2153,2343 2206,2340 2259,2336 2312,2334 2364,2329 2417,2326 2470,2322 2523,2318 2576,2315 2628,2311 2681,2307 2734,2302 2787,2297 2840,2292"/>
                <TextEquiv>
                    <Unicode>Weth gesprochenn, auch habe der</Unicode>
                </TextEquiv>
            </TextLine>
            <TextLine id="r3l25" custom="readingOrder {index:24;}">
                <Coords points="1762,2497 1889,2485 1956,2525 2109,2471 2224,2525 2330,2456 2687,2483 2747,2441 2858,2440 2855,2380 2769,2322 2680,2398 2598,2353 2464,2425 2421,2391 2270,2428 2192,2397 2090,2439 2002,2396 1904,2453 1760,2469"/>
                <Baseline points="1769,2484 1823,2481 1877,2478 1931,2475 1985,2474 2039,2471 2093,2468 2147,2465 2201,2463 2255,2460 2309,2457 2363,2456 2417,2453 2471,2450 2525,2447 2579,2442 2633,2439 2687,2435 2741,2430 2795,2425 2849,2420"/>
                <TextEquiv>
                    <Unicode>ands man noch hinzu gethan</Unicode>
                </TextEquiv>
            </TextLine>
            <TextLine id="r3l26" custom="readingOrder {index:25;}">
                <Coords points="1730,2631 1900,2583 1981,2644 2079,2582 2235,2611 2377,2556 2445,2596 2499,2558 2731,2547 2781,2582 2892,2542 2887,2441 2690,2491 2582,2453 2516,2498 2363,2460 2224,2547 1973,2538 1856,2486 1725,2519"/>
                <Baseline points="1736,2582 1793,2582 1850,2582 1907,2582 1965,2580 2022,2578 2079,2576 2137,2573 2194,2570 2251,2567 2309,2564 2366,2561 2423,2557 2480,2553 2538,2550 2595,2546 2652,2543 2710,2540 2767,2537 2824,2534 2882,2531"/>
                <TextEquiv>
                    <Unicode>dt so uißde eine stracht, welche diesen</Unicode>
                </TextEquiv>
            </TextLine>
            <TextLine id="r3l27" custom="readingOrder {index:26;}">
                <Coords points="1774,2704 1844,2667 2237,2673 2343,2642 2668,2684 2864,2637 2829,2555 2777,2582 2627,2546 2515,2613 2380,2555 2245,2633 2072,2597 1974,2644 1889,2584 1771,2631"/>
                <Baseline points="1781,2676 1834,2673 1888,2668 1942,2664 1995,2661 2049,2658 2103,2657 2156,2654 2210,2652 2264,2651 2318,2649 2371,2647 2425,2645 2479,2645 2532,2643 2586,2642 2640,2640 2693,2639 2747,2637 2801,2635 2855,2633"/>
                <TextEquiv>
                    <Unicode>stamptel zum b. vergegraben hätte.</Unicode>
                </TextEquiv>
            </TextLine>
            <TextLine id="r3l28" custom="readingOrder {index:27;} person {offset:0; length:10;}">
                <Coords points="1788,2799 1952,2741 2163,2737 2311,2787 2419,2731 2473,2768 2600,2727 2893,2724 2891,2653 2838,2648 2723,2699 2541,2644 2466,2682 2308,2649 2162,2704 2023,2658 1964,2692 1785,2670"/>
                <Baseline points="1796,2759 1850,2754 1904,2751 1959,2748 2013,2745 2068,2743 2122,2741 2177,2738 2231,2738 2286,2735 2340,2735 2394,2733 2449,2733 2503,2732 2558,2732 2612,2730 2667,2730 2721,2730 2776,2730 2830,2729 2885,2729"/>
                <TextEquiv>
                    <Unicode>Öler Adler wirts habe das ann</Unicode>
                </TextEquiv>
            </TextLine>
            <TextLine id="r3l29" custom="readingOrder {index:28;} person {offset:32; length:4; continued:true;}">
                <Coords points="1782,2907 1931,2844 2004,2897 2205,2851 2295,2903 2372,2841 2621,2863 2658,2830 2850,2878 2899,2864 2896,2723 2774,2765 2711,2727 2556,2773 2388,2753 2240,2813 2113,2739 2007,2743 1780,2816"/>
                <Baseline points="1788,2847 1843,2849 1898,2849 1953,2849 2008,2849 2063,2847 2118,2846 2174,2844 2229,2843 2284,2841 2339,2838 2394,2837 2449,2835 2504,2834 2560,2832 2615,2831 2670,2831 2725,2831 2780,2832 2835,2832 2891,2835"/>
                <TextEquiv>
                    <Unicode>gehört zuomachliesselbiger ihme dig¬</Unicode>
                </TextEquiv>
            </TextLine>
            <TextLine id="r3l30" custom="readingOrder {index:29;} person {offset:0; length:9; continued:true;}">
                <Coords points="1792,2990 2417,2939 2910,2965 2907,2882 2864,2865 2680,2917 2557,2911 2482,2854 2395,2860 2325,2924 2219,2866 2174,2895 2103,2871 2037,2923 1919,2862 1789,2896"/>
                <Baseline points="1799,2966 1854,2964 1909,2963 1964,2961 2019,2958 2074,2957 2129,2955 2184,2952 2239,2950 2294,2949 2349,2946 2404,2945 2459,2943 2514,2942 2569,2939 2624,2938 2679,2937 2734,2936 2789,2934 2844,2934 2900,2933"/>
                <TextEquiv>
                    <Unicode>lisperthr von diester spränl geredt</Unicode>
                </TextEquiv>
            </TextLine>
            <TextLine id="r3l31" custom="readingOrder {index:30;}">
                <Coords points="1808,3100 1903,3057 2061,3121 2274,3046 2425,3096 2539,3051 2753,3063 2876,3034 2875,2983 2819,2977 2767,3023 2416,2940 2286,3003 2158,2959 2073,3033 2033,2998 1805,2991"/>
                <Baseline points="1815,3060 1867,3060 1920,3060 1972,3060 2025,3059 2078,3057 2130,3057 2183,3056 2236,3054 2288,3053 2341,3053 2394,3051 2446,3050 2499,3048 2552,3047 2604,3047 2657,3045 2710,3044 2762,3044 2815,3042 2868,3042"/>
                <TextEquiv>
                    <Unicode>und gesagt, der Kaß mann habe</Unicode>
                </TextEquiv>
            </TextLine>
            <TextLine id="r3l32" custom="readingOrder {index:31;}">
                <Coords points="1780,3219 2204,3161 2329,3213 2383,3159 2490,3140 2690,3209 2850,3110 2589,3050 2420,3100 2305,3066 2177,3139 1899,3073 1777,3148"/>
                <Baseline points="1787,3182 1839,3179 1892,3174 1945,3170 1998,3166 2051,3163 2103,3161 2156,3158 2209,3156 2262,3154 2315,3152 2367,3150 2420,3149 2473,3147 2526,3146 2579,3144 2631,3143 2684,3143 2737,3141 2790,3141 2843,3140"/>
                <TextEquiv>
                    <Unicode>schoub es mit ihme von ihra</Unicode>
                </TextEquiv>
            </TextLine>
            <TextLine id="r3l33" custom="readingOrder {index:32;}">
                <Coords points="1798,3346 1900,3347 1914,3333 1938,3346 2025,3268 2118,3262 2155,3278 2181,3260 2225,3266 2224,3219 2170,3242 2128,3224 2094,3239 2027,3234 1948,3175 1850,3226 1795,3227"/>
                <Baseline points="1805,3279 1830,3273 1856,3269 1882,3265 1908,3263 1933,3261 1959,3260 1985,3260 2011,3258 2036,3260 2062,3260 2088,3261 2114,3261 2139,3261 2165,3261 2191,3261 2217,3261"/>
                <TextEquiv>
                    <Unicode>gescheygen.</Unicode>
                </TextEquiv>
            </TextLine>
            <TextLine id="r3l34" custom="readingOrder {index:33;}">
                <Coords points="1772,3452 1869,3452 1990,3384 2226,3409 2389,3375 2618,3385 2688,3434 2845,3377 2845,3314 2795,3291 2659,3343 2577,3299 2352,3324 2287,3295 2152,3337 2091,3282 1771,3376"/>
                <Baseline points="1779,3390 1834,3389 1890,3387 1946,3384 2001,3383 2057,3381 2113,3381 2169,3380 2224,3380 2280,3378 2336,3378 2392,3378 2447,3377 2503,3377 2559,3377 2615,3375 2670,3375 2726,3374 2782,3372 2838,3371"/>
                <TextEquiv>
                    <Unicode>2 er daraukd nit much dieser</Unicode>
                </TextEquiv>
            </TextLine>
            <TextLine id="r3l35" custom="readingOrder {index:34;}">
                <Coords points="1794,3521 1852,3485 2109,3475 2228,3551 2362,3502 2554,3520 2632,3484 2726,3536 2874,3489 2874,3431 2775,3379 2690,3449 2575,3386 2455,3436 2386,3376 2305,3434 2143,3386 2064,3439 1794,3447"/>
                <Baseline points="1803,3474 1856,3475 1909,3476 1962,3477 2015,3477 2068,3479 2121,3480 2174,3480 2227,3482 2280,3482 2334,3483 2387,3483 2440,3483 2493,3483 2546,3483 2599,3483 2652,3483 2705,3482 2758,3482 2811,3480 2865,3479"/>
                <TextEquiv>
                    <Unicode>ftrauben halber sich erkendiget sund</Unicode>
                </TextEquiv>
            </TextLine>
            <TextLine id="r3l36" custom="readingOrder {index:35;}">
                <Coords points="1817,3589 1928,3619 2140,3590 2213,3634 2294,3604 2387,3651 2448,3593 2672,3582 2672,3491 2636,3483 2551,3549 2415,3509 2188,3567 2079,3559 1937,3484 1817,3491"/>
                <Baseline points="1826,3573 1867,3575 1909,3577 1951,3579 1993,3579 2035,3582 2077,3582 2118,3584 2160,3584 2202,3584 2244,3585 2286,3585 2328,3584 2370,3584 2411,3584 2453,3583 2495,3582 2537,3581 2579,3579 2621,3578 2663,3576"/>
                <TextEquiv>
                    <Unicode>selbige kennen gekhenet,</Unicode>
                </TextEquiv>
            </TextLine>
            <TextLine id="r3l37" custom="readingOrder {index:36;}">
                <Coords points="1813,3701 1939,3696 2072,3753 2118,3712 2203,3759 2294,3699 2416,3692 2519,3743 2595,3688 2668,3761 2780,3682 2915,3705 2914,3622 2830,3601 2656,3647 2606,3605 2524,3631 2457,3593 2388,3651 2252,3598 2187,3643 2053,3596 1977,3648 1889,3598 1813,3607"/>
                <Baseline points="1821,3678 1875,3682 1929,3685 1983,3688 2038,3689 2092,3690 2146,3690 2200,3689 2255,3687 2309,3686 2363,3685 2417,3683 2472,3681 2526,3681 2580,3680 2634,3680 2689,3680 2743,3681 2797,3683 2851,3686 2906,3692"/>
                <TextEquiv>
                    <Unicode>Henn es habe ir heiters nichts nach gefragt</Unicode>
                </TextEquiv>
            </TextLine>
            <TextLine id="r3l38" custom="readingOrder {index:37;}">
                <Coords points="1830,3810 2024,3830 2130,3795 2208,3847 2334,3848 2481,3793 2725,3830 2779,3781 2887,3784 2886,3734 2780,3690 2714,3745 2593,3688 2510,3745 2298,3700 2201,3759 2111,3717 2007,3766 1917,3710 1829,3712"/>
                <Baseline points="1838,3774 1890,3777 1942,3780 1994,3781 2046,3782 2098,3782 2150,3782 2202,3782 2254,3780 2306,3779 2358,3779 2410,3777 2462,3776 2514,3774 2566,3774 2618,3773 2670,3773 2722,3773 2774,3773 2826,3776 2879,3777"/>
                <TextEquiv>
                    <Unicode>buse auch nit versiessere noch diesen heiseb.</Unicode>
                </TextEquiv>
            </TextLine>
            <TextEquiv>
                <Unicode>[37.]
Z
Daniel Bellbi
uenman Soloßbald zu Nli diese
stempfel gar genant beschanbet.
ach habe der kanßmann ihne
damahlen befehlen, dan eichten dieser
nempften aus hussfleisten mit der
hiemit sibeye vohl besichtiget.
habende
Ehe Gall er dem Landts von dem obige
stampfel Bieter zu kuuck auf
hmbd getragen, sie auch dernach
beide unthinander auf hart zu
Dß vord Wietz gegannen sunst
volr, daß da by dem Hanß man seinen
tohr geforderet, dißer ihme geant¬
vortet, Wad er vorderen die 
sempfel seye nia nichts mit
Zu Osteines habe der Kuustan
Le
sölches geredt nachserthan haben er
gegen diesen vohn mit dem dessler¬
Weth gesprochenn, auch habe der
ands man noch hinzu gethan
dt so uißde eine stracht, welche diesen
stamptel zum b. vergegraben hätte.
Öler Adler wirts habe das ann
gehört zuomachliesselbiger ihme dig¬
lisperthr von diester spränl geredt
und gesagt, der Kaß mann habe
schoub es mit ihme von ihra
gescheygen.
2 er daraukd nit much dieser
ftrauben halber sich erkendiget sund
selbige kennen gekhenet,
Henn es habe ir heiters nichts nach gefragt
buse auch nit versiessere noch diesen heiseb.</Unicode>
            </TextEquiv>
        </TextRegion>
    </Page>
</PcGts>
