3024 4032
160 302 1297 464 Ab Mladam aug surger dannl Gratschi
218 399 1484 570 prig blonnst winste das er gemacht, weilen
369 491 1389 659 sie alle ihra sachen beyfinander in dem
402 582 1485 749 vandtsach gemeinsemlich gehabt d
167 613 382 764 ente
388 671 1444 861 io habe mit gemeist wil Eyber ihme gsin,
400 767 1326 925 va kründer keiters mit sagen
426 889 976 1054 Hanns verstenst
572 1091 1358 1288 Handschreiberen
892 1215 1359 1416 gillen
266 1380 1461 1633 Gsel das nachtaro mit gemelden Bentzi
353 1540 1467 1712 Izu gedantem dauren verführte feygenlichen
387 1636 879 1781 sammen also sogens.
822 1729 924 1842 1
322 1729 1416 1937 Brentag de. Tub hat M
354 1848 1430 2028 schultheiss Willading zuo Beürenne gegen
333 1948 1427 2097 nhart herren Burgermein der Hoffstetters
357 2039 1470 2196 unnd er vennen witschid den anhasto
339 2121 1438 2296 Ian Daniel Bratschi von Zoersinen noch
339 2225 1003 2373 mahlen examinit.
317 2348 1417 2511 Und das erstlich nur fenstwörtlich
346 2442 1271 2613 aber ohne zeigung der marter
261 2572 1428 2769 Dahr dann inslch guetlichem Ramei Gar
338 2706 1400 2873 nichte anders gestelen vollen als bedin
335 2794 1198 2951 dem ersten Beatten den 3. er briest
1079 2812 1397 2984 assen
314 2897 1420 3077 gestanden Gausart dem 2egel gesten
306 3005 1439 3174 ethat er satzund, daß er gesagten die gal beig
332 3091 1423 3278 dem bürther wocher zu Thun Egkarff
332 3226 519 3360 halten.
291 3341 1403 3549 Rich denne dieser Satschicher Hannd
306 3477 1415 3620 befuehe unnd allda im die kreme wahrheit
328 3565 1385 3736 desin dardacht sagenden faltsch münschand
322 3676 1382 3837 wegen befragt worden. Wolle er
1805 327 2521 481 Barriel Brütschi
2690 377 2834 468 281.
1834 422 2822 566 wiedermalen dad nutts von der
1798 519 2539 682 ugleichen sachosen bulssen
2645 557 2702 616 7
1884 622 2853 777 Zuo er aber hierauld gebunden und
1694 757 2876 944 aahr aufgezogen worden sagtete, be wolle
1814 864 2867 1015 alles bereinnen und er wüße mand
1808 968 2878 1113 sölle in und lieder thannter laßenn,
1812 1050 2875 1210 als dieselb beschehen hab der sammel
1787 1155 2617 1329 Grathicli volgender bekennt.
1807 1315 2805 1459 Ober allem der ergbilans der
1549 1267 1752 1530 Fen
1826 1423 2874 1580 außgegebenen faltschen Cöseels geben
1780 1498 2881 1653 sund, aber ob er meherre conpolielo habe.
1808 1592 2356 1724 und über hie selben
1562 1652 1808 1828 Crite
1820 1663 2847 1841 Die Giccellen habe er allem auß
1810 1764 2890 1932 verblicheman alten halb daten selben
1814 1860 2882 2030 gemacht ohne stempfel ein mit finard
1797 1959 2865 2156 schrichten sinen fußen abgegeckt, mit
1810 2072 2864 2230 dem vennstein fulwarlennd so ly mit
1806 2166 2863 2315 Gloes Silber in das erlonß der gegan
1814 2240 2868 2395 sie darmit gereeben und solche für vil¬
1763 2336 2351 2494 rillis auß gegeben,
1799 2419 2532 2599 zu Saneladen habe fr
1743 2533 2857 2702 Z Christen Barffmarier von
1755 2649 2873 2796 Gieser Burg dermaßen wohnhass Hatt an¬
1786 2740 2840 2902 deren, zuo Nambli einem kleinen betli
1789 2830 2392 2958 im Neuenburgischen.
1709 2887 2878 3078 S der Wirts Ritschand zur Martingen
1726 3009 2884 3185 d. und der adlerrbiet zuo hiel nachmend
1747 3119 2488 3298 Richdenachst von thuon
1710 3245 2880 3415 dar hystere, als des Hanssmenn bey demme
1675 3376 1743 3443 2
1782 3366 2878 3531 er Ratsli vor ohngefeld amend jahr in dem
1808 3448 2867 3636 Würtsetzenns zu Nüngelt ob deil übernachtet,
1800 3542 2867 3729 hahe ihne zuo der leydigen hat zu heist den
1795 3621 2857 3833 Anlach gegebenns vom Stempfin geredt
2662 3807 2750 3866 und
