<?xml version="1.0" encoding="UTF-8" standalone="yes"?>
<PcGts xmlns="http://schema.primaresearch.org/PAGE/gts/pagecontent/2013-07-15" xmlns:xsi="http://www.w3.org/2001/XMLSchema-instance" xsi:schemaLocation="http://schema.primaresearch.org/PAGE/gts/pagecontent/2013-07-15 http://schema.primaresearch.org/PAGE/gts/pagecontent/2013-07-15/pagecontent.xsd">
    <Metadata>
        <Creator>prov=University of Rostock/Institute of Mathematics/CITlab|PLANET AI GmbH/Gundram Leifert/gundram.leifert@planet-ai.de:name=Turmbücher 1(htr_id=38546)::::v=2.6.7
prov=University of Rostock/Institute of Mathematics/CITlab|PLANET AI GmbH/Tobias Gruening/tobias.gruening@planet-ai.de:name=de.uros.citlab.module.baseline2polygon.B2PSeamMultiOriented:v=2.6.7
prov=University of Rostock/Institute of Mathematics/CITlab|PLANET AI GmbH/Gundram Leifert/gundram.leifert@planet-ai.de:name=German_Kurrent_XVI-XVIII_M1(htr_id=19584)::::v=2.6.7
prov=University of Rostock/Institute of Mathematics/CITlab|PLANET AI GmbH/Tobias Gruening/tobias.gruening@planet-ai.de:name=de.uros.citlab.module.baseline2polygon.B2PSeamMultiOriented:v=2.6.7
prov=University of Rostock/Institute of Mathematics/CITlab|PLANET AI GmbH/Tobias Gruening/tobias.gruening@planet-ai.de:name=/net_tf/LA73_249_0mod360.pb:de.uros.citlab.segmentation.CITlab_LA_ML:v=2.6.6
prov=University of Rostock/Institute of Mathematics/CITlab|PLANET AI GmbH/Tobias Gruening/tobias.gruening@planet-ai.de:name=/net_tf/LA73_249_0mod360.pb:de.uros.citlab.segmentation.CITlab_LA_ML:v=2.6.6
Transkribus</Creator>
        <Created>2020-11-29T17:15:38.478+01:00</Created>
        <LastChange>2022-09-09T14:46:12.558+02:00</LastChange>
        <TranskribusMetadata docId="1334848" pageId="52363401" pageNr="170" tsid="114645387" status="IN_PROGRESS" userId="9570" imgUrl="https://files.transkribus.eu/Get?id=YFFHPSNWBAXDSOVBDSUHAROD&amp;fileType=view" xmlUrl="https://files.transkribus.eu/Get?id=AYHECXXBMWONMQEZLWSATPAA" imageId="17819587"/>
    </Metadata>
    <Page imageFilename="IMG_4722.jpg" imageWidth="3024" imageHeight="4032">
        <ReadingOrder>
            <OrderedGroup id="ro_1687513646646" caption="Regions reading order">
                <RegionRefIndexed index="0" regionRef="r1"/>
                <RegionRefIndexed index="1" regionRef="r2"/>
                <RegionRefIndexed index="2" regionRef="r3"/>
                <RegionRefIndexed index="3" regionRef="r4"/>
            </OrderedGroup>
        </ReadingOrder>
        <TextRegion orientation="0.0" id="r1" custom="readingOrder {index:0;}">
            <Coords points="138,0 138,109 288,109 288,0"/>
            <TextLine id="r1l1" custom="readingOrder {index:0;}">
                <Coords points="129,65 147,66 153,60 205,74 237,64 260,74 294,72 297,3 267,2 261,8 244,-4 230,-4 199,11 188,-2 167,-4 132,11"/>
                <Baseline points="138,53 163,53 188,54 213,56 238,57 263,58 288,59"/>
                <TextEquiv>
                    <Unicode>228.</Unicode>
                </TextEquiv>
            </TextLine>
            <TextEquiv>
                <Unicode>228.</Unicode>
            </TextEquiv>
        </TextRegion>
        <TextRegion orientation="0.0" id="r2" custom="readingOrder {index:1;}">
            <Coords points="156,85 156,3610 1503,3610 1503,85"/>
            <TextLine id="r2l1" custom="readingOrder {index:0;} person {offset:3; length:15;}">
                <Coords points="590,172 657,161 689,192 764,159 833,183 968,172 1061,219 1115,197 1181,233 1284,221 1319,262 1376,258 1387,176 1275,187 1143,104 1061,115 1024,77 952,69 885,112 812,112 674,43 605,72"/>
                <Baseline points="605,129 643,133 681,136 719,139 758,143 796,148 834,152 872,156 911,161 949,165 987,171 1025,177 1064,183 1102,189 1140,196 1178,204 1217,211 1255,220 1293,230 1331,240 1370,249"/>
                <TextEquiv>
                    <Unicode>Jo Hanns Riffennig</Unicode>
                </TextEquiv>
            </TextLine>
            <TextLine id="r2l2" custom="readingOrder {index:1;}">
                <Coords points="462,252 636,229 811,301 845,276 1016,315 1072,364 1140,333 1176,377 1291,325 1508,405 1519,331 1385,246 1256,282 926,170 681,199 477,153"/>
                <Baseline points="477,206 528,213 579,220 630,226 682,232 733,237 784,244 836,250 887,255 938,261 990,268 1041,275 1092,283 1143,292 1195,301 1246,312 1297,323 1349,336 1400,350 1451,366 1503,384"/>
                <TextEquiv>
                    <Unicode>daß der spatschin sich bey begeben, verruchen</Unicode>
                </TextEquiv>
            </TextLine>
            <TextLine id="r2l3" custom="readingOrder {index:2;}">
                <Coords points="437,391 663,332 865,415 983,374 1046,421 1215,400 1458,499 1503,419 1351,403 1288,324 1182,373 863,273 812,301 723,248 456,258"/>
                <Baseline points="456,308 507,314 559,320 610,325 662,331 714,335 765,341 817,346 868,351 920,357 972,363 1023,369 1075,377 1126,384 1178,393 1230,403 1281,415 1333,426 1384,440 1436,455 1488,473"/>
                <TextEquiv>
                    <Unicode>thin derselben sich auch fortgemacht.</Unicode>
                </TextEquiv>
            </TextLine>
            <TextLine id="r2l4" custom="readingOrder {index:3;}">
                <Coords points="457,432 738,439 794,482 934,457 1181,486 1386,528 1458,583 1466,508 1166,403 1084,441 979,378 860,419 686,345 464,375"/>
                <Baseline points="468,411 517,415 566,420 616,423 665,427 714,431 764,434 813,440 862,444 912,448 961,454 1010,460 1060,466 1109,473 1158,481 1208,490 1257,499 1306,511 1356,522 1405,536 1455,551"/>
                <TextEquiv>
                    <Unicode>und sins enotrriment mit genommen.</Unicode>
                </TextEquiv>
            </TextLine>
            <TextLine id="r2l5" custom="readingOrder {index:4;}">
                <Coords points="458,517 671,529 756,619 839,557 894,601 1048,549 1293,590 1405,667 1473,632 1477,590 1187,488 1124,531 984,463 882,500 609,425 468,429"/>
                <Baseline points="468,503 517,509 567,513 617,516 667,521 717,525 767,528 817,532 867,535 917,539 967,544 1016,549 1066,554 1116,560 1166,567 1216,575 1266,583 1316,594 1366,604 1416,616 1466,630"/>
                <TextEquiv>
                    <Unicode>und heil ihme ingniert barund deß</Unicode>
                </TextEquiv>
            </TextLine>
            <TextLine id="r2l6" custom="readingOrder {index:5;}">
                <Coords points="435,627 526,620 654,699 808,644 881,710 954,671 1057,714 1127,676 1453,741 1460,674 1320,680 1208,586 1156,619 955,568 895,606 837,558 759,620 672,545 445,534"/>
                <Baseline points="444,609 494,614 544,619 594,623 644,627 694,630 744,635 794,639 844,643 894,647 945,652 995,657 1045,662 1095,668 1145,675 1195,681 1245,689 1295,696 1345,706 1395,715 1446,726"/>
                <TextEquiv>
                    <Unicode>Gratschi anfenthalt eintzind anders</Unicode>
                </TextEquiv>
            </TextLine>
            <TextLine id="r2l7" custom="readingOrder {index:6;}">
                <Coords points="432,732 674,740 732,796 837,759 1044,775 1081,812 1131,787 1234,875 1336,826 1370,861 1436,847 1442,789 1169,703 1059,716 976,681 897,718 821,650 653,702 593,655 545,688 502,643 440,658"/>
                <Baseline points="441,717 490,721 540,726 589,730 639,734 688,737 738,741 787,745 837,749 886,753 936,758 985,763 1035,767 1084,773 1134,778 1183,786 1233,792 1282,799 1332,807 1381,815 1431,825"/>
                <TextEquiv>
                    <Unicode>Dondenner Wysch ab dem Estarrrich lang</Unicode>
                </TextEquiv>
            </TextLine>
            <TextLine id="r2l8" custom="readingOrder {index:7;}">
                <Coords points="411,903 573,836 687,886 782,847 962,907 1169,879 1435,946 1448,883 1218,790 1078,814 991,776 894,824 833,763 733,797 581,746 421,789"/>
                <Baseline points="426,818 476,823 527,828 577,831 628,835 678,839 729,841 779,844 830,847 880,849 931,854 982,857 1032,860 1083,864 1133,869 1184,875 1234,882 1285,889 1335,898 1386,908 1437,918"/>
                <TextEquiv>
                    <Unicode>häkommen, so könne er solchen diebstahlen</Unicode>
                </TextEquiv>
            </TextLine>
            <TextLine id="r2l9" custom="readingOrder {index:8;}">
                <Coords points="417,943 1080,992 1132,967 1430,1068 1439,946 1348,958 1288,901 1216,947 1149,893 1099,920 831,872 593,920 493,846 420,898"/>
                <Baseline points="426,923 476,930 526,936 576,941 626,944 676,947 726,950 776,951 826,953 876,955 926,957 976,959 1026,962 1076,965 1126,968 1176,973 1226,978 1276,985 1326,992 1376,1003 1427,1014"/>
                <TextEquiv>
                    <Unicode>iemand anders als dem bratschin</Unicode>
                </TextEquiv>
            </TextLine>
            <TextLine id="r2l10" custom="readingOrder {index:9;}">
                <Coords points="443,1053 515,1031 578,1078 642,1044 1065,1071 1167,1137 1232,1089 1395,1102 1398,1070 1310,1017 1261,1049 1218,1014 1120,1025 1029,969 932,996 889,972 766,1025 674,967 608,1007 532,959 449,981"/>
                <Baseline points="453,1023 499,1028 546,1032 593,1035 640,1039 686,1042 733,1046 780,1050 827,1053 873,1057 920,1059 967,1062 1014,1066 1060,1070 1107,1074 1154,1077 1201,1082 1247,1086 1294,1091 1341,1095 1388,1101"/>
                <TextEquiv>
                    <Unicode>oder sammen weib so auch bey ihme</Unicode>
                </TextEquiv>
            </TextLine>
            <TextLine id="r2l11" custom="readingOrder {index:10;}">
                <Coords points="436,1167 507,1150 654,1208 762,1157 989,1187 1045,1160 1134,1209 1345,1217 1402,1208 1406,1139 1356,1172 1262,1122 1215,1161 1129,1114 1034,1145 947,1058 893,1087 663,1052 440,1087"/>
                <Baseline points="444,1139 491,1142 539,1143 586,1146 634,1148 681,1150 729,1151 776,1154 824,1156 871,1158 919,1161 966,1163 1014,1166 1061,1169 1109,1172 1156,1175 1204,1179 1251,1184 1299,1189 1346,1193 1394,1199"/>
                <TextEquiv>
                    <Unicode>gebesen, zu francken und das unse</Unicode>
                </TextEquiv>
            </TextLine>
            <TextLine id="r2l12" custom="readingOrder {index:11;}">
                <Coords points="417,1258 501,1306 604,1245 738,1327 957,1256 1063,1309 1173,1263 1384,1324 1424,1252 1324,1205 1183,1241 1078,1192 994,1222 933,1180 763,1175 660,1230 577,1174 419,1205"/>
                <Baseline points="426,1245 475,1249 524,1251 574,1254 623,1256 673,1257 722,1257 772,1259 821,1259 871,1259 920,1260 969,1262 1019,1262 1068,1265 1118,1266 1167,1269 1217,1273 1266,1278 1316,1284 1365,1292 1415,1299"/>
                <TextEquiv>
                    <Unicode>nehr als ihme und gleicher mit auch</Unicode>
                </TextEquiv>
            </TextLine>
            <TextLine id="r2l13" custom="readingOrder {index:12;}">
                <Coords points="422,1358 610,1423 749,1406 907,1447 994,1439 1082,1373 1182,1443 1271,1383 1452,1413 1453,1362 1333,1284 1242,1347 1046,1340 951,1287 738,1328 607,1257 474,1317 424,1296"/>
                <Baseline points="429,1343 479,1346 530,1351 581,1353 632,1356 683,1357 733,1358 784,1359 835,1361 886,1361 937,1362 987,1362 1038,1364 1089,1365 1140,1366 1191,1369 1241,1372 1292,1374 1343,1380 1394,1385 1445,1391"/>
                <TextEquiv>
                    <Unicode>ein Kupfer becki genommen bordenn</Unicode>
                </TextEquiv>
            </TextLine>
            <TextLine id="r2l14" custom="readingOrder {index:13;}">
                <Coords points="233,1510 250,1505 279,1517 301,1503 362,1556 377,1560 373,1375 334,1379 261,1450 232,1455"/>
                <Baseline points="240,1502 265,1496 291,1494 317,1496 343,1496 369,1496"/>
                <TextEquiv>
                    <Unicode>N.</Unicode>
                </TextEquiv>
            </TextLine>
            <TextLine id="r2l15" custom="readingOrder {index:14;}">
                <Coords points="415,1593 504,1589 563,1537 646,1565 773,1528 1009,1572 1093,1548 1204,1614 1266,1566 1380,1573 1383,1512 1325,1481 1135,1511 1059,1455 930,1485 843,1437 800,1475 733,1444 647,1490 517,1414 421,1444"/>
                <Baseline points="425,1524 472,1527 519,1530 567,1533 614,1535 662,1537 709,1539 756,1541 804,1542 851,1544 899,1545 946,1547 993,1548 1041,1550 1088,1551 1136,1553 1183,1556 1230,1558 1278,1561 1325,1565 1373,1569"/>
                <TextEquiv>
                    <Unicode>ob sy nitt maln als vorgedachter</Unicode>
                </TextEquiv>
            </TextLine>
            <TextLine id="r2l16" custom="readingOrder {index:15;}">
                <Coords points="428,1639 786,1630 854,1665 915,1636 1019,1682 1110,1656 1189,1707 1246,1663 1353,1665 1355,1605 1314,1620 1261,1571 1170,1621 1092,1549 1015,1578 887,1552 836,1584 770,1533 694,1603 556,1551 504,1592 430,1583"/>
                <Baseline points="437,1619 482,1619 527,1620 573,1622 618,1623 664,1624 709,1625 755,1627 800,1629 846,1630 891,1631 936,1634 982,1635 1027,1637 1073,1638 1118,1641 1164,1641 1209,1644 1255,1646 1300,1647 1346,1649"/>
                <TextEquiv>
                    <Unicode>nassen mit dem haltschuuentzen</Unicode>
                </TextEquiv>
            </TextLine>
            <TextLine id="r2l17" custom="readingOrder {index:16;}">
                <Coords points="433,1756 554,1797 718,1772 760,1803 803,1766 834,1785 970,1730 971,1655 892,1642 798,1704 770,1687 736,1702 584,1678 539,1704 435,1695"/>
                <Baseline points="441,1727 467,1728 493,1730 519,1730 545,1731 571,1732 597,1733 623,1734 649,1735 675,1736 702,1737 728,1737 754,1737 780,1738 806,1739 832,1739 858,1739 884,1737 910,1737 936,1736 963,1734"/>
                <TextEquiv>
                    <Unicode>ningegangen seye.</Unicode>
                </TextEquiv>
            </TextLine>
            <TextLine id="r2l18" custom="readingOrder {index:17;}">
                <Coords points="176,1846 229,1845 271,1829 328,1845 356,1833 415,1841 414,1753 387,1736 342,1731 297,1693 246,1713 218,1740 200,1730 176,1736"/>
                <Baseline points="183,1821 208,1821 233,1821 258,1821 283,1821 308,1820 333,1820 358,1820 383,1820 408,1821"/>
                <TextEquiv>
                    <Unicode>lut</Unicode>
                </TextEquiv>
            </TextLine>
            <TextLine id="r2l19" custom="readingOrder {index:18;}">
                <Coords points="423,1862 960,1895 1174,1873 1303,1919 1384,1882 1386,1840 1244,1787 1099,1830 1042,1790 923,1830 801,1775 737,1830 670,1772 622,1803 426,1796"/>
                <Baseline points="431,1842 478,1844 525,1847 572,1850 620,1853 667,1856 714,1857 762,1860 809,1863 856,1865 904,1867 951,1869 998,1871 1045,1873 1093,1874 1140,1875 1187,1877 1235,1877 1282,1878 1329,1878 1377,1878"/>
                <TextEquiv>
                    <Unicode>Nein barters nichts als bad er</Unicode>
                </TextEquiv>
            </TextLine>
            <TextLine id="r2l20" custom="readingOrder {index:19;}">
                <Coords points="409,1917 790,1940 845,1982 916,1942 1011,1979 1044,1968 1047,1893 982,1906 911,1873 848,1869 793,1899 602,1851 543,1901 471,1855 411,1875"/>
                <Baseline points="417,1919 448,1920 479,1922 510,1923 541,1924 572,1925 603,1926 634,1928 665,1929 696,1931 727,1931 758,1932 789,1934 820,1935 851,1935 882,1937 913,1938 944,1939 975,1940 1006,1941 1038,1943"/>
                <TextEquiv>
                    <Unicode>bereits bekannt haben.</Unicode>
                </TextEquiv>
            </TextLine>
            <TextLine id="r2l21" custom="readingOrder {index:20;}">
                <Coords points="195,2064 419,2078 532,2031 764,2076 964,2050 1025,2103 1102,2052 1263,2051 1309,2092 1393,2079 1395,1995 1338,2015 1250,1963 1043,2021 906,1958 689,2015 530,1924 292,1898 198,1934"/>
                <Baseline points="204,2033 263,2033 322,2033 381,2033 440,2033 499,2034 558,2034 617,2036 676,2037 735,2039 795,2040 854,2042 913,2043 972,2045 1031,2046 1090,2048 1149,2049 1208,2051 1267,2052 1326,2054 1386,2055"/>
                <TextEquiv>
                    <Unicode>Zer ob ihme niemand mehr bekanndt</Unicode>
                </TextEquiv>
            </TextLine>
            <TextLine id="r2l22" custom="readingOrder {index:21;}">
                <Coords points="375,2173 641,2150 815,2194 997,2149 1198,2177 1246,2150 1248,2066 1071,2122 971,2051 928,2071 893,2041 758,2118 669,2057 625,2082 472,2044 376,2113"/>
                <Baseline points="383,2138 425,2137 468,2136 511,2136 554,2135 597,2136 639,2136 682,2137 725,2138 768,2139 811,2140 853,2142 896,2142 939,2144 982,2145 1025,2147 1067,2148 1110,2148 1153,2150 1196,2150 1239,2151"/>
                <TextEquiv>
                    <Unicode>sige so darmit zu thuon gehabt.</Unicode>
                </TextEquiv>
            </TextLine>
            <TextLine id="r2l23" custom="readingOrder {index:22;}">
                <Coords points="148,2259 351,2245 796,2329 1052,2271 1210,2332 1364,2268 1366,2196 1222,2250 1069,2155 556,2208 273,2099 152,2138"/>
                <Baseline points="156,2237 216,2240 276,2242 336,2245 396,2247 456,2250 516,2252 576,2255 636,2256 696,2258 756,2261 816,2262 876,2264 936,2266 996,2267 1056,2268 1116,2270 1176,2271 1236,2273 1296,2274 1356,2276"/>
                <TextEquiv>
                    <Unicode>Duwilling sy disse gar hiemand mehr.</Unicode>
                </TextEquiv>
            </TextLine>
            <TextLine id="r2l24" custom="readingOrder {index:23;}">
                <Coords points="357,2469 521,2473 569,2512 645,2440 785,2473 916,2446 968,2479 1084,2462 1149,2522 1248,2453 1297,2495 1366,2469 1369,2345 1242,2390 1162,2351 1087,2382 926,2353 783,2419 614,2290 361,2292"/>
                <Baseline points="365,2436 414,2435 464,2435 514,2436 563,2436 613,2438 663,2441 712,2443 762,2445 812,2447 862,2450 911,2453 961,2454 1011,2456 1060,2456 1110,2456 1160,2456 1209,2454 1259,2452 1309,2448 1359,2444"/>
                <TextEquiv>
                    <Unicode>Sye ihme gar dann daß er</Unicode>
                </TextEquiv>
            </TextLine>
            <TextLine id="r2l25" custom="readingOrder {index:24;}">
                <Coords points="388,2588 484,2602 587,2527 708,2541 750,2582 811,2541 901,2590 1085,2552 1146,2597 1207,2543 1384,2552 1397,2516 1229,2463 1072,2530 917,2446 660,2462 569,2512 390,2474"/>
                <Baseline points="396,2525 445,2526 495,2526 544,2529 594,2530 644,2532 693,2534 743,2536 793,2538 842,2540 892,2541 942,2543 991,2544 1041,2544 1091,2544 1140,2544 1190,2544 1240,2543 1289,2541 1339,2538 1389,2534"/>
                <TextEquiv>
                    <Unicode>sich in dieselb haltschmüntzen</Unicode>
                </TextEquiv>
            </TextLine>
            <TextLine id="r2l26" custom="readingOrder {index:25;}">
                <Coords points="379,2703 453,2639 559,2697 603,2656 639,2689 786,2640 861,2705 980,2655 1078,2710 1200,2643 1418,2654 1419,2574 1247,2606 1194,2556 1147,2598 1108,2563 1015,2613 751,2583 697,2541 639,2591 563,2547 485,2604 380,2594"/>
                <Baseline points="387,2633 438,2634 489,2634 540,2634 591,2636 642,2636 693,2637 745,2639 796,2639 847,2640 898,2642 949,2642 1000,2642 1051,2643 1103,2643 1154,2642 1205,2642 1256,2641 1307,2639 1358,2637 1410,2636"/>
                <TextEquiv>
                    <Unicode>gemißthat und daharo leyder geib¬</Unicode>
                </TextEquiv>
            </TextLine>
            <TextLine id="r2l27" custom="readingOrder {index:26;}">
                <Coords points="401,2795 719,2741 883,2826 1044,2759 1452,2753 1452,2673 1400,2661 1254,2710 1199,2662 1075,2712 991,2665 852,2713 780,2677 694,2730 486,2641 401,2671"/>
                <Baseline points="408,2756 459,2753 511,2751 563,2750 615,2748 667,2748 719,2749 770,2750 822,2751 874,2753 926,2754 978,2756 1030,2757 1082,2757 1133,2759 1185,2757 1237,2757 1289,2756 1341,2753 1393,2748 1445,2744"/>
                <TextEquiv>
                    <Unicode>lich angen eine poche vorigtelt</Unicode>
                </TextEquiv>
            </TextLine>
            <TextLine id="r2l28" custom="readingOrder {index:27;}">
                <Coords points="373,2916 433,2872 595,2880 630,2913 726,2871 888,2944 1133,2876 1256,2923 1380,2841 1245,2807 1185,2843 1122,2809 1011,2851 924,2797 850,2841 757,2813 703,2838 636,2780 496,2846 373,2848"/>
                <Baseline points="380,2873 429,2871 479,2871 528,2870 578,2870 628,2871 677,2871 727,2871 777,2873 826,2873 876,2874 926,2874 975,2876 1025,2876 1075,2876 1124,2874 1174,2874 1224,2873 1273,2871 1323,2869 1373,2865"/>
                <TextEquiv>
                    <Unicode>gesellt habe, sye aber darzu</Unicode>
                </TextEquiv>
            </TextLine>
            <TextLine id="r2l29" custom="readingOrder {index:28;}">
                <Coords points="376,3008 446,2995 485,3033 561,2990 732,3020 1134,2999 1260,3040 1340,2987 1445,3015 1445,2964 1313,2925 1178,2945 1096,2893 995,2893 915,2958 745,2880 377,2911"/>
                <Baseline points="384,2993 436,2991 489,2991 541,2991 594,2991 647,2993 699,2993 752,2994 805,2996 857,2997 910,2997 963,2999 1015,2999 1068,3000 1121,3000 1173,3000 1226,2999 1279,2999 1331,2997 1384,2994 1437,2991"/>
                <TextEquiv>
                    <Unicode>versächet wordenn, Hatte dehnnen</Unicode>
                </TextEquiv>
            </TextLine>
            <TextLine id="r2l30" custom="readingOrder {index:29;}">
                <Coords points="339,3113 392,3099 466,3159 520,3153 593,3101 854,3121 949,3099 948,3002 780,3007 738,3045 655,3000 588,3011 559,2990 498,3040 451,3007 339,3074"/>
                <Baseline points="347,3101 376,3100 406,3099 436,3098 465,3098 495,3096 525,3096 554,3096 584,3096 614,3096 644,3096 673,3096 703,3096 733,3096 762,3096 792,3096 822,3096 851,3096 881,3096 911,3096 941,3095"/>
                <TextEquiv>
                    <Unicode>Migstumb gnad.</Unicode>
                </TextEquiv>
            </TextLine>
            <TextLine id="r2l31" custom="readingOrder {index:30;}">
                <Coords points="1192,3247 1267,3241 1294,3212 1342,3206 1353,3211 1388,3201 1398,3196 1391,3148 1374,3151 1359,3140 1347,3143 1310,3129 1299,3134 1267,3128 1179,3165"/>
                <Baseline points="1196,3224 1224,3224 1252,3220 1280,3214 1308,3207 1336,3202 1364,3200 1392,3201"/>
                <TextEquiv>
                    <Unicode> eine</Unicode>
                </TextEquiv>
            </TextLine>
            <TextLine id="r2l32" custom="readingOrder {index:31;}">
                <Coords points="358,3294 518,3264 699,3312 758,3284 838,3347 893,3303 999,3295 1068,3360 1230,3305 1232,3216 1203,3205 1048,3200 997,3154 761,3204 666,3115 560,3118 360,3214"/>
                <Baseline points="366,3258 408,3262 451,3265 494,3269 537,3271 580,3273 623,3275 666,3276 709,3278 752,3279 795,3279 837,3281 880,3281 923,3281 966,3281 1009,3282 1052,3282 1095,3282 1138,3281 1181,3281 1224,3281"/>
                <TextEquiv>
                    <Unicode>Actum d. Kind </Unicode>
                </TextEquiv>
            </TextLine>
            <TextLine id="r2l33" custom="readingOrder {index:32;}">
                <Coords points="356,3408 398,3387 467,3397 477,3406 495,3391 546,3393 575,3373 593,3375 592,3298 573,3295 530,3330 514,3318 483,3324 456,3309 421,3320 391,3350 355,3354"/>
                <Baseline points="363,3390 390,3389 418,3387 446,3387 474,3386 501,3386 529,3387 557,3388 585,3390"/>
                <TextEquiv>
                    <Unicode>116</Unicode>
                </TextEquiv>
            </TextLine>
            <TextLine id="r2l34" custom="readingOrder {index:33;}">
                <Coords points="200,3614 250,3593 265,3600 284,3587 306,3593 327,3566 393,3551 368,3411 354,3413 329,3438 286,3428 246,3454 221,3484 203,3484 196,3495 178,3492"/>
                <Baseline points="203,3587 229,3583 255,3579 281,3574 307,3569 333,3565 359,3560 386,3555"/>
                <TextEquiv>
                    <Unicode>e</Unicode>
                </TextEquiv>
            </TextLine>
            <TextEquiv>
                <Unicode>Jo Hanns Riffennig
daß der spatschin sich bey begeben, verruchen
thin derselben sich auch fortgemacht.
und sins enotrriment mit genommen.
und heil ihme ingniert barund deß
Gratschi anfenthalt eintzind anders
Dondenner Wysch ab dem Estarrrich lang
häkommen, so könne er solchen diebstahlen
iemand anders als dem bratschin
oder sammen weib so auch bey ihme
gebesen, zu francken und das unse
nehr als ihme und gleicher mit auch
ein Kupfer becki genommen bordenn
N.
ob sy nitt maln als vorgedachter
nassen mit dem haltschuuentzen
ningegangen seye.
lut
Nein barters nichts als bad er
bereits bekannt haben.
Zer ob ihme niemand mehr bekanndt
sige so darmit zu thuon gehabt.
Duwilling sy disse gar hiemand mehr.
Sye ihme gar dann daß er
sich in dieselb haltschmüntzen
gemißthat und daharo leyder geib¬
lich angen eine poche vorigtelt
gesellt habe, sye aber darzu
versächet wordenn, Hatte dehnnen
Migstumb gnad.
 eine
Actum d. Kind 
116
e</Unicode>
            </TextEquiv>
        </TextRegion>
        <TextRegion orientation="0.0" id="r3" custom="readingOrder {index:2;}">
            <Coords points="1626,2038 1626,3487 1839,3487 1839,2038"/>
            <TextLine id="r3l1" custom="readingOrder {index:0;}">
                <Coords points="1653,2190 1677,2176 1708,2172 1717,2179 1722,2173 1768,2168 1752,2041 1745,2042 1720,2025 1718,2029 1693,2026 1672,2042 1633,2032"/>
                <Baseline points="1656,2154 1681,2144 1706,2139 1731,2138 1757,2141"/>
                <TextEquiv>
                    <Unicode>.</Unicode>
                </TextEquiv>
            </TextLine>
            <TextLine id="r3l2" custom="readingOrder {index:1;}">
                <Coords points="1618,2490 1638,2489 1667,2465 1700,2461 1722,2466 1737,2482 1773,2461 1808,2462 1823,2474 1847,2466 1849,2370 1826,2366 1819,2374 1792,2366 1759,2339 1716,2348 1669,2329 1621,2361"/>
                <Baseline points="1626,2453 1652,2454 1679,2454 1705,2455 1732,2456 1759,2456 1785,2457 1812,2457 1839,2456"/>
                <TextEquiv>
                    <Unicode>Bamb</Unicode>
                </TextEquiv>
            </TextLine>
            <TextLine id="r3l3" custom="readingOrder {index:2;}">
                <Coords points="1641,3488 1657,3489 1714,3435 1749,3429 1745,3340 1736,3339 1716,3351 1707,3351 1649,3327 1634,3332"/>
                <Baseline points="1646,3437 1678,3431 1710,3428 1742,3434"/>
                <TextEquiv>
                    <Unicode>K.</Unicode>
                </TextEquiv>
            </TextLine>
            <TextEquiv>
                <Unicode>.
Bamb
K.</Unicode>
            </TextEquiv>
        </TextRegion>
        <TextRegion orientation="0.0" id="r4" custom="readingOrder {index:3;}">
            <Coords points="1782,277 1782,3650 2921,3650 2921,277"/>
            <TextLine id="r4l1" custom="readingOrder {index:0;}">
                <Coords points="2800,352 2843,352 2861,367 2888,363 2905,368 2914,360 2926,361 2933,292 2922,288 2910,292 2902,285 2897,289 2885,280 2807,281"/>
                <Baseline points="2810,324 2837,324 2865,326 2893,330 2921,333"/>
                <TextEquiv>
                    <Unicode>229.]</Unicode>
                </TextEquiv>
            </TextLine>
            <TextLine id="r4l2" custom="readingOrder {index:1;} person {offset:0; length:13;}">
                <Coords points="1868,484 1977,418 2123,436 2252,394 2416,453 2492,425 2587,486 2788,465 2791,360 2726,328 2585,344 2512,281 2352,307 2281,372 2149,339 2061,260 2007,296 1951,258 1874,283"/>
                <Baseline points="1878,422 1923,417 1968,413 2013,411 2058,408 2103,408 2148,409 2194,410 2239,411 2284,414 2329,416 2374,419 2419,422 2464,423 2510,427 2555,429 2600,430 2645,432 2690,432 2735,432 2781,431"/>
                <TextEquiv>
                    <Unicode>Daniel Bichti</Unicode>
                </TextEquiv>
            </TextLine>
            <TextLine id="r4l3" custom="readingOrder {index:2;} person {offset:14; length:4;}">
                <Coords points="1809,650 1942,594 2025,641 2122,602 2295,655 2405,608 2531,673 2609,623 2874,641 2921,605 2720,537 2593,573 2511,507 2414,579 2347,528 2221,563 2157,506 2068,542 1991,486 1812,555"/>
                <Baseline points="1818,599 1872,597 1927,596 1982,596 2037,597 2091,597 2146,599 2201,601 2256,603 2310,606 2365,609 2420,612 2475,615 2529,617 2584,620 2639,623 2694,624 2748,626 2803,627 2858,629 2913,629"/>
                <TextEquiv>
                    <Unicode>Nachdemmer H. Düli kione ver</Unicode>
                </TextEquiv>
            </TextLine>
            <TextLine id="r4l4" custom="readingOrder {index:3;} person {offset:11; length:4;} place {offset:26; length:6;}">
                <Coords points="1840,715 2629,740 2786,800 2909,744 2672,628 2611,671 2437,634 2291,678 2239,624 2188,649 1844,616"/>
                <Baseline points="1848,704 1900,705 1953,707 2005,710 2058,711 2111,714 2163,716 2216,718 2269,721 2321,723 2374,725 2427,728 2479,730 2532,732 2585,735 2637,737 2690,740 2743,741 2795,744 2848,746 2901,747"/>
                <TextEquiv>
                    <Unicode>Mer hatter Groß weibel vf Lading</Unicode>
                </TextEquiv>
            </TextLine>
            <TextLine id="r4l5" custom="readingOrder {index:4;}">
                <Coords points="1875,840 2004,815 2111,891 2350,820 2495,847 2570,905 2670,842 2892,855 2913,791 2789,819 2508,738 2332,747 2289,710 2139,795 2066,757 2018,798 1877,796"/>
                <Baseline points="1884,812 1935,813 1986,815 2037,816 2088,819 2139,821 2190,823 2241,825 2292,828 2343,830 2394,831 2445,834 2496,836 2547,837 2598,839 2649,840 2700,840 2751,840 2802,840 2853,839 2904,837"/>
                <TextEquiv>
                    <Unicode>nin derrichtscheitt willd, auß dem mit</Unicode>
                </TextEquiv>
            </TextLine>
            <TextLine id="r4l6" custom="readingOrder {index:5;} person {offset:0; length:14;}">
                <Coords points="1817,958 2092,926 2337,974 2476,947 2845,973 2905,964 2907,901 2795,909 2702,862 2583,915 2370,838 2286,910 2198,845 2094,900 1970,835 1818,895"/>
                <Baseline points="1824,936 1877,933 1931,932 1985,930 2038,930 2092,932 2146,932 2199,934 2253,936 2307,938 2361,939 2414,942 2468,944 2522,946 2575,948 2629,949 2683,950 2736,950 2790,950 2844,948 2898,947"/>
                <TextEquiv>
                    <Unicode>Damuel Gratsch und Lientenant</Unicode>
                </TextEquiv>
            </TextLine>
            <TextLine id="r4l7" custom="readingOrder {index:6;} person {offset:0; length:20;}">
                <Coords points="1837,1120 2016,1049 2136,1057 2221,1117 2379,1067 2484,1134 2572,1078 2926,1102 2928,1039 2852,991 2752,1058 2649,989 2443,1041 2307,950 2126,1007 1844,949"/>
                <Baseline points="1848,1046 1901,1046 1955,1047 2008,1049 2062,1050 2115,1052 2169,1053 2222,1055 2276,1056 2329,1058 2383,1060 2437,1062 2490,1065 2544,1068 2597,1070 2651,1073 2704,1076 2758,1078 2811,1082 2865,1086 2919,1089"/>
                <TextEquiv>
                    <Unicode>Johannes Richtschard gehaltenn da¬</Unicode>
                </TextEquiv>
            </TextLine>
            <TextLine id="r4l8" custom="readingOrder {index:7;}">
                <Coords points="1820,1187 2079,1166 2284,1207 2687,1175 2776,1233 2843,1184 2914,1192 2916,1112 2680,1088 2587,1161 2368,1154 2277,1108 2229,1132 2080,1079 2001,1128 1822,1125"/>
                <Baseline points="1829,1157 1882,1157 1936,1158 1990,1159 2044,1161 2098,1163 2152,1164 2206,1166 2260,1167 2314,1169 2368,1170 2421,1173 2475,1175 2529,1176 2583,1177 2637,1178 2691,1179 2745,1179 2799,1179 2853,1179 2907,1179"/>
                <TextEquiv>
                    <Unicode> triuibus bahrgenommen, daß diesen</Unicode>
                </TextEquiv>
            </TextLine>
            <TextLine id="r4l9" custom="readingOrder {index:8;}">
                <Coords points="1856,1295 1932,1310 2022,1252 2173,1259 2224,1297 2297,1249 2365,1301 2542,1250 2914,1270 2914,1229 2841,1204 2757,1237 2689,1174 2479,1219 2381,1187 2246,1207 2206,1174 1856,1207"/>
                <Baseline points="1863,1266 1915,1262 1967,1257 2019,1255 2071,1251 2123,1250 2175,1248 2228,1248 2280,1247 2332,1247 2384,1248 2436,1248 2488,1249 2540,1250 2593,1251 2645,1253 2697,1254 2749,1256 2801,1257 2853,1258 2906,1259"/>
                <TextEquiv>
                    <Unicode>ber der Gelirguemten in fürt, unnd anderen</Unicode>
                </TextEquiv>
            </TextLine>
            <TextLine id="r4l10" custom="readingOrder {index:9;}">
                <Coords points="1869,1385 2226,1351 2360,1397 2461,1363 2557,1416 2642,1363 2810,1393 2908,1336 2795,1281 2611,1291 2542,1250 2396,1322 2247,1280 2142,1325 2028,1286 1968,1343 1869,1341"/>
                <Baseline points="1877,1370 1928,1365 1979,1362 2030,1359 2081,1356 2133,1355 2184,1353 2235,1353 2286,1352 2337,1352 2389,1353 2440,1353 2491,1354 2542,1355 2593,1356 2645,1358 2696,1359 2747,1361 2798,1362 2849,1364 2901,1365"/>
                <TextEquiv>
                    <Unicode>ein standen Variere, so haben sin keltig er</Unicode>
                </TextEquiv>
            </TextLine>
            <TextLine id="r4l11" custom="readingOrder {index:10;} person {offset:20; length:19;}">
                <Coords points="1845,1536 1955,1487 2034,1542 2144,1470 2385,1457 2484,1523 2656,1453 2837,1515 2910,1473 2909,1401 2738,1364 2527,1420 2456,1367 2315,1400 2239,1358 1844,1437"/>
                <Baseline points="1851,1472 1903,1469 1956,1467 2008,1464 2061,1463 2114,1461 2166,1460 2219,1458 2271,1457 2324,1457 2377,1455 2429,1455 2482,1455 2534,1455 2587,1455 2640,1456 2692,1457 2745,1458 2797,1459 2850,1460 2903,1461"/>
                <TextEquiv>
                    <Unicode>nachstet, gemaldten Belleguert Gentschi</Unicode>
                </TextEquiv>
            </TextLine>
            <TextLine id="r4l12" custom="readingOrder {index:11;}">
                <Coords points="1868,1579 2045,1600 2125,1556 2436,1577 2487,1620 2682,1562 2778,1621 2904,1581 2903,1491 2782,1539 2612,1459 2497,1534 2399,1541 2238,1470 2118,1482 2033,1542 1868,1539"/>
                <Baseline points="1875,1577 1926,1575 1977,1574 2028,1572 2079,1571 2130,1569 2181,1569 2232,1568 2283,1566 2334,1566 2386,1566 2437,1566 2488,1566 2539,1566 2590,1566 2641,1566 2692,1566 2743,1565 2794,1565 2845,1565 2897,1565"/>
                <TextEquiv>
                    <Unicode>nochmahls zu examinieren, zu dem zuode</Unicode>
                </TextEquiv>
            </TextLine>
            <TextLine id="r4l13" custom="readingOrder {index:12;} person {offset:8; length:7;}">
                <Coords points="1868,1686 2069,1670 2295,1740 2459,1673 2653,1675 2754,1736 2838,1663 2908,1684 2908,1610 2761,1623 2690,1574 2602,1643 2525,1646 2456,1593 2406,1627 2268,1577 2183,1609 2124,1557 1972,1614 1867,1589"/>
                <Baseline points="1875,1677 1926,1676 1977,1674 2028,1673 2080,1671 2131,1670 2182,1670 2234,1668 2285,1668 2336,1667 2388,1667 2439,1665 2490,1665 2541,1665 2593,1665 2644,1665 2695,1665 2747,1667 2798,1667 2849,1668 2901,1668"/>
                <TextEquiv>
                    <Unicode>dan der Gatschi sonst niemand kommen</Unicode>
                </TextEquiv>
            </TextLine>
            <TextLine id="r4l14" custom="readingOrder {index:13;}">
                <Coords points="1851,1799 2196,1773 2362,1835 2540,1769 2708,1836 2791,1773 2918,1808 2917,1727 2839,1678 2720,1744 2445,1690 2267,1749 2176,1695 2119,1721 2041,1693 1993,1739 1851,1760"/>
                <Baseline points="1859,1781 1911,1779 1964,1778 2016,1776 2069,1775 2121,1773 2174,1772 2226,1770 2279,1770 2331,1769 2384,1769 2436,1767 2489,1767 2541,1767 2594,1767 2646,1767 2699,1767 2751,1767 2804,1767 2856,1769 2909,1769"/>
                <TextEquiv>
                    <Unicode>neret worden, das er über nachfolgen,</Unicode>
                </TextEquiv>
            </TextLine>
            <TextLine id="r4l15" custom="readingOrder {index:14;}">
                <Coords points="1824,1905 2329,1874 2502,1946 2608,1864 2792,1885 2890,1865 2889,1820 2814,1782 2681,1835 2538,1770 2359,1835 2216,1776 2135,1833 2045,1807 1983,1857 1918,1806 1822,1845"/>
                <Baseline points="1830,1887 1882,1886 1935,1883 1987,1880 2040,1878 2093,1875 2145,1873 2198,1871 2251,1868 2303,1866 2356,1865 2409,1863 2461,1862 2514,1860 2567,1859 2619,1859 2672,1857 2725,1859 2777,1859 2830,1860 2883,1862"/>
                <TextEquiv>
                    <Unicode>nde an ihm senckendetragen die</Unicode>
                </TextEquiv>
            </TextLine>
            <TextLine id="r4l16" custom="readingOrder {index:15;}">
                <Coords points="1810,2026 2010,2001 2109,2078 2243,1999 2656,1995 2630,1946 2501,1960 2441,1909 2096,1919 2040,1883 1955,1885 1805,1930"/>
                <Baseline points="1817,2015 1858,2013 1900,2011 1941,2009 1983,2007 2024,2004 2066,2001 2107,1999 2149,1996 2190,1994 2232,1991 2274,1989 2315,1986 2357,1984 2398,1982 2440,1980 2481,1979 2523,1979 2564,1979 2606,1979 2648,1979"/>
                <TextEquiv>
                    <Unicode>oure wahrheit bekannen.</Unicode>
                </TextEquiv>
            </TextLine>
            <TextLine id="r4l17" custom="readingOrder {index:16;}">
                <Coords points="2182,2113 2196,2112 2205,2105 2218,2111 2239,2090 2245,2094 2253,2087 2260,2093 2269,2085 2293,2079 2292,2004 2282,2005 2268,1998 2249,2000 2232,2009 2200,2042 2182,2045"/>
                <Baseline points="2189,2067 2221,2064 2253,2063 2285,2067"/>
                <TextEquiv>
                    <Unicode>gangen.</Unicode>
                </TextEquiv>
            </TextLine>
            <TextLine id="r4l18" custom="readingOrder {index:17;} person {offset:10; length:10;}">
                <Coords points="1841,2140 2004,2168 2109,2123 2191,2157 2234,2115 2510,2115 2619,2165 2738,2162 2819,2107 2885,2114 2884,2051 2579,2073 2343,2043 2278,2089 2243,2066 2119,2102 2032,2032 1987,2058 1838,2032"/>
                <Baseline points="1848,2135 1899,2132 1950,2127 2002,2125 2053,2123 2105,2120 2156,2118 2208,2117 2259,2115 2311,2114 2362,2112 2413,2111 2465,2110 2516,2109 2568,2108 2619,2108 2671,2107 2722,2106 2774,2106 2825,2105 2877,2103"/>
                <TextEquiv>
                    <Unicode>Worum und spas Nilap Es Jag dem</Unicode>
                </TextEquiv>
            </TextLine>
            <TextLine id="r4l19" custom="readingOrder {index:18;}">
                <Coords points="1852,2233 1971,2241 2069,2300 2256,2225 2415,2256 2474,2229 2557,2278 2651,2230 2753,2248 2891,2206 2887,2129 2846,2105 2758,2164 2483,2120 2411,2164 2262,2164 2130,2124 1950,2194 1900,2153 1850,2176"/>
                <Baseline points="1859,2231 1910,2229 1961,2228 2012,2226 2063,2225 2114,2223 2165,2221 2217,2219 2268,2216 2319,2214 2370,2211 2421,2209 2472,2207 2523,2204 2575,2202 2626,2198 2677,2196 2728,2193 2779,2191 2830,2189 2882,2186"/>
                <TextEquiv>
                    <Unicode>dern Ritsch pars das haltschmüntzen</Unicode>
                </TextEquiv>
            </TextLine>
            <TextLine id="r4l20" custom="readingOrder {index:19;}">
                <Coords points="1852,2403 1993,2351 2150,2348 2221,2368 2333,2351 2404,2377 2403,2254 2324,2297 2254,2247 2103,2310 1947,2311 1850,2279"/>
                <Baseline points="1859,2352 1885,2351 1912,2349 1939,2348 1966,2347 1993,2346 2020,2346 2046,2345 2073,2345 2100,2345 2127,2345 2154,2345 2181,2345 2208,2345 2234,2345 2261,2343 2288,2343 2315,2343 2342,2342 2369,2341 2396,2339"/>
                <TextEquiv>
                    <Unicode>ppropeniert habe 2.</Unicode>
                </TextEquiv>
            </TextLine>
            <TextLine id="r4l21" custom="readingOrder {index:20;} person {offset:20; length:9;}">
                <Coords points="1878,2528 1966,2502 2016,2527 2084,2463 2228,2446 2488,2504 2627,2446 2715,2499 2812,2441 2811,2372 2662,2393 2447,2341 2368,2398 2207,2355 2053,2423 1955,2354 1876,2400"/>
                <Baseline points="1884,2457 1930,2454 1976,2453 2022,2451 2068,2450 2114,2450 2160,2448 2206,2448 2252,2448 2298,2448 2344,2448 2390,2447 2436,2447 2482,2447 2528,2447 2574,2445 2620,2445 2666,2444 2712,2442 2758,2439 2804,2438"/>
                <TextEquiv>
                    <Unicode>Er habe solches dem Sitschars auch de</Unicode>
                </TextEquiv>
            </TextLine>
            <TextLine id="r4l22" custom="readingOrder {index:21;}">
                <Coords points="1843,2586 2234,2554 2379,2619 2517,2573 2618,2624 2731,2557 2828,2579 2881,2542 2842,2474 2696,2513 2618,2454 2501,2511 2342,2478 2262,2519 2173,2488 2111,2538 1842,2532"/>
                <Baseline points="1850,2564 1901,2562 1952,2561 2003,2560 2054,2559 2105,2558 2156,2556 2208,2555 2259,2554 2310,2553 2361,2552 2412,2552 2463,2550 2514,2549 2566,2549 2617,2549 2668,2549 2719,2547 2770,2547 2821,2547 2873,2547"/>
                <TextEquiv>
                    <Unicode>keiner andere ursach vorgeschlagen</Unicode>
                </TextEquiv>
            </TextLine>
            <TextLine id="r4l23" custom="readingOrder {index:22;} person {offset:14; length:4;} place {offset:35; length:4;}">
                <Coords points="1846,2678 2075,2666 2137,2704 2633,2649 2693,2687 2752,2654 2804,2679 2866,2662 2865,2578 2734,2557 2609,2628 2556,2590 2384,2624 2231,2554 2102,2621 1966,2579 1845,2623"/>
                <Baseline points="1853,2667 1903,2665 1953,2663 2003,2660 2054,2658 2104,2656 2154,2654 2205,2652 2255,2651 2305,2649 2356,2649 2406,2648 2456,2648 2506,2648 2557,2648 2607,2648 2657,2648 2708,2649 2758,2651 2808,2652 2859,2654"/>
                <TextEquiv>
                    <Unicode>als heilen er Jugi begen seinem zu Thun</Unicode>
                </TextEquiv>
            </TextLine>
            <TextLine id="r4l24" custom="readingOrder {index:23;}">
                <Coords points="1839,2815 2015,2769 2327,2799 2396,2757 2489,2799 2561,2752 2796,2764 2869,2732 2735,2729 2633,2649 2539,2684 2502,2656 2437,2704 2389,2678 2137,2705 2075,2669 1837,2731"/>
                <Baseline points="1845,2771 1895,2768 1946,2764 1997,2762 2048,2759 2099,2756 2149,2753 2200,2751 2251,2748 2302,2747 2353,2746 2403,2745 2454,2744 2505,2744 2556,2744 2607,2744 2657,2745 2708,2746 2759,2748 2810,2750 2861,2753"/>
                <TextEquiv>
                    <Unicode>gehabten bwollhe denselben kennen</Unicode>
                </TextEquiv>
            </TextLine>
            <TextLine id="r4l25" custom="readingOrder {index:24;}">
                <Coords points="1842,2933 1931,2877 2090,2913 2187,2869 2255,2911 2587,2851 2787,2899 2884,2851 2883,2803 2736,2758 2675,2799 2561,2753 2487,2809 2352,2819 2137,2767 2055,2832 1953,2799 1887,2852 1839,2838"/>
                <Baseline points="1847,2879 1898,2876 1949,2874 2001,2871 2052,2868 2104,2865 2155,2863 2207,2861 2258,2859 2310,2858 2361,2856 2412,2855 2464,2853 2515,2852 2567,2850 2618,2850 2670,2849 2721,2849 2773,2847 2824,2847 2876,2846"/>
                <TextEquiv>
                    <Unicode>gelesent und es gelaget dem bitschar</Unicode>
                </TextEquiv>
            </TextLine>
            <TextLine id="r4l26" custom="readingOrder {index:25;} place {offset:11; length:5;}">
                <Coords points="1856,3000 2113,2964 2219,3026 2298,2983 2348,3019 2477,2978 2525,3010 2594,2962 2661,3002 2724,2959 2800,3014 2881,2984 2877,2870 2751,2904 2692,2867 2623,2895 2538,2869 2477,2923 2429,2885 2304,2888 2247,2932 2156,2875 2098,2915 1931,2877 1853,2929"/>
                <Baseline points="1862,2979 1912,2978 1963,2975 2013,2973 2064,2970 2114,2967 2165,2965 2215,2961 2266,2959 2316,2956 2367,2953 2418,2951 2468,2949 2519,2946 2569,2946 2620,2945 2670,2945 2721,2946 2771,2948 2822,2951 2873,2954"/>
                <TextEquiv>
                    <Unicode>darvon zuo Riden sausanlaß des nachten</Unicode>
                </TextEquiv>
            </TextLine>
            <TextLine id="r4l27" custom="readingOrder {index:26;}">
                <Coords points="1838,3094 1916,3085 1998,3152 2174,3076 2281,3124 2349,3058 2478,3124 2512,3099 2554,3121 2653,3061 2767,3048 2765,3004 2679,2983 2638,3021 2503,3038 2404,2993 2346,3018 2289,2997 2230,3037 2084,2991 2026,3051 1837,3058"/>
                <Baseline points="1845,3083 1890,3078 1936,3075 1982,3072 2027,3070 2073,3068 2119,3066 2164,3065 2210,3063 2256,3062 2302,3062 2347,3060 2393,3060 2439,3059 2484,3057 2530,3056 2576,3054 2621,3051 2667,3048 2713,3045 2759,3042"/>
                <TextEquiv>
                    <Unicode>manns so ihme egustion gegeben</Unicode>
                </TextEquiv>
            </TextLine>
            <TextLine id="r4l28" custom="readingOrder {index:27;}">
                <Coords points="1832,3216 1901,3251 2033,3174 2197,3170 2271,3215 2430,3156 2780,3168 2786,3115 2465,3134 2348,3059 2280,3124 2159,3080 2096,3143 2045,3112 1973,3153 1884,3101 1828,3128"/>
                <Baseline points="1838,3189 1885,3185 1932,3180 1979,3177 2026,3174 2073,3171 2120,3168 2167,3165 2214,3163 2261,3161 2309,3159 2356,3158 2403,3156 2450,3154 2497,3153 2544,3152 2591,3150 2638,3149 2685,3146 2732,3144 2780,3143"/>
                <TextEquiv>
                    <Unicode>begen den sampflen mit einem</Unicode>
                </TextEquiv>
            </TextLine>
            <TextLine id="r4l29" custom="readingOrder {index:28;} person {offset:9; length:5;}">
                <Coords points="1819,3318 1949,3308 2017,3361 2098,3299 2150,3320 2192,3294 2404,3286 2401,3239 2341,3251 2158,3179 2126,3216 2051,3205 1966,3265 1907,3260 1879,3234 1814,3244"/>
                <Baseline points="1827,3314 1855,3309 1883,3307 1912,3303 1940,3300 1969,3297 1997,3296 2026,3293 2054,3291 2083,3289 2111,3286 2139,3285 2168,3284 2196,3282 2225,3281 2253,3280 2282,3279 2310,3278 2339,3278 2367,3278 2396,3278"/>
                <TextEquiv>
                    <Unicode>Gaden zu Ruder</Unicode>
                </TextEquiv>
            </TextLine>
            <TextLine id="r4l30" custom="readingOrder {index:29;} person {offset:7; length:14;}">
                <Coords points="1777,3482 1937,3435 2164,3490 2292,3413 2862,3428 2870,3353 2729,3297 2633,3375 2325,3311 2153,3363 2083,3331 2006,3360 1915,3305 1771,3350"/>
                <Baseline points="1782,3444 1836,3440 1890,3437 1944,3433 1998,3429 2052,3427 2106,3425 2160,3422 2214,3420 2268,3417 2323,3416 2377,3414 2431,3413 2485,3411 2539,3408 2593,3407 2647,3405 2701,3403 2755,3400 2809,3398 2864,3395"/>
                <TextEquiv>
                    <Unicode>Ds der Büchsen schmid bewiller vor ohnn</Unicode>
                </TextEquiv>
            </TextLine>
            <TextLine id="r4l31" custom="readingOrder {index:30;} place {offset:14; length:9;}">
                <Coords points="1839,3587 1979,3547 2017,3570 2078,3521 2282,3575 2398,3508 2879,3515 2875,3428 2498,3464 2296,3413 2163,3488 2053,3447 1836,3505"/>
                <Baseline points="1845,3542 1896,3536 1947,3533 1998,3529 2050,3525 2101,3522 2152,3519 2204,3516 2255,3515 2306,3512 2358,3510 2409,3509 2460,3507 2511,3505 2563,3504 2614,3503 2665,3501 2717,3501 2768,3500 2819,3500 2871,3498"/>
                <TextEquiv>
                    <Unicode>gefahr zu dem bitschard gekommen, oder ge</Unicode>
                </TextEquiv>
            </TextLine>
            <TextLine id="r4l32" custom="readingOrder {index:31;}">
                <Coords points="1842,3663 1899,3684 2171,3622 2379,3687 2485,3616 2719,3662 2860,3616 2857,3516 2760,3512 2697,3564 2599,3511 2391,3526 2308,3578 2070,3547 2027,3578 1977,3548 1840,3588"/>
                <Baseline points="1848,3629 1898,3627 1948,3626 1998,3624 2049,3621 2099,3620 2149,3618 2199,3616 2250,3614 2300,3612 2350,3611 2400,3609 2451,3608 2501,3606 2551,3605 2601,3605 2652,3603 2702,3603 2752,3603 2802,3603 2853,3603"/>
                <TextEquiv>
                    <Unicode>der salbe den müller zu sich breilen habe</Unicode>
                </TextEquiv>
            </TextLine>
            <TextEquiv>
                <Unicode>229.]
Daniel Bichti
Nachdemmer H. Düli kione ver
Mer hatter Groß weibel vf Lading
nin derrichtscheitt willd, auß dem mit
Damuel Gratsch und Lientenant
Johannes Richtschard gehaltenn da¬
 triuibus bahrgenommen, daß diesen
ber der Gelirguemten in fürt, unnd anderen
ein standen Variere, so haben sin keltig er
nachstet, gemaldten Belleguert Gentschi
nochmahls zu examinieren, zu dem zuode
dan der Gatschi sonst niemand kommen
neret worden, das er über nachfolgen,
nde an ihm senckendetragen die
oure wahrheit bekannen.
gangen.
Worum und spas Nilap Es Jag dem
dern Ritsch pars das haltschmüntzen
ppropeniert habe 2.
Er habe solches dem Sitschars auch de
keiner andere ursach vorgeschlagen
als heilen er Jugi begen seinem zu Thun
gehabten bwollhe denselben kennen
gelesent und es gelaget dem bitschar
darvon zuo Riden sausanlaß des nachten
manns so ihme egustion gegeben
begen den sampflen mit einem
Gaden zu Ruder
Ds der Büchsen schmid bewiller vor ohnn
gefahr zu dem bitschard gekommen, oder ge
der salbe den müller zu sich breilen habe</Unicode>
            </TextEquiv>
        </TextRegion>
    </Page>
</PcGts>
