3024 4032
164 158 340 246 182.
220 516 340 638 15.
195 696 392 879 A.
438 192 1540 433 Gos lußenant dan Bratsch, und doch kilscher
481 292 1524 551 als, sons aber gemeldt mit sthanen
473 389 1133 573 stempflen gemacht.
432 511 1535 803 Glffener vermand anders in besen seye
440 642 1377 853 so mit falsch müntzin nungebenden.
436 754 1440 970 gsetzen ein geben der Studer vonn
1432 914 1488 984 2
408 901 1462 1115 preyburg so im land herum streichen
444 1017 1511 1229 und sich 3 jars in den zeegen ander
411 1118 1486 1311 Unlach und Nyd auch bleben lassen
423 1234 1490 1436 der salbe habe sich bey ihme Jug. ver
391 1341 1508 1516 lauten lassen er volle in 21. sunden
415 1445 1457 1642 30. erold machen können.
430 1595 1420 1761 er inggen habe aber mit diesem
426 1672 1383 1855 suder mitts zuthun gehabt.
422 1789 1410 1961 ouch michts von siner arbeit
405 1917 1442 2083 gesehend neben demme gaben sich der
419 2035 1478 2205 salbe ouch auß, daß er silber manen
395 2134 658 2271 könne.
332 2261 1451 2491 santlichs zevergemelten Galti
408 2411 1433 2581 guenten baten mit erkennen werde
392 2522 1417 2686 disports begangenen grossen
372 2604 1470 2765 Rechlers min gnad und milte Stratts
380 2696 1430 2878 mit ein münstigen parsperchenn
357 2801 1465 2992 sich uss bald inns für minde
362 2918 1453 3092 und ablemahl zuo enthalten hin
339 3046 1448 3192 1 gegen aber anderen ehrlichen begenn
322 3127 1237 3311 genschafften obzüeligen.
260 3300 1477 3475 Kelle den 2. und hr. ectobri
337 3468 554 3570 146.
1621 2219 1777 2308 [7.
1602 2905 1744 3027 B.
2820 405 2925 481 53.
1863 374 2796 568 Oto Hanns Rustonacht
1819 553 2923 745 Dachdemme hie vorgemelter Johann
1859 647 2925 823 nes Riggenacht vorgestern umbgschin
1906 732 2882 953 Genß Wübel Willading anstagen
1897 844 2871 1049 lasen wie des er sich sich den keffis
1897 950 2879 1111 über die damahls an ihne gethanen
1857 1041 2851 1215 sagen des der annd so bedackt, daß er
1904 1144 2806 1274 darüber sichtiber anthorten.
2799 1219 2850 1266 i
1906 1227 2858 1388 könne so haben darauf sin zuo Gnach
1899 1329 2883 1481 diner geleidig herren Groß leibel Willa¬
1845 1425 2876 1602 dingend Gricht scheyder willd nach irer
1879 1524 2900 1702 an sich habinden etlichs sich in die ober
1872 1616 2879 1766 gefangenschafft begeben und angeweg¬
1879 1715 2825 1898 ven Blltigs gistenacht versicht
1886 1818 2865 1998 kommen landen velcher delinguent
1942 1928 2878 2085 dann denselben folgenden, aber an
1783 2020 2884 2203 dhne beschennd pucolionen geöffnet
1834 2174 2847 2366 Gälche sy sich min dess keisseren
1894 2296 2845 2448 nemmerethin bed heit er sich dess
1834 2389 2881 2567 Walß munckens theilkharttig gemacht
1862 2501 2858 2655 habe, so werck ze hernn nochmachs nach¬
1840 2589 2854 2741 nruklich gmahnt die urn wahrheit
1828 2697 2836 2876 zuo boden und also zusegen sand unnd
1891 2811 2262 2965 anngfallen so ges
1850 2910 2875 3108 Dar Lanzman sige veruetigen jahrs
1874 3029 2856 3206 singen nacht stag nach dem Sattan als
1875 3126 2881 3289 an einem hahsmacht zu ihme Jaginach
1857 3234 2887 3410 Külin sind Wirthshanß gekommen, habe.
1876 3336 2851 3500 einen gandten tag allele getruncken, und ein
1858 3430 2844 3600 der nach mit einem ihner juchi unbe¬
1876 3526 2863 3676 kandten daur in geysten deß bereits hiever
1861 3620 2865 3791 bereitts gemeldenn Kurthers so sich aber
1845 3713 2820 3888 schlaffend angestallt darg geredte
