3024 4032
95 238 219 369 198.
498 235 1113 405 Christen Beri
1161 438 1280 585 und
379 475 1430 646 horaufhin dieser zu bodenin ein¬
331 587 1412 760 Thumacht gefallen, er habe nicht
363 700 1457 857 gesehen, daß der bethater etwas in
355 799 1491 972 der hand gehabt, und bisse nicht bessenn
371 906 1432 1073 hegen der streit angegangen, der
350 999 1475 1188 burgi aber seye trunken gebesen.
135 1273 362 1459 4.
349 1273 1483 1481 Allbrechen Roll, der Thor richter
356 1429 847 1594 zuo Seedorff
978 1443 1201 1600 .
190 1610 1405 1848 Sachdemme die die vorgesetzten im
286 1788 1442 1961 frieden bey einander gebesen, und
327 1914 1413 2059 beggeten sollenn hernach aber
321 1987 1429 2136 verder in die stuben gegangen,
314 2103 1420 2278 habe er gehört und gesechen, daß der
319 2203 1345 2382 Burgi dem Buri bub gefart und
332 2306 1452 2475 unter zheyen malen kläpss gegeben,
333 2423 1480 2568 der wirth aber habe den Burger zuruk
317 2521 1414 2660 genommen, der Beri seye indesten
294 2611 1474 2760 still gesessen, hernach aber aufgestanden,
298 2706 1433 2875 bald darauß seye der burgi gefallen,
315 2782 1435 2963 borauss man den Buri bescholten, und
289 2909 1423 3090 befragt, hormit er ihne getroßen,
291 2996 1423 3174 habe aber nichts bekennen, sondern sich
282 3106 1420 3306 ersuchen lassen söllen, es seye ihme sehr
288 3223 1436 3416 bugst gebesen und habe gezüttert, er
288 3317 1434 3469 Bezeüg habe beder den streich noch
287 3410 1431 3602 das fallen dess entbribten gesehen,
870 3593 1394 3759 H. Jacob
2020 305 2572 493 Christen Beri
2776 372 2893 466 193.
1675 484 2844 693 H. Jacob Rodt der schulmeister
1868 611 2868 795 sagt ein gleiches beyfügend man
1876 735 2886 875 habe dem Beri angemuothet, er habe
1881 823 2856 987 etbas in der hand gehabt, der Bernn
1882 924 2876 1058 aber habe sich ersuchen lassen sollen.
1863 1022 2858 1164 im übrigen seye der Burger viel
1878 1093 2882 1275 den wirths Hanseren nachgezogen,
1878 1207 2866 1363 unnd habe dann eid von streit gehabt.
1767 1433 2803 1618 B. Niclaus Rori Grichtsaß von
1840 1565 2761 1712 Lyß von 62 Jahren alters sagt:
1861 1696 2851 1860 es seye dem Lilutt unnd wirthen
1868 1826 2812 1976 Brunner 10 beschuldig gebesen.
1876 1908 2890 2035 und habe am montag inn mittag ihme
1854 1989 2854 2132 sölches gebracht, es seye desellschafften
1880 2088 2860 2236 da gelesen, da habend sie sich vas
1883 2170 2872 2318 beitet, biss an den abend, da seye
1896 2284 2855 2437 der burge auch dahin gekommen,
1862 2382 2921 2534 Nachdemme er Bazung heimgehen sollen,
1874 2493 2896 2637 habe der burge gesagt, er sölle auch
1892 2579 2917 2741 mit ihme indeßen heyend die vor¬
1892 2692 2854 2832 gesezten gekommen, als dieselben
1898 2766 2866 2916 borggehen vollen, habe er bezeüg
1872 2876 2904 3025 ihnen auch eine mans angeboren,
1895 2986 2902 3143 horauf die die vorgesezten bie das
1889 3075 2923 3202 in die stuben gekommen, da seye das
1890 3175 2876 3337 burger alsobald gegen den Bart
1901 3282 2959 3431 gegangen, und habend mit einanderen
1890 3363 2944 3511 getschänzelt, und habe der burger denn
1896 3476 2921 3601 deri einen kags geben söllen,
1891 3551 2957 3702 dieser aber habe ihne von sich gestoßenn,
2622 3657 2918 3803 darnach
2857 452 2916 588 1
2873 987 2917 1148 2
