3024 4032
82 239 215 319 114.
412 359 1480 557 verlerisung der marter nachmalen zu Selami¬
406 468 1470 623 nären, alß hat bohl gesagt Retter Rathsfers
399 552 1469 693 Zu Volg dieses hochen befehls, hante zuo lids¬
385 635 1462 775 bgemeldten dato sich in die obere gefangen
399 720 1463 864 schafft begeben, und in gegenhart er andts
400 794 1457 945 dieneren nach abermälig gethaner kraßt¬
403 874 1448 1016 eiger und nachdrüklicher vermahnung
409 961 1469 1097 doch dermalen die füre Marheit auß zuosagen,
409 1038 1462 1184 mit ihra zweygertin volgendes examen
385 1138 635 1254 gehalten.
267 1320 1413 1482 Hn. von keiner er seye geschlangeret worden.
250 1505 373 1622 B.
391 1518 1417 1664 von deß moster Lähenmans knecht auf
381 1622 1471 1759 der Schlandin Christen genant von Schinnan¬
387 1807 1473 1956 Mot und hie uss derselbeber ihme gebesen,
254 1767 344 1936 S
388 1904 970 2041 und ihns gekent habe.
252 2053 367 2182 B
385 2063 1468 2232 daheim in ihr der inquieitin verbar Hansen
379 2179 935 2312 in allem drey mahl.
262 2322 1473 2506 H. Ob er dan nicht gebüßt, daß er schwang er
351 2464 514 2578 eye.
242 2598 1462 2790 d Rein ausert, da seine zeiten außgeblieben,
342 2733 1350 2887 habe er angefangen solches zu glauben.
238 2900 1438 3076 Hn. Als dan seine schwangerschafft, oder deß
337 3007 1499 3162 hußbleiben seiner zeiten Seemanden großen,
337 3105 1467 3267 wehret, oder ob ihme solches niemand ange¬
351 3224 694 3362 mmichtet habe.
337 3383 1502 3547 klein ausert seiner blüter, einer gebisen
210 3372 320 3523 d
312 3466 1499 3638 ers aber velche seinen halteren habe geholttenn,
350 3567 1472 3724 käschen, derselben habe es ein zmahl an einer
1226 3661 1427 3813 Wesch
2730 311 2863 398 115.
1836 416 2877 614 Wesch gesagt, seine weiblen sanen ihme dahinden
1846 500 2857 681 geblieten mind esgahren ellezeit so Crosten
1838 595 2874 782 durch ihns durch drouch sin ihme gesagt, er
1845 680 2550 828 seye ihra auch zu zeiten alhe
1739 829 2884 1029 Hn. Ob sy niemalen das kind in ihme gespricheret, haben
1724 1016 1814 1170 d
1851 1005 2887 1219 Woll, Es habe etwas in ihme gespüchret, habe aber
1849 1151 2874 1305 rricht erlüst, dass solches ein kind oder Schlane
1835 1225 2431 1375 gerschafft anderten sölle.
1733 1418 2903 1613 I. Er habe in seinem vorgetenden examen gesagt,
1854 1547 2887 1697 als er nach dem Marit mit seinem bruder
1853 1629 2888 1778 von Burgderss heimgehen bellen, habe ihns
1862 1711 2874 1854 derselbe ansen her Burgderß verlaßen
1861 1801 2903 1939 nnd seye vorangegangen, so es denselbigen
1864 1882 2479 2027 bieder angetroffen hab e.
1725 2037 1827 2179 X
1866 2067 2885 2220 Es habe seinen bruoder ein jenig innen für
1880 2168 2902 2305 dem Brüggli bieder angetroßen, allso er
1876 2254 2893 2391 sich aufgehalten und einem züg gefolßen
1858 2323 2912 2449 läden anfladen, da dann, als ar schon bey dem
1862 2416 2871 2553 wagen verberbare, sein bruder zu ihme
1878 2481 2885 2626 gesagt, ob es nicht die säl, welche hinter dem
1872 2572 2881 2729 wagen am Sodan gelegen mit sich heim
1875 2659 2925 2798 nemmen solle; Merauf hin es zuruck gegangenn
1869 2736 2923 2892 sölche aufgehoben und auch kranchthal zuge¬
1872 2860 2225 2971 gangen sage.
1780 3019 2939 3181 H. Als es nun in das hoch Krauchthal gebenn,
1868 3123 2950 3290 sinen so es sich daselbsten hin begeben und ouf¬
1877 3209 2937 3366 gehalten, auch vas beiders sich daselbstenn
1873 3323 2363 3467 zugetragen habe.
1875 3457 2944 3644 Es seye alsbald zu deß Rüders Hanse hin¬
1742 3406 1860 3582 B.
2700 3574 2953 3708 gegangen
2886 359 2942 442 2
