<?xml version="1.0" encoding="UTF-8" standalone="yes"?>
<PcGts xmlns="http://schema.primaresearch.org/PAGE/gts/pagecontent/2013-07-15" xmlns:xsi="http://www.w3.org/2001/XMLSchema-instance" xsi:schemaLocation="http://schema.primaresearch.org/PAGE/gts/pagecontent/2013-07-15 http://schema.primaresearch.org/PAGE/gts/pagecontent/2013-07-15/pagecontent.xsd">
    <Metadata>
        <Creator>prov=University of Rostock/Institute of Mathematics/CITlab|PLANET AI GmbH/Gundram Leifert/gundram.leifert@planet-ai.de:name=Turmbücher 1(htr_id=38546)::::v=2.6.7
prov=University of Rostock/Institute of Mathematics/CITlab|PLANET AI GmbH/Tobias Gruening/tobias.gruening@planet-ai.de:name=de.uros.citlab.module.baseline2polygon.B2PSeamMultiOriented:v=2.6.7
prov=University of Rostock/Institute of Mathematics/CITlab|PLANET AI GmbH/Gundram Leifert/gundram.leifert@planet-ai.de:name=German_Kurrent_XVI-XVIII_M1(htr_id=19584)::::v=2.6.7
prov=University of Rostock/Institute of Mathematics/CITlab|PLANET AI GmbH/Tobias Gruening/tobias.gruening@planet-ai.de:name=de.uros.citlab.module.baseline2polygon.B2PSeamMultiOriented:v=2.6.7
prov=University of Rostock/Institute of Mathematics/CITlab|PLANET AI GmbH/Tobias Gruening/tobias.gruening@planet-ai.de:name=/net_tf/LA73_249_0mod360.pb:de.uros.citlab.segmentation.CITlab_LA_ML:v=2.6.6
prov=University of Rostock/Institute of Mathematics/CITlab|PLANET AI GmbH/Tobias Gruening/tobias.gruening@planet-ai.de:name=/net_tf/LA73_249_0mod360.pb:de.uros.citlab.segmentation.CITlab_LA_ML:v=2.6.6
Transkribus</Creator>
        <Created>2020-11-29T17:15:33.951+01:00</Created>
        <LastChange>2022-09-09T14:43:24.744+02:00</LastChange>
        <TranskribusMetadata docId="1334848" pageId="52362767" pageNr="63" tsid="114644615" status="IN_PROGRESS" userId="9570" imgUrl="https://files.transkribus.eu/Get?id=YAAIORSTTMYMIXPTZWOHZVWA&amp;fileType=view" xmlUrl="https://files.transkribus.eu/Get?id=POZMKIHZKJYCQHHULGHUTCQD" imageId="17819478"/>
    </Metadata>
    <Page imageFilename="IMG_4615.jpg" imageWidth="3024" imageHeight="4032">
        <ReadingOrder>
            <OrderedGroup id="ro_1687513643366" caption="Regions reading order">
                <RegionRefIndexed index="0" regionRef="r1"/>
                <RegionRefIndexed index="1" regionRef="r2"/>
                <RegionRefIndexed index="2" regionRef="r3"/>
                <RegionRefIndexed index="3" regionRef="r4"/>
                <RegionRefIndexed index="4" regionRef="r5"/>
            </OrderedGroup>
        </ReadingOrder>
        <TextRegion orientation="0.0" id="r1" custom="readingOrder {index:0;}">
            <Coords points="104,206 104,358 194,358 194,206"/>
            <TextLine id="r1l1" custom="readingOrder {index:0;}">
                <Coords points="97,322 105,322 114,331 137,323 154,332 163,328 167,331 176,323 189,320 202,321 201,253 177,257 154,249 145,258 134,252 128,257 115,254 109,260 96,260"/>
                <Baseline points="104,306 134,308 164,306 194,306"/>
                <TextEquiv>
                    <Unicode>115.</Unicode>
                </TextEquiv>
            </TextLine>
            <TextEquiv>
                <Unicode>115.</Unicode>
            </TextEquiv>
        </TextRegion>
        <TextRegion orientation="0.0" id="r2" custom="readingOrder {index:1;}">
            <Coords points="213,449 213,3793 1488,3793 1488,449"/>
            <TextLine id="r2l1" custom="readingOrder {index:0;}">
                <Coords points="417,502 700,534 789,488 1000,544 1064,495 1215,530 1255,497 1472,549 1473,491 1140,387 997,404 926,456 809,460 722,409 419,438"/>
                <Baseline points="426,488 477,489 529,489 581,489 633,489 685,489 737,489 789,489 841,489 893,489 945,489 996,489 1048,491 1100,492 1152,494 1204,495 1256,498 1308,502 1360,505 1412,511 1464,516"/>
                <TextEquiv>
                    <Unicode>schmarzen schonen in dieser Höfnung nun</Unicode>
                </TextEquiv>
            </TextLine>
            <TextLine id="r2l2" custom="readingOrder {index:1;}">
                <Coords points="433,620 535,578 655,639 789,580 921,630 1001,578 1261,566 1490,616 1490,552 1425,559 1353,503 1260,534 1123,502 989,548 796,495 610,546 470,483 435,501"/>
                <Baseline points="441,570 493,573 545,575 597,575 649,576 701,575 753,573 805,573 857,571 909,570 961,569 1013,567 1065,567 1117,567 1169,569 1221,571 1273,575 1325,581 1377,587 1429,594 1482,606"/>
                <TextEquiv>
                    <Unicode>ihne man inns fragen, ob es mitt dermalen</Unicode>
                </TextEquiv>
            </TextLine>
            <TextLine id="r2l3" custom="readingOrder {index:2;}">
                <Coords points="431,679 486,645 538,688 679,644 742,688 908,650 950,689 996,654 1076,698 1136,645 1207,692 1353,700 1481,674 1482,626 1262,565 1137,618 996,589 833,626 778,582 734,614 655,578 431,621"/>
                <Baseline points="438,644 489,647 541,648 593,650 645,650 696,650 748,648 800,648 852,647 903,645 955,645 1007,644 1059,644 1110,645 1162,645 1214,648 1266,650 1317,655 1369,661 1421,668 1473,675"/>
                <TextEquiv>
                    <Unicode>gestehe, dass er seine schlangerschaffen bösseillige</Unicode>
                </TextEquiv>
            </TextLine>
            <TextLine id="r2l4" custom="readingOrder {index:3;}">
                <Coords points="421,734 662,744 736,790 865,731 1481,783 1495,702 1380,721 1286,675 1241,705 1164,651 1072,702 1029,660 748,693 711,655 576,701 486,644 422,693"/>
                <Baseline points="429,729 481,731 534,732 587,732 640,732 693,731 745,729 798,729 851,728 904,726 957,725 1009,725 1062,726 1115,727 1168,729 1221,733 1273,738 1326,743 1379,751 1432,761 1485,773"/>
                <TextEquiv>
                    <Unicode>und mit vorsatz abgelaugnet um seine Läbri</Unicode>
                </TextEquiv>
            </TextLine>
            <TextLine id="r2l5" custom="readingOrder {index:4;}">
                <Coords points="409,843 497,830 549,879 1157,859 1155,782 1069,738 925,741 871,781 775,754 738,790 624,742 579,761 499,741 453,767 407,749"/>
                <Baseline points="416,822 452,821 489,819 525,818 562,817 599,816 635,815 672,815 708,813 745,813 782,813 818,812 855,812 891,812 928,810 965,810 1001,810 1038,809 1074,807 1111,806 1148,806"/>
                <TextEquiv>
                    <Unicode>brucht heimlich abzuschaffen.</Unicode>
                </TextEquiv>
            </TextLine>
            <TextLine id="r2l6" custom="readingOrder {index:5;}">
                <Coords points="256,1026 277,1018 287,1020 306,1002 320,1009 332,1003 337,1008 364,1006 363,901 351,903 327,884 322,889 304,885 292,891 255,891"/>
                <Baseline points="264,995 294,995 325,993 356,996"/>
                <TextEquiv>
                    <Unicode>D.</Unicode>
                </TextEquiv>
            </TextLine>
            <TextLine id="r2l7" custom="readingOrder {index:6;}">
                <Coords points="418,1001 586,996 664,1039 779,994 845,1040 919,996 1268,990 1496,1028 1454,956 1373,930 1304,964 1218,911 986,972 894,928 661,919 527,963 419,931"/>
                <Baseline points="426,990 479,994 532,996 585,998 638,998 691,998 744,996 797,996 850,995 903,993 957,992 1010,992 1063,992 1116,992 1169,993 1222,995 1275,999 1328,1002 1381,1009 1434,1016 1488,1026"/>
                <TextEquiv>
                    <Unicode>kein es habe solche nur abgelangnet, weilen</Unicode>
                </TextEquiv>
            </TextLine>
            <TextLine id="r2l8" custom="readingOrder {index:7;}">
                <Coords points="425,1117 480,1093 554,1131 626,1079 814,1128 958,1093 1060,1139 1323,1086 1472,1105 1472,1066 1333,1059 1266,991 1214,1027 1117,990 1055,1026 885,1006 848,1042 781,993 676,1047 425,1023"/>
                <Baseline points="432,1083 483,1083 535,1085 586,1085 638,1085 690,1083 741,1083 793,1082 844,1080 896,1080 948,1079 999,1079 1051,1079 1102,1079 1154,1080 1206,1081 1257,1084 1309,1086 1360,1091 1412,1095 1464,1101"/>
                <TextEquiv>
                    <Unicode>sy sich sels geforchtet, und solches niemans</Unicode>
                </TextEquiv>
            </TextLine>
            <TextLine id="r2l9" custom="readingOrder {index:8;}">
                <Coords points="431,1213 464,1225 535,1172 590,1186 622,1217 651,1216 696,1174 784,1167 783,1129 732,1118 692,1082 659,1102 617,1084 560,1139 532,1140 503,1122 485,1138 459,1124 429,1143"/>
                <Baseline points="437,1167 463,1167 489,1167 515,1166 541,1165 567,1164 593,1163 619,1163 645,1161 671,1161 697,1160 723,1160 749,1160 776,1160"/>
                <TextEquiv>
                    <Unicode>sagen dersen.</Unicode>
                </TextEquiv>
            </TextLine>
            <TextLine id="r2l10" custom="readingOrder {index:9;}">
                <Coords points="277,1401 390,1356 493,1395 660,1359 767,1418 841,1363 905,1407 998,1372 1065,1421 1126,1369 1472,1379 1472,1309 1358,1281 1276,1338 1135,1256 925,1301 806,1241 545,1296 277,1263"/>
                <Baseline points="285,1368 347,1368 409,1367 471,1367 533,1367 595,1365 657,1365 719,1365 781,1365 843,1365 905,1365 967,1365 1029,1365 1091,1365 1153,1365 1215,1365 1277,1367 1339,1367 1401,1367 1464,1368"/>
                <TextEquiv>
                    <Unicode>H. Obas mült versetlicher weisennd mit ghalt</Unicode>
                </TextEquiv>
            </TextLine>
            <TextLine id="r2l11" custom="readingOrder {index:10;}">
                <Coords points="409,1491 507,1450 687,1480 834,1452 984,1504 1175,1506 1401,1446 1401,1387 1271,1370 1182,1413 1139,1378 1048,1424 983,1379 905,1409 840,1364 767,1422 660,1359 408,1426"/>
                <Baseline points="416,1449 464,1449 513,1449 562,1449 611,1449 660,1449 709,1449 758,1449 807,1449 856,1449 905,1449 953,1449 1002,1449 1051,1448 1100,1448 1149,1447 1198,1446 1247,1445 1296,1443 1345,1441 1394,1439"/>
                <TextEquiv>
                    <Unicode>sein kind um das leben gebracht habe.</Unicode>
                </TextEquiv>
            </TextLine>
            <TextLine id="r2l12" custom="readingOrder {index:11;}">
                <Coords points="259,1646 480,1691 544,1651 683,1660 790,1700 848,1660 1028,1699 1132,1655 1478,1664 1478,1623 1297,1577 1229,1620 259,1549"/>
                <Baseline points="267,1647 327,1649 387,1650 447,1650 507,1652 567,1652 627,1652 688,1652 748,1652 808,1650 868,1650 928,1650 988,1650 1048,1649 1109,1649 1169,1649 1229,1649 1289,1649 1349,1649 1409,1649 1470,1650"/>
                <TextEquiv>
                    <Unicode>K. Ach beini das habe es bohl niemalen in</Unicode>
                </TextEquiv>
            </TextLine>
            <TextLine id="r2l13" custom="readingOrder {index:12;}">
                <Coords points="412,1746 474,1784 543,1772 565,1795 644,1763 679,1778 679,1661 614,1680 587,1667 564,1689 526,1696 511,1710 433,1672 412,1678"/>
                <Baseline points="420,1734 445,1734 470,1734 495,1734 520,1734 546,1734 571,1734 596,1734 621,1734 646,1734 672,1734"/>
                <TextEquiv>
                    <Unicode>hin gehabt.</Unicode>
                </TextEquiv>
            </TextLine>
            <TextLine id="r2l14" custom="readingOrder {index:13;}">
                <Coords points="303,1965 398,1929 516,1982 606,1939 757,1980 813,1933 957,1976 1112,1933 1188,1967 1273,1927 1428,1946 1428,1846 1191,1889 815,1854 674,1889 619,1853 411,1868 303,1814"/>
                <Baseline points="311,1934 366,1935 422,1937 477,1938 533,1938 588,1938 644,1940 699,1940 755,1940 810,1940 866,1940 921,1940 977,1939 1032,1938 1088,1938 1143,1937 1199,1937 1254,1935 1310,1934 1365,1933 1421,1931"/>
                <TextEquiv>
                    <Unicode>Kr. Ob er dan nicht gebusst oder gespütget,</Unicode>
                </TextEquiv>
            </TextLine>
            <TextLine id="r2l15" custom="readingOrder {index:14;}">
                <Coords points="415,2033 789,2037 845,2088 950,2028 1209,2034 1262,2069 1351,2017 1467,2024 1466,1930 1333,1965 1273,1928 1217,1977 1116,1933 959,1976 815,1937 769,1980 714,1941 661,1972 575,1941 527,1986 414,1945"/>
                <Baseline points="422,2022 473,2024 525,2024 577,2025 629,2025 681,2027 733,2027 785,2027 837,2027 889,2027 941,2027 992,2025 1044,2025 1096,2024 1148,2022 1200,2021 1252,2019 1304,2017 1356,2013 1408,2010 1460,2007"/>
                <TextEquiv>
                    <Unicode>daß das kind, vnnd seiner dabürsch gelebet,</Unicode>
                </TextEquiv>
            </TextLine>
            <TextLine id="r2l16" custom="readingOrder {index:15;}">
                <Coords points="416,2117 510,2162 671,2109 804,2154 862,2120 944,2167 1020,2111 1286,2151 1361,2140 1437,2052 1375,2017 1288,2078 1184,2031 1146,2060 1070,2030 1007,2070 953,2030 846,2090 752,2035 682,2083 594,2042 533,2080 469,2032 415,2065"/>
                <Baseline points="423,2109 473,2109 523,2109 574,2109 624,2109 674,2109 725,2109 775,2109 825,2109 876,2109 926,2109 976,2108 1027,2107 1077,2106 1127,2105 1178,2102 1228,2100 1278,2097 1329,2095 1379,2092 1430,2088"/>
                <TextEquiv>
                    <Unicode>oder sonsten zeichen dess läbens von sich</Unicode>
                </TextEquiv>
            </TextLine>
            <TextLine id="r2l17" custom="readingOrder {index:16;}">
                <Coords points="403,2238 434,2223 470,2247 525,2205 571,2214 589,2202 625,2233 652,2232 686,2199 764,2191 765,2132 737,2146 713,2125 665,2124 617,2160 571,2124 512,2162 493,2148 405,2142"/>
                <Baseline points="411,2183 437,2184 464,2186 490,2186 517,2187 543,2187 570,2187 596,2189 623,2189 649,2189 676,2189 702,2189 729,2189 756,2189"/>
                <TextEquiv>
                    <Unicode>gegeben habe.</Unicode>
                </TextEquiv>
            </TextLine>
            <TextLine id="r2l18" custom="readingOrder {index:17;}">
                <Coords points="268,2425 725,2434 766,2468 1095,2424 1149,2472 1212,2425 1368,2419 1429,2452 1493,2420 1493,2335 1327,2324 1268,2379 1190,2346 1034,2385 977,2341 918,2377 485,2373 403,2305 267,2302"/>
                <Baseline points="276,2412 336,2415 396,2418 457,2420 517,2421 578,2423 638,2423 699,2424 759,2424 820,2424 880,2424 940,2424 1001,2423 1061,2421 1122,2421 1182,2420 1243,2418 1303,2417 1364,2414 1424,2413 1485,2411"/>
                <TextEquiv>
                    <Unicode>Zu Reiniheilen ihme in denen grosten Beburckhi</Unicode>
                </TextEquiv>
            </TextLine>
            <TextLine id="r2l19" custom="readingOrder {index:18;}">
                <Coords points="398,2541 495,2525 552,2562 658,2515 998,2501 1251,2528 1290,2497 1379,2551 1492,2463 1341,2424 1151,2475 1096,2424 1007,2459 955,2426 894,2472 789,2451 702,2493 596,2440 521,2480 397,2445"/>
                <Baseline points="405,2508 459,2508 513,2508 567,2508 621,2508 675,2510 729,2510 783,2510 837,2510 891,2510 945,2510 999,2510 1053,2508 1107,2508 1161,2506 1215,2505 1269,2502 1323,2499 1377,2496 1431,2493 1485,2489"/>
                <TextEquiv>
                    <Unicode>schmarzenwbel geworden so konne es nicht sagen</Unicode>
                </TextEquiv>
            </TextLine>
            <TextLine id="r2l20" custom="readingOrder {index:19;}">
                <Coords points="398,2598 606,2632 961,2595 1125,2641 1187,2589 1313,2576 1372,2623 1492,2562 1491,2509 1411,2491 1342,2537 1288,2498 1130,2539 1008,2501 679,2513 578,2565 397,2553"/>
                <Baseline points="405,2589 459,2589 513,2591 567,2591 621,2591 675,2591 729,2591 783,2591 837,2591 891,2591 945,2590 999,2589 1053,2588 1107,2585 1161,2583 1215,2579 1269,2575 1323,2571 1377,2566 1431,2560 1485,2553"/>
                <TextEquiv>
                    <Unicode>inbas zustand das kind, behrend denen salben</Unicode>
                </TextEquiv>
            </TextLine>
            <TextLine id="r2l21" custom="readingOrder {index:20;}">
                <Coords points="406,2711 508,2703 546,2729 606,2682 645,2719 682,2697 729,2726 753,2711 795,2727 864,2679 910,2691 910,2618 670,2609 612,2645 537,2607 482,2608 407,2644"/>
                <Baseline points="414,2666 439,2666 465,2667 491,2667 516,2667 542,2669 568,2669 594,2669 619,2669 645,2669 671,2669 697,2669 722,2669 748,2670 774,2670 800,2670 825,2670 851,2670 877,2671 903,2672"/>
                <TextEquiv>
                    <Unicode>möchte gelesen seyn.</Unicode>
                </TextEquiv>
            </TextLine>
            <TextLine id="r2l22" custom="readingOrder {index:21;}">
                <Coords points="246,2922 369,2895 656,2953 770,2903 922,2951 983,2903 1477,2883 1475,2833 1380,2791 1185,2819 1103,2788 881,2848 448,2798 244,2819"/>
                <Baseline points="254,2904 314,2905 375,2906 436,2906 497,2907 557,2907 618,2907 679,2906 740,2906 800,2904 861,2903 922,2901 983,2898 1043,2897 1104,2894 1165,2892 1226,2888 1286,2886 1347,2881 1408,2877 1469,2873"/>
                <TextEquiv>
                    <Unicode>Eie das unnd haben vermerhart und vartreiben</Unicode>
                </TextEquiv>
            </TextLine>
            <TextLine id="r2l23" custom="readingOrder {index:22;}">
                <Coords points="392,3005 740,2990 823,3031 889,2992 1166,2975 1233,3017 1466,2932 1355,2891 1173,2947 980,2904 922,2952 856,2914 670,2955 552,2912 390,2962"/>
                <Baseline points="399,2990 452,2990 505,2990 558,2990 611,2988 664,2988 717,2987 770,2987 823,2985 876,2984 929,2982 982,2981 1035,2979 1088,2976 1141,2974 1194,2972 1247,2970 1300,2966 1353,2963 1406,2960 1460,2957"/>
                <TextEquiv>
                    <Unicode>am kopf außgesechen, das keine nicht von</Unicode>
                </TextEquiv>
            </TextLine>
            <TextLine id="r2l24" custom="readingOrder {index:23;}">
                <Coords points="382,3115 437,3078 487,3123 647,3075 935,3102 975,3068 1170,3069 1214,3098 1270,3055 1454,3054 1453,3015 1307,2973 1232,3017 1181,2980 995,3025 946,2998 886,3042 740,2990 670,3029 441,2998 380,3032"/>
                <Baseline points="389,3072 441,3072 494,3072 547,3072 600,3072 653,3071 706,3071 758,3069 811,3068 864,3067 917,3065 970,3063 1023,3062 1076,3060 1128,3057 1181,3054 1234,3052 1287,3050 1340,3047 1393,3044 1446,3042"/>
                <TextEquiv>
                    <Unicode>ohngeferd, sondern müsse vor sechlich und in</Unicode>
                </TextEquiv>
            </TextLine>
            <TextLine id="r2l25" custom="readingOrder {index:24;} person {offset:4; length:6;}">
                <Coords points="390,3196 612,3164 678,3212 999,3156 1110,3204 1466,3136 1463,3089 1401,3058 1209,3116 1046,3068 935,3104 857,3074 714,3111 649,3074 593,3112 487,3124 439,3084 386,3114"/>
                <Baseline points="396,3168 449,3166 502,3164 555,3163 608,3162 661,3161 714,3159 767,3158 820,3158 873,3156 926,3154 979,3152 1032,3150 1085,3147 1138,3144 1191,3141 1244,3136 1297,3131 1350,3125 1403,3118 1457,3111"/>
                <TextEquiv>
                    <Unicode>der Gatirs solches ein zubringen geschehen,</Unicode>
                </TextEquiv>
            </TextLine>
            <TextLine id="r2l26" custom="readingOrder {index:25;}">
                <Coords points="383,3297 426,3301 467,3264 496,3262 538,3224 577,3208 612,3213 610,3177 587,3166 524,3185 487,3166 462,3187 380,3196"/>
                <Baseline points="390,3249 416,3248 443,3246 470,3245 497,3245 524,3243 551,3242 578,3242 605,3242"/>
                <TextEquiv>
                    <Unicode>syn</Unicode>
                </TextEquiv>
            </TextLine>
            <TextLine id="r2l27" custom="readingOrder {index:26;}">
                <Coords points="381,3479 576,3425 718,3475 766,3430 927,3410 1046,3461 1127,3405 1444,3380 1441,3308 1243,3304 1130,3357 989,3334 908,3392 727,3333 635,3385 484,3342 375,3363"/>
                <Baseline points="386,3428 438,3429 491,3428 543,3428 596,3426 648,3425 701,3423 753,3422 806,3420 858,3417 911,3414 963,3411 1016,3408 1068,3406 1121,3403 1173,3399 1226,3396 1278,3392 1331,3389 1383,3385 1436,3381"/>
                <TextEquiv>
                    <Unicode>Es befange bey seinem galeissen, das es</Unicode>
                </TextEquiv>
            </TextLine>
            <TextLine id="r2l28" custom="readingOrder {index:27;}">
                <Coords points="205,3444 228,3447 237,3440 248,3451 275,3434 292,3446 319,3441 314,3258 297,3265 282,3256 251,3282 240,3279 232,3287 200,3285"/>
                <Baseline points="213,3435 246,3432 279,3431 312,3432"/>
                <TextEquiv>
                    <Unicode>B.</Unicode>
                </TextEquiv>
            </TextLine>
            <TextLine id="r2l29" custom="readingOrder {index:28;}">
                <Coords points="386,3527 731,3552 857,3511 1003,3548 1140,3495 1333,3479 1382,3509 1476,3480 1472,3411 1349,3436 1229,3398 1058,3468 1007,3429 763,3440 712,3489 573,3426 383,3478"/>
                <Baseline points="392,3518 445,3519 499,3519 553,3519 607,3519 660,3518 714,3516 768,3513 822,3511 875,3507 929,3505 983,3501 1037,3497 1090,3493 1144,3489 1198,3484 1252,3480 1305,3476 1359,3471 1413,3467 1467,3462"/>
                <TextEquiv>
                    <Unicode>mitt den mindsten vorsatz gehabt, das anschul¬</Unicode>
                </TextEquiv>
            </TextLine>
            <TextLine id="r2l30" custom="readingOrder {index:29;}">
                <Coords points="377,3630 744,3608 837,3640 879,3599 1076,3604 1103,3573 1346,3618 1476,3559 1473,3494 1331,3480 1229,3541 1141,3495 997,3553 862,3520 776,3581 652,3523 371,3527"/>
                <Baseline points="383,3609 437,3608 491,3606 545,3606 600,3603 654,3602 708,3600 763,3598 817,3596 871,3593 926,3590 980,3587 1034,3583 1088,3579 1143,3577 1197,3572 1251,3569 1306,3563 1360,3559 1414,3555 1469,3549"/>
                <TextEquiv>
                    <Unicode>dier kindlein nun zubringen und also dieses</Unicode>
                </TextEquiv>
            </TextLine>
            <TextLine id="r2l31" custom="readingOrder {index:30;}">
                <Coords points="366,3748 477,3692 983,3726 1114,3672 1226,3713 1423,3652 1421,3608 1285,3591 1231,3634 1103,3573 832,3642 752,3610 524,3650 455,3608 360,3640"/>
                <Baseline points="371,3690 423,3690 475,3689 527,3689 579,3687 632,3687 684,3686 736,3684 788,3683 840,3680 893,3678 945,3675 997,3672 1049,3669 1101,3665 1154,3661 1206,3655 1258,3650 1310,3645 1362,3639 1415,3632"/>
                <TextEquiv>
                    <Unicode>ihme Siemalen zu sin gekommen seye.</Unicode>
                </TextEquiv>
            </TextLine>
            <TextLine id="r2l32" custom="readingOrder {index:31;}">
                <Coords points="1176,3784 1217,3792 1256,3785 1323,3822 1386,3762 1465,3742 1458,3685 1438,3689 1415,3674 1372,3670 1313,3711 1284,3693 1270,3710 1213,3712 1170,3733"/>
                <Baseline points="1182,3774 1207,3772 1232,3770 1257,3768 1282,3764 1307,3761 1332,3758 1357,3756 1382,3752 1407,3748 1432,3745 1457,3743"/>
                <TextEquiv>
                    <Unicode>gelangend</Unicode>
                </TextEquiv>
            </TextLine>
            <TextEquiv>
                <Unicode>schmarzen schonen in dieser Höfnung nun
ihne man inns fragen, ob es mitt dermalen
gestehe, dass er seine schlangerschaffen bösseillige
und mit vorsatz abgelaugnet um seine Läbri
brucht heimlich abzuschaffen.
D.
kein es habe solche nur abgelangnet, weilen
sy sich sels geforchtet, und solches niemans
sagen dersen.
H. Obas mült versetlicher weisennd mit ghalt
sein kind um das leben gebracht habe.
K. Ach beini das habe es bohl niemalen in
hin gehabt.
Kr. Ob er dan nicht gebusst oder gespütget,
daß das kind, vnnd seiner dabürsch gelebet,
oder sonsten zeichen dess läbens von sich
gegeben habe.
Zu Reiniheilen ihme in denen grosten Beburckhi
schmarzenwbel geworden so konne es nicht sagen
inbas zustand das kind, behrend denen salben
möchte gelesen seyn.
Eie das unnd haben vermerhart und vartreiben
am kopf außgesechen, das keine nicht von
ohngeferd, sondern müsse vor sechlich und in
der Gatirs solches ein zubringen geschehen,
syn
Es befange bey seinem galeissen, das es
B.
mitt den mindsten vorsatz gehabt, das anschul¬
dier kindlein nun zubringen und also dieses
ihme Siemalen zu sin gekommen seye.
gelangend</Unicode>
            </TextEquiv>
        </TextRegion>
        <TextRegion orientation="0.0" id="r3" custom="readingOrder {index:2;}">
            <Coords points="1739,1168 1739,1351 1820,1351 1820,1168"/>
            <TextLine id="r3l1" custom="readingOrder {index:0;}">
                <Coords points="1741,1336 1755,1325 1773,1328 1782,1324 1792,1305 1803,1309 1815,1286 1831,1280 1794,1159 1784,1162 1775,1175 1753,1181 1738,1210 1722,1215 1716,1211 1705,1218"/>
                <Baseline points="1739,1301 1760,1273 1790,1268 1820,1271"/>
                <TextEquiv>
                    <Unicode>H</Unicode>
                </TextEquiv>
            </TextLine>
            <TextEquiv>
                <Unicode>H</Unicode>
            </TextEquiv>
        </TextRegion>
        <TextRegion orientation="0.0" id="r4" custom="readingOrder {index:3;}">
            <Coords points="1742,337 1742,3666 2955,3666 2955,337"/>
            <TextLine id="r4l1" custom="readingOrder {index:0;}">
                <Coords points="2737,398 2784,397 2810,422 2833,410 2837,414 2844,408 2852,409 2859,338 2835,336 2806,323 2793,326 2780,317 2751,336 2743,335"/>
                <Baseline points="2747,375 2772,378 2797,380 2822,383 2847,386"/>
                <TextEquiv>
                    <Unicode>119.</Unicode>
                </TextEquiv>
            </TextLine>
            <TextLine id="r4l2" custom="readingOrder {index:1;}">
                <Coords points="1833,534 1933,538 1973,582 2041,533 2411,592 2607,585 2741,650 2783,621 2819,652 2886,587 2811,541 2734,579 2656,513 2467,507 2428,474 2186,490 1842,434"/>
                <Baseline points="1842,522 1893,524 1945,526 1997,528 2049,533 2100,536 2152,541 2204,546 2256,551 2307,557 2359,562 2411,568 2463,574 2514,579 2566,585 2618,589 2670,594 2721,597 2773,601 2825,605 2877,606"/>
                <TextEquiv>
                    <Unicode>belangend dan die vertragen oder vermorsung</Unicode>
                </TextEquiv>
            </TextLine>
            <TextLine id="r4l3" custom="readingOrder {index:2;}">
                <Coords points="1826,629 2009,633 2056,672 2131,633 2257,695 2408,640 2858,694 2862,639 2741,649 2611,587 2550,627 2501,591 2302,607 2226,567 2147,604 2052,545 1954,588 1832,549"/>
                <Baseline points="1836,608 1886,609 1937,611 1988,615 2039,618 2090,621 2140,624 2191,628 2242,632 2293,637 2344,641 2394,645 2445,649 2496,653 2547,657 2598,662 2648,665 2699,669 2750,672 2801,675 2852,678"/>
                <TextEquiv>
                    <Unicode>so anselbigem seye gelatret werden liesse es</Unicode>
                </TextEquiv>
            </TextLine>
            <TextLine id="r4l4" custom="readingOrder {index:3;}">
                <Coords points="1827,710 1885,747 2018,699 2144,750 2251,715 2317,765 2390,742 2417,768 2457,732 2819,748 2844,709 2597,715 2410,639 2325,695 2133,633 2057,674 1964,623 1830,659"/>
                <Baseline points="1836,686 1888,689 1941,691 1993,693 2046,697 2098,701 2151,704 2204,709 2256,712 2309,717 2361,720 2414,724 2466,728 2519,731 2572,734 2624,736 2677,738 2729,738 2782,740 2835,738"/>
                <TextEquiv>
                    <Unicode>nicht, die solches möchte zugegangensern</Unicode>
                </TextEquiv>
            </TextLine>
            <TextLine id="r4l5" custom="readingOrder {index:4;}">
                <Coords points="1833,784 2149,778 2229,817 2298,795 2484,833 2878,827 2880,795 2757,791 2684,741 2582,769 2462,731 2406,771 2260,716 2143,745 2018,699 1886,746 1837,716"/>
                <Baseline points="1841,768 1892,767 1944,767 1995,767 2047,769 2098,772 2150,775 2201,779 2253,783 2304,786 2356,791 2407,796 2459,799 2510,803 2562,807 2613,809 2665,812 2716,813 2768,813 2819,813 2871,812"/>
                <TextEquiv>
                    <Unicode>ansert daß es etwann in der hahrend denen</Unicode>
                </TextEquiv>
            </TextLine>
            <TextLine id="r4l6" custom="readingOrder {index:5;}">
                <Coords points="1833,871 2283,892 2341,928 2499,917 2542,879 2606,923 2724,884 2874,899 2876,861 2656,849 2577,810 2481,850 2301,798 2216,827 2040,782 1836,815"/>
                <Baseline points="1842,851 1893,850 1944,851 1995,851 2047,852 2098,854 2149,857 2201,859 2252,862 2303,865 2355,868 2406,871 2457,874 2508,877 2560,879 2611,882 2662,884 2714,885 2765,885 2816,885 2868,884"/>
                <TextEquiv>
                    <Unicode>geburths schmertzenn ihme zuogestossenen</Unicode>
                </TextEquiv>
            </TextLine>
            <TextLine id="r4l7" custom="readingOrder {index:6;}">
                <Coords points="1822,951 1897,993 2004,939 2097,995 2263,957 2451,1012 2623,966 2872,986 2874,948 2785,896 2712,948 2654,902 2570,941 1825,881"/>
                <Baseline points="1830,938 1881,938 1933,938 1985,939 2037,940 2088,942 2140,944 2192,945 2244,948 2295,950 2347,953 2399,955 2451,959 2502,961 2554,963 2606,967 2658,969 2709,972 2761,974 2813,976 2865,978"/>
                <TextEquiv>
                    <Unicode>Thumacht, solches müßte getreiben oder</Unicode>
                </TextEquiv>
            </TextLine>
            <TextLine id="r4l8" custom="readingOrder {index:7;}">
                <Coords points="1823,1070 2154,1089 2195,1051 2247,1082 2306,1044 2413,1049 2414,1011 2261,957 2185,996 2140,970 2109,995 2010,996 1948,961 1896,993 1873,972 1826,993"/>
                <Baseline points="1833,1022 1861,1022 1890,1020 1918,1020 1947,1020 1976,1021 2004,1022 2033,1023 2062,1025 2090,1026 2119,1028 2148,1029 2176,1031 2205,1033 2234,1034 2262,1035 2291,1037 2320,1037 2348,1038 2377,1038 2406,1037"/>
                <TextEquiv>
                    <Unicode>sonsten geleirset haben.</Unicode>
                </TextEquiv>
            </TextLine>
            <TextLine id="r4l9" custom="readingOrder {index:8;}">
                <Coords points="1827,1308 2119,1247 2243,1287 2873,1295 2874,1254 2745,1205 2506,1230 2275,1168 2179,1207 2047,1175 1831,1199"/>
                <Baseline points="1836,1262 1887,1260 1938,1259 1990,1257 2041,1257 2093,1257 2144,1259 2196,1260 2247,1262 2299,1264 2350,1266 2401,1269 2453,1271 2504,1274 2556,1277 2607,1280 2659,1283 2710,1286 2762,1288 2813,1290 2865,1292"/>
                <TextEquiv>
                    <Unicode>crsagees habe das kind, als die weiber</Unicode>
                </TextEquiv>
            </TextLine>
            <TextLine id="r4l10" custom="readingOrder {index:9;}">
                <Coords points="1848,1356 2125,1352 2181,1387 2219,1349 2264,1391 2333,1356 2848,1378 2884,1337 2825,1303 2635,1327 2480,1286 2387,1331 2327,1286 2165,1303 2105,1259 1976,1255 1849,1327"/>
                <Baseline points="1856,1350 1907,1349 1958,1347 2009,1346 2060,1346 2111,1346 2162,1346 2213,1346 2264,1346 2315,1347 2366,1349 2417,1350 2468,1352 2519,1353 2570,1355 2621,1356 2672,1358 2723,1360 2774,1362 2825,1364 2876,1365"/>
                <TextEquiv>
                    <Unicode>in die stuben zu ihme gekommen, neben sicht in</Unicode>
                </TextEquiv>
            </TextLine>
            <TextLine id="r4l11" custom="readingOrder {index:10;}">
                <Coords points="1845,1442 2557,1432 2708,1479 2899,1444 2805,1364 2701,1409 2615,1364 2378,1355 2207,1413 2051,1362 1949,1392 1846,1356"/>
                <Baseline points="1853,1434 1904,1433 1956,1431 2008,1430 2060,1430 2112,1428 2164,1428 2216,1430 2268,1430 2320,1430 2372,1431 2423,1431 2475,1433 2527,1434 2579,1434 2631,1436 2683,1436 2735,1436 2787,1437 2839,1437 2891,1436"/>
                <TextEquiv>
                    <Unicode>dem bal, auch dem danck zigend gehabt, inn</Unicode>
                </TextEquiv>
            </TextLine>
            <TextLine id="r4l12" custom="readingOrder {index:11;}">
                <Coords points="1840,1540 1916,1570 2044,1509 2304,1506 2909,1537 2909,1487 2773,1446 2709,1480 2660,1441 2171,1427 2006,1482 1892,1439 1841,1467"/>
                <Baseline points="1848,1506 1900,1506 1953,1506 2005,1506 2058,1506 2111,1506 2163,1506 2216,1506 2269,1506 2321,1506 2374,1506 2427,1506 2479,1506 2532,1506 2585,1508 2637,1508 2690,1508 2743,1509 2795,1511 2848,1512 2901,1514"/>
                <TextEquiv>
                    <Unicode>sägen alle die Hanß der Information vernommen,</Unicode>
                </TextEquiv>
            </TextLine>
            <TextLine id="r4l13" custom="readingOrder {index:12;}">
                <Coords points="1830,1608 2014,1598 2083,1633 2175,1592 2276,1645 2341,1590 2509,1631 2557,1585 2820,1588 2890,1624 2889,1550 2816,1520 2651,1564 2392,1521 2225,1551 2076,1516 1936,1576 1830,1551"/>
                <Baseline points="1838,1592 1890,1593 1942,1593 1994,1593 2046,1593 2099,1592 2151,1592 2203,1590 2255,1590 2307,1589 2360,1587 2412,1587 2464,1586 2516,1586 2568,1586 2621,1584 2673,1586 2725,1586 2777,1586 2829,1587 2882,1589"/>
                <TextEquiv>
                    <Unicode>einen gezeügen, zusenne eigene muoter¬</Unicode>
                </TextEquiv>
            </TextLine>
            <TextLine id="r4l14" custom="readingOrder {index:13;}">
                <Coords points="1855,1715 1904,1734 1960,1680 2222,1705 2501,1677 2622,1713 2690,1687 2751,1734 2902,1674 2901,1622 2840,1594 2747,1644 2557,1584 2509,1632 2397,1643 2345,1598 2270,1654 2174,1593 2100,1631 1854,1618"/>
                <Baseline points="1862,1685 1913,1683 1965,1683 2016,1683 2068,1682 2120,1682 2171,1682 2223,1680 2274,1680 2326,1680 2378,1679 2429,1679 2481,1678 2532,1677 2584,1676 2636,1676 2687,1674 2739,1673 2790,1671 2842,1668 2894,1667"/>
                <TextEquiv>
                    <Unicode>daß das kind in dem hab vor ihme auch dem</Unicode>
                </TextEquiv>
            </TextLine>
            <TextLine id="r4l15" custom="readingOrder {index:14;}">
                <Coords points="1864,1780 2327,1775 2368,1809 2419,1774 2485,1827 2718,1768 2843,1818 2905,1788 2905,1730 2832,1706 2755,1748 2404,1686 2150,1718 1955,1684 1905,1734 1864,1722"/>
                <Baseline points="1871,1770 1922,1769 1973,1769 2025,1769 2076,1769 2127,1767 2179,1767 2230,1767 2281,1767 2333,1769 2384,1769 2435,1769 2487,1769 2538,1769 2589,1769 2641,1769 2692,1769 2743,1769 2795,1769 2846,1769 2898,1769"/>
                <TextEquiv>
                    <Unicode>Boden gelegen, und haben ihns, einen huss</Unicode>
                </TextEquiv>
            </TextLine>
            <TextLine id="r4l16" custom="readingOrder {index:15;}">
                <Coords points="1855,1875 1906,1907 2031,1862 2175,1904 2247,1866 2754,1874 2881,1854 2881,1824 2721,1771 2656,1820 2598,1785 2548,1833 2452,1834 2310,1782 2244,1808 2023,1773 1855,1837"/>
                <Baseline points="1862,1857 1912,1857 1963,1857 2013,1857 2064,1858 2114,1859 2165,1859 2215,1859 2266,1859 2316,1860 2367,1860 2418,1859 2468,1859 2519,1859 2569,1857 2620,1856 2670,1854 2721,1853 2771,1850 2822,1847 2873,1844"/>
                <TextEquiv>
                    <Unicode>auf dem bach haltend, angetriben dieses</Unicode>
                </TextEquiv>
            </TextLine>
            <TextLine id="r4l17" custom="readingOrder {index:16;}">
                <Coords points="1846,1977 1997,1989 2072,1936 2256,1966 2366,1937 2925,1949 2925,1890 2851,1858 2680,1913 2451,1860 2299,1864 2206,1919 1846,1883"/>
                <Baseline points="1853,1940 1906,1940 1959,1940 2012,1940 2066,1940 2119,1940 2172,1940 2225,1940 2279,1941 2332,1941 2385,1941 2438,1941 2492,1941 2545,1941 2598,1941 2651,1940 2705,1940 2758,1939 2811,1938 2864,1937 2918,1935"/>
                <TextEquiv>
                    <Unicode>zeige zu gennd, daß ab mitteimalen beken¬</Unicode>
                </TextEquiv>
            </TextLine>
            <TextLine id="r4l18" custom="readingOrder {index:17;}">
                <Coords points="1839,2045 2500,2024 2624,2067 2709,2021 2805,2074 2917,2031 2916,1956 2719,2002 2615,1973 2582,2004 2532,1966 2458,2008 2342,1950 2168,1940 2079,2014 2023,1976 1942,2012 1839,1996"/>
                <Baseline points="1847,2036 1900,2036 1953,2034 2006,2034 2059,2033 2112,2033 2165,2031 2219,2031 2272,2031 2325,2030 2378,2030 2431,2030 2484,2030 2537,2028 2591,2028 2644,2028 2697,2027 2750,2027 2803,2025 2856,2024 2910,2024"/>
                <TextEquiv>
                    <Unicode>snen solle, das das man sichen bisse man sachen</Unicode>
                </TextEquiv>
            </TextLine>
            <TextLine id="r4l19" custom="readingOrder {index:18;}">
                <Coords points="1829,2139 1908,2104 1961,2157 2031,2116 2104,2173 2156,2140 2211,2176 2265,2124 2715,2120 2842,2162 2924,2126 2923,2030 2796,2080 2706,2021 2639,2076 2496,2025 2326,2091 2137,2042 2086,2082 1922,2049 1829,2090"/>
                <Baseline points="1836,2118 1890,2117 1944,2115 1998,2114 2052,2114 2106,2114 2160,2112 2214,2112 2268,2114 2322,2114 2376,2114 2430,2114 2484,2114 2538,2115 2592,2115 2646,2115 2700,2114 2754,2114 2808,2112 2862,2111 2916,2111"/>
                <TextEquiv>
                    <Unicode>sich also zezlungen mit der marter anfhns</Unicode>
                </TextEquiv>
            </TextLine>
            <TextLine id="r4l20" custom="readingOrder {index:19;}">
                <Coords points="1819,2236 1860,2224 1889,2246 1911,2232 1991,2241 2043,2212 2111,2262 2164,2218 2263,2210 2263,2181 2207,2177 2152,2145 2097,2182 2081,2168 2006,2188 1907,2105 1819,2174"/>
                <Baseline points="1827,2204 1852,2204 1877,2202 1902,2202 1927,2202 1953,2202 1978,2202 2003,2202 2028,2202 2054,2202 2079,2202 2104,2202 2129,2202 2155,2202 2180,2202 2205,2202 2230,2201 2256,2201"/>
                <TextEquiv>
                    <Unicode>sezan zu Lassen.</Unicode>
                </TextEquiv>
            </TextLine>
            <TextLine id="r4l21" custom="readingOrder {index:20;}">
                <Coords points="1744,2437 2402,2442 2462,2489 2539,2439 2935,2439 2936,2357 2472,2399 2370,2329 2282,2373 2227,2329 1940,2374 1745,2305"/>
                <Baseline points="1751,2421 1809,2423 1868,2425 1927,2427 1986,2429 2045,2430 2104,2432 2162,2433 2221,2435 2280,2436 2339,2436 2398,2438 2457,2438 2516,2438 2574,2438 2633,2438 2692,2436 2751,2436 2810,2435 2869,2433 2928,2432"/>
                <TextEquiv>
                    <Unicode>B. Seine mutar und die übrigen meiter müssind</Unicode>
                </TextEquiv>
            </TextLine>
            <TextLine id="r4l22" custom="readingOrder {index:21;} person {offset:25; length:6;}">
                <Coords points="1852,2563 2035,2578 2106,2519 2609,2518 2731,2578 2951,2515 2951,2461 2811,2439 2616,2496 2542,2459 2379,2493 2250,2444 2197,2488 1994,2445 1852,2470"/>
                <Baseline points="1860,2514 1914,2516 1968,2517 2022,2519 2076,2519 2130,2520 2184,2520 2239,2520 2293,2520 2347,2520 2401,2519 2455,2519 2509,2517 2563,2517 2618,2516 2672,2516 2726,2514 2780,2514 2834,2513 2888,2513 2943,2513"/>
                <TextEquiv>
                    <Unicode>sich sehr geirret haben, bansin außgesagt halben</Unicode>
                </TextEquiv>
            </TextLine>
            <TextLine id="r4l23" custom="readingOrder {index:22;}">
                <Coords points="1855,2637 2279,2606 2376,2657 2437,2608 2936,2606 2935,2536 2624,2581 2410,2527 2324,2567 2251,2515 2099,2520 2034,2578 1855,2579"/>
                <Baseline points="1862,2600 1915,2601 1968,2603 2021,2603 2075,2604 2128,2604 2181,2604 2235,2604 2288,2604 2341,2604 2395,2603 2448,2603 2501,2603 2554,2603 2608,2603 2661,2601 2714,2601 2768,2603 2821,2603 2874,2603 2928,2604"/>
                <TextEquiv>
                    <Unicode>dass sin das vnnd auch dem boden und mitt</Unicode>
                </TextEquiv>
            </TextLine>
            <TextLine id="r4l24" custom="readingOrder {index:23;}">
                <Coords points="1863,2686 2260,2688 2414,2732 2477,2678 2528,2713 2596,2679 2891,2694 2938,2677 2938,2604 2781,2648 2606,2603 2377,2656 2278,2608 2201,2639 1988,2605 1863,2645"/>
                <Baseline points="1871,2676 1926,2678 1982,2680 2038,2682 2093,2682 2149,2684 2205,2684 2261,2684 2316,2682 2372,2682 2428,2682 2484,2681 2539,2680 2595,2679 2651,2678 2707,2678 2762,2676 2818,2676 2874,2675 2930,2675"/>
                <TextEquiv>
                    <Unicode>auf dem danck neben ihme ligend, angetroß¬</Unicode>
                </TextEquiv>
            </TextLine>
            <TextLine id="r4l25" custom="readingOrder {index:24;}">
                <Coords points="1861,2795 1900,2764 1963,2808 2010,2768 2277,2757 2873,2781 2935,2756 2935,2694 2632,2708 2596,2679 2465,2742 2261,2695 2142,2725 2036,2683 1950,2732 1860,2685"/>
                <Baseline points="1868,2759 1921,2760 1974,2762 2027,2763 2080,2763 2133,2763 2186,2763 2239,2763 2292,2763 2345,2763 2398,2763 2451,2763 2504,2762 2557,2762 2610,2760 2663,2760 2716,2759 2769,2757 2822,2756 2875,2755 2928,2754"/>
                <TextEquiv>
                    <Unicode>inn hätten, ab belarre noch alle zeit darauß</Unicode>
                </TextEquiv>
            </TextLine>
            <TextLine id="r4l26" custom="readingOrder {index:25;}">
                <Coords points="1865,2853 2169,2856 2255,2900 2352,2843 2419,2884 2568,2847 2644,2898 2802,2843 2927,2858 2927,2765 2877,2794 2834,2756 2786,2805 2708,2769 2635,2824 2512,2759 2451,2799 2278,2757 2179,2797 1864,2789"/>
                <Baseline points="1872,2841 1924,2843 1976,2843 2029,2844 2081,2844 2133,2844 2186,2844 2238,2844 2290,2844 2343,2843 2395,2843 2447,2842 2500,2841 2552,2841 2604,2841 2657,2840 2709,2840 2761,2840 2814,2841 2866,2841 2919,2843"/>
                <TextEquiv>
                    <Unicode>und könn über diesen sonstand nichts anders</Unicode>
                </TextEquiv>
            </TextLine>
            <TextLine id="r4l27" custom="readingOrder {index:26;}">
                <Coords points="1862,2924 1883,2926 1913,2954 1965,2942 1997,2971 2057,2973 2092,2938 2140,2917 2141,2883 2118,2874 2098,2887 2044,2867 2028,2882 1999,2883 1952,2844 1902,2880 1863,2873"/>
                <Baseline points="1869,2909 1895,2909 1921,2909 1948,2909 1974,2909 2001,2910 2027,2911 2053,2912 2080,2912 2106,2913 2133,2915"/>
                <TextEquiv>
                    <Unicode>aussagen.</Unicode>
                </TextEquiv>
            </TextLine>
            <TextLine id="r4l28" custom="readingOrder {index:27;}">
                <Coords points="1735,3152 1831,3174 1897,3109 1980,3101 2062,3148 2121,3095 2644,3159 2704,3104 2835,3135 2932,3081 2930,3016 2840,2992 2592,3055 2373,2999 2286,3046 2106,3026 1974,3073 1809,3003 1733,3047"/>
                <Baseline points="1742,3117 1801,3110 1860,3106 1919,3101 1978,3099 2037,3097 2096,3096 2155,3095 2214,3095 2273,3096 2333,3096 2392,3096 2451,3096 2510,3096 2569,3096 2628,3095 2687,3092 2746,3089 2805,3084 2864,3078 2924,3071"/>
                <TextEquiv>
                    <Unicode>K. Da man spuhr voll und sahr genugsenn, daß</Unicode>
                </TextEquiv>
            </TextLine>
            <TextLine id="r4l29" custom="readingOrder {index:28;} person {offset:20; length:7;}">
                <Coords points="1858,3227 2306,3192 2382,3225 2435,3186 2699,3234 2766,3185 2950,3174 2949,3117 2865,3151 2710,3103 2625,3162 2146,3099 2038,3152 1982,3105 1856,3129"/>
                <Baseline points="1865,3189 1918,3189 1972,3191 2026,3191 2080,3192 2134,3192 2188,3192 2242,3192 2296,3192 2350,3192 2404,3191 2457,3191 2511,3189 2565,3188 2619,3186 2673,3185 2727,3183 2781,3180 2835,3177 2889,3174 2943,3171"/>
                <TextEquiv>
                    <Unicode>dieses alles vas es bißlaro gesagt habe, noch</Unicode>
                </TextEquiv>
            </TextLine>
            <TextLine id="r4l30" custom="readingOrder {index:29;} person {offset:30; length:13;}">
                <Coords points="1873,3290 1919,3315 1958,3278 2153,3276 2231,3320 2289,3269 2652,3313 2736,3266 2952,3262 2951,3187 2648,3237 2600,3194 2494,3225 2434,3185 2385,3225 2281,3192 2158,3245 2077,3195 1962,3245 1872,3216"/>
                <Baseline points="1880,3267 1933,3269 1986,3269 2039,3270 2093,3270 2146,3270 2199,3270 2252,3270 2306,3270 2359,3269 2412,3269 2465,3268 2519,3267 2572,3266 2625,3264 2678,3263 2732,3261 2785,3260 2838,3258 2891,3255 2945,3254"/>
                <TextEquiv>
                    <Unicode>bag beritem micht die Markeit sanni Sunlabe</Unicode>
                </TextEquiv>
            </TextLine>
            <TextLine id="r4l31" custom="readingOrder {index:30;}">
                <Coords points="1867,3351 2012,3401 2087,3358 2190,3407 2469,3344 2963,3345 2962,3289 2860,3252 2809,3301 2754,3275 2649,3316 2406,3276 2345,3313 2289,3269 2233,3320 2099,3277 1867,3318"/>
                <Baseline points="1875,3348 1929,3347 1983,3345 2037,3345 2091,3345 2145,3344 2199,3344 2253,3344 2307,3344 2361,3344 2415,3344 2469,3342 2523,3342 2577,3342 2631,3341 2685,3341 2739,3339 2793,3339 2847,3337 2901,3335 2955,3333"/>
                <TextEquiv>
                    <Unicode>man ihns schon zum offteren gebalennt und</Unicode>
                </TextEquiv>
            </TextLine>
            <TextLine id="r4l32" custom="readingOrder {index:31;}">
                <Coords points="1871,3486 1985,3445 2074,3485 2184,3428 2344,3457 2400,3424 2544,3484 2607,3433 2700,3456 2733,3423 2889,3416 2889,3361 2797,3343 2704,3404 2625,3352 2478,3344 2184,3404 2084,3364 2011,3402 1868,3353"/>
                <Baseline points="1878,3432 1928,3430 1978,3428 2028,3428 2078,3426 2129,3425 2179,3425 2229,3425 2279,3425 2329,3425 2380,3425 2430,3425 2480,3423 2530,3423 2580,3422 2631,3422 2681,3419 2731,3417 2781,3414 2831,3411 2882,3407"/>
                <TextEquiv>
                    <Unicode>bahrne ihns gnoch sich vor schmerzenund,</Unicode>
                </TextEquiv>
            </TextLine>
            <TextLine id="r4l33" custom="readingOrder {index:32;}">
                <Coords points="1869,3564 1992,3519 2184,3527 2233,3573 2315,3514 2421,3510 2529,3563 2725,3498 2884,3523 2939,3491 2936,3413 2546,3483 2452,3438 2385,3492 2302,3491 2207,3431 2122,3486 1981,3451 1867,3494"/>
                <Baseline points="1875,3519 1927,3516 1980,3515 2033,3513 2086,3513 2138,3513 2191,3512 2244,3512 2297,3512 2349,3512 2402,3512 2455,3510 2508,3509 2560,3507 2613,3504 2666,3500 2719,3496 2771,3491 2824,3485 2877,3477 2930,3468"/>
                <TextEquiv>
                    <Unicode>mehrerem Angluwe zuo seyn, es sölle doch</Unicode>
                </TextEquiv>
            </TextLine>
            <TextLine id="r4l34" custom="readingOrder {index:33;} person {offset:3; length:6;}">
                <Coords points="1866,3626 2507,3605 2564,3634 2625,3595 2930,3565 2928,3508 2777,3499 2713,3545 2666,3513 2395,3580 2233,3573 2137,3519 1864,3564"/>
                <Baseline points="1872,3597 1924,3596 1976,3594 2029,3594 2081,3594 2134,3594 2186,3594 2239,3594 2291,3594 2344,3593 2396,3593 2448,3592 2501,3590 2553,3588 2606,3586 2658,3582 2711,3578 2763,3573 2816,3566 2868,3559 2921,3549"/>
                <TextEquiv>
                    <Unicode>in Golbes namen, die warheit an den tag</Unicode>
                </TextEquiv>
            </TextLine>
            <TextLine id="r4l35" custom="readingOrder {index:34;}">
                <Coords points="2796,3673 2811,3670 2820,3658 2861,3655 2893,3637 2943,3665 2955,3664 2946,3575 2917,3569 2899,3554 2838,3613 2817,3603 2810,3610 2789,3609"/>
                <Baseline points="2801,3647 2829,3643 2858,3639 2887,3634 2916,3633 2945,3632"/>
                <TextEquiv>
                    <Unicode>gäben.</Unicode>
                </TextEquiv>
            </TextLine>
            <TextEquiv>
                <Unicode>119.
belangend dan die vertragen oder vermorsung
so anselbigem seye gelatret werden liesse es
nicht, die solches möchte zugegangensern
ansert daß es etwann in der hahrend denen
geburths schmertzenn ihme zuogestossenen
Thumacht, solches müßte getreiben oder
sonsten geleirset haben.
crsagees habe das kind, als die weiber
in die stuben zu ihme gekommen, neben sicht in
dem bal, auch dem danck zigend gehabt, inn
sägen alle die Hanß der Information vernommen,
einen gezeügen, zusenne eigene muoter¬
daß das kind in dem hab vor ihme auch dem
Boden gelegen, und haben ihns, einen huss
auf dem bach haltend, angetriben dieses
zeige zu gennd, daß ab mitteimalen beken¬
snen solle, das das man sichen bisse man sachen
sich also zezlungen mit der marter anfhns
sezan zu Lassen.
B. Seine mutar und die übrigen meiter müssind
sich sehr geirret haben, bansin außgesagt halben
dass sin das vnnd auch dem boden und mitt
auf dem danck neben ihme ligend, angetroß¬
inn hätten, ab belarre noch alle zeit darauß
und könn über diesen sonstand nichts anders
aussagen.
K. Da man spuhr voll und sahr genugsenn, daß
dieses alles vas es bißlaro gesagt habe, noch
bag beritem micht die Markeit sanni Sunlabe
man ihns schon zum offteren gebalennt und
bahrne ihns gnoch sich vor schmerzenund,
mehrerem Angluwe zuo seyn, es sölle doch
in Golbes namen, die warheit an den tag
gäben.</Unicode>
            </TextEquiv>
        </TextRegion>
        <TextRegion orientation="0.0" id="r5" custom="readingOrder {index:4;}">
            <Coords points="2894,308 2894,461 2924,461 2924,308"/>
            <TextLine id="r5l1" custom="readingOrder {index:0;}">
                <Coords points="2882,455 2890,456 2895,452 2901,452 2909,456 2916,465 2925,464 2935,373 2923,375 2910,362 2902,364 2892,361"/>
                <Baseline points="2894,408 2924,411"/>
                <TextEquiv>
                    <Unicode>2</Unicode>
                </TextEquiv>
            </TextLine>
            <TextEquiv>
                <Unicode>2</Unicode>
            </TextEquiv>
        </TextRegion>
    </Page>
</PcGts>
