3024 4032
143 210 220 284 10.
470 143 1110 282 Babsiel Genner
303 263 1424 439 Einns zublüth halte nicht durch einen
303 369 1414 545 sohnge lounden aus dringen können
297 451 1399 601 zumahlen der vngloundete noch darzuo
314 538 1397 683 auch die gesunde seithen ist geleget
289 630 1277 755 worden, neben dem neß den
299 718 1389 853 anderen tag darans ist verbunden
295 817 1408 941 worden diß also die raguation daß
285 892 1429 1065 außgetrettenen geblüthts, ohn möglinder
303 991 1389 1130 mühr zuo unrtheilen geloufen obschon
289 1071 1393 1184 solohl durch anßsangen vergroße
286 1152 1294 1285 erung der wunden und guote
300 1247 1402 1397 andncamenta alles ist liutirt Conen
161 1393 1342 1566 B. in Berfolgung dess siches nach
290 1487 1318 1633 dem holen amb sande man, so
292 1590 1396 1728 bohl auf den gedarmmen als in dem
282 1671 1350 1792 Zolen lib til gnommnnns geblüth,
289 1755 1375 1892 absonderlich aber in der Cavitet der
280 1858 1393 1978 heben und auf der Gall blasen min
257 1949 1276 2072 hinnge der stich löüwers im das
276 2037 1378 2176 jetz und groß alles herriche kleinen
273 2129 1351 2289 vulch und blut, gefass ledigt harn.
271 2313 1363 2426 Was din fasro Inhorum anbetrifft.
264 2404 1420 2549 soscheinet us sin seye nur in aderen
266 2483 1382 2611 Gotzegangen und nicht in arterho
250 2586 1288 2744 sonst Bärn ein grösnen poction
241 2689 1030 2842 bluth gefunden worden.
247 2802 1388 2982 dmn Ladion deß Hanns Legen bloß
230 2939 1370 3079 zubemecken und habe sch exempte
219 3026 1391 3203 gnung, daß die grossen gedarmmen,
221 3128 1313 3291 lem das holen darunder gezehlet
224 3212 1333 3396 börd halb entzinen geschnitten,
219 3334 1396 3477 der Futuram oder nacht sind leider
215 3443 754 3568 gehücket worden.
214 3563 1345 3734 schlinser, also dass diese böünden
1098 3706 1335 3855 dnoch
1924 -2 2561 126 Babrul Henner.
1642 67 2868 317 durch die darzugeschlagenn suptonata
1632 156 2892 380 heyn Rethal kommen und das zwar durch¬
1646 232 2915 455 das saguirende geblüth, welches sowohl
1648 340 2901 574 lingen der übelen Haag deß Balienten
1650 425 2918 624 als die allzustächte hults fristung, daß
1646 517 2920 749 heßen Berbands ist verhindert worden
1655 615 2806 836 vordurch dann dinhus Naguwennde
1644 748 2925 943 zebluth in corruplionn er ontrefationen
1656 848 2837 1002 geraten, die Gall blasen in ihrer
1653 924 2901 1106 fauckion und hindert, so daß ein Gall
1657 1017 2900 1224 söllig ihren rukland in das geblüth
1653 1121 2865 1299 genommen, Mannenhers der Gänze
1648 1228 2907 1399 hub gelb angelangten der magen und
1656 1303 2913 1491 judarin von gleichem corrumppieten
1683 1403 2903 1593 und ungfaulten geblüth minder¬
1652 1533 2855 1644 lanssen und allerenn müßen
1677 1599 2879 1785 das häfftige erbruchen ver ursachet
1684 1684 2867 1862 darzuo Gurst, zezud, gross und
1674 1781 2918 1988 haten hieber ja gar der tod gefolget
1664 1983 2954 2160 sagn also dass dise lounden nicht
1697 2112 2955 2250 Der des Rethal gulonfen seye, sonderen,
1710 2190 2945 2348 daß selbige der auldentian, lein vor
1706 2293 2967 2426 undnütet, seyn cethal worden, welches
1687 2368 2960 2510 zimmis in waren trunnd bescheine
2766 2537 2817 2602 8
1705 2489 2750 2635 Bath Hern Dan. Juny 142.
1743 2591 2030 2764 igniert.
2098 2706 2848 2874 Johan Anthoni Schärer
2146 2815 2733 2955 insul Spater
1916 3086 2550 3261 opra minutin.
1884 3077 1916 3202 7
1723 3198 2966 3372 wegen des gestorbennn Kesslers
1739 3322 2979 3483 so der bildhaner Grunnd gestochen,
2362 3424 2984 3577 Altthoreb. herren Heerzoge
1742 3438 1915 3588 Goss
1744 3531 2967 3687 Christen Bitter Beibenbach, dernier
2660 3624 2970 3782 Operaler
