3024 4032
151 227 247 318 46.
371 283 1444 458 zu erhaltung deß lebens abplute noch be¬
354 375 1389 525 Conuorg ist angletzt worden, auch die
341 449 1348 578 perloundung die jenigen kleinen
357 524 1386 662 gefaßen so getrossen worden nicht
344 607 1411 759 hobeschaffen gelorgen, daß sin nocht¬
365 695 1431 817 lenndig dan da hatten nach sich zuhan
342 773 1417 900 söllen, sin ist aber hernach per anders
355 842 1392 970 tat worden und zwar, so daß man
363 929 1395 1076 das in dem hib außgermann und
345 1008 1356 1126 hernach verdorbenn geblut, welches
1180 1086 1265 1155 hr
1268 1110 1312 1158 S
351 1087 1374 1241 durch seinen verstzung und ganung
346 1177 1353 1318 die meister nehann gdeß todt worden,
359 1257 1419 1392 s loben durch die wunden auß dem
337 1336 1395 1467 amb geflossen, die Matur die angletz
328 1431 1437 1573 gefass durch ihren natürlichen zelsam
338 1511 1398 1658 deß geblüts, hernach gar wohl londer
333 1603 1361 1755 habte zuo hochen können, und also der
333 1692 1380 1830 Verchunden bey dem leben bleiben
359 1769 1405 1900 lön dan auch in neben in derruch den
340 1854 1330 1986 lichen berrationen zu finden ist
340 1939 1409 2060 daß solche und auch vil geossenn ver¬
328 2017 1222 2161 eletzungen sind eneret worden.
316 2109 1379 2233 ina Medrens Grdiarind, dann so der
337 2204 1413 2355 auff schmidung burgewohnt und den
321 2296 1412 2434 verstorbennn noch bey hemund Lebzeiten
334 2378 1400 2491 miter seines auf sicht gehabt, saget
329 2455 1450 2572 mit dem in Gott Ruchunden habilo
305 2526 1428 2671 vero Auldauo von todtlichkeit der wunden
309 2613 1362 2730 pag. ots. als auch war die holz oder
331 2693 1392 2819 oder einiche bluth, oder fuls, oder
1298 2785 1327 2831 5
313 2776 1296 2905 in verborgnnem oder heimlichen
312 2837 1401 2982 theilen, deß fribs anloundet lörd,
297 2940 1357 3066 zinchet sin longen, der bluth sone zum
304 3029 1353 3183 so nicht gestillt lourden kann, inn
309 3120 1353 3261 tod nach sich, wan nemlich 1 hier
293 3209 1387 3343 aller andrens undlehungen zuge¬
273 3294 1404 3432 gschinigen ein sommerliger ast dar
304 3368 1411 3521 undnen kroß huls oder mit zuorgen
308 3443 1383 3591 geschirtzen worden, dass gluoch daru
288 3552 1402 3678 selben, lin dieser gedinauid ange¬
996 3649 1303 3804 scheinlich
1390 3188 1435 3287 2
2817 187 2883 251 17.
1766 187 2847 353 schinlich und handgrinfflich zu Belonigen
1792 298 2901 448 über sich summet, alles blut im ganzen leib
1776 375 2914 512 Hanns sinnen graden lang dahin gehabt habe
1798 445 2882 598 münet zweyend sunden aufs zychsten hatte
1785 528 2819 653 anlauffen können, und aber ein so
1794 601 2898 734 gelegenn ader löm diese gelousen, behörige
1785 687 2917 838 zu Vnebinden ein biessharo nachunbekant
1783 762 2879 891 Künßiß 1 da in dessen ohne Burband sin
1785 859 2905 987 sich selbsten nicht schliessen kann, als muss
1798 937 2851 1069 ir dinse lonnden mit Mildano, so lang
1795 1007 2905 1142 für burtz im oder absolute tödlich halten
1799 1101 2873 1238 bis diese kinst erfunden und belärsen
1777 1191 2085 1323 seyn lärd.
1794 1300 2878 1462 in die inn deß solleyn mögen wohl
1810 1394 2906 1535 zuogeben, dass herrn Poctor ordinanno seine
1803 1494 2913 1630 Relation allso eingegeben, sin sind aber
1814 1569 2850 1702 auch sarat auf hochen befehl zu ihre
1811 1639 2894 1782 meinmagen mitwucherren grunden
1810 1723 2923 1830 zuo Anter stützen, gleich dan Kl. Ordinann
1823 1805 2878 1945 ein gleiches ihme vorbehalten haben
1816 1894 1977 1978 bill.
1813 1974 2890 2135 Dinß ist allso der mehrern bericht so
1836 2097 2849 2232 er gudi in aller gebühs referirt
1837 2164 2939 2295 Berden sollen. Actum 26. Sibrio- 4. 22.
1816 2328 2085 2473 Aignet.
1832 2446 2883 2619 Wolfgang Christen 10 pfunen Jedinanino
2288 2584 2899 2740 Jacob Jag insel sye
1838 2779 2931 2923 Montags das Wovembris Anso.
1830 2883 2896 3021 habend machenn und oberen roth
1851 2952 2951 3093 und burgern morgens inn ab hei
1845 3052 2965 3202 auf dem rath haus in des grossen
1841 3120 2958 3286 stuben zu haltung deß verkanten Leß¬
1855 3213 2962 3371 und anderenn contags bieder Gabniel
1861 3287 2962 3441 Gruner burgeren dieser statt zurn¬
1867 3388 2885 3555 songen anrublen hodschlags an
1861 3479 2965 3612 Maurue Giction rumin gulosenn
2701 3583 2917 3708 Außler
