3024 4032
114 125 194 211 1
345 142 1200 362 Joh Rüffenacht Mari
1203 235 1413 323 aschi
242 283 1307 501 benn kemiß getheit diss da dar
1317 385 1445 504 Mat
399 447 462 509 1
238 443 405 532 Kuhenacht
333 416 1426 574 lens zu Biel sin seinen Hanß für sinen Hann
339 519 1435 687 imme Miche die Stenpfel zuo Hilterfingen stächen
353 613 1364 773 Zu laßen dem kleins man eine bezastung
358 699 1412 890 geforderet selbiger dem bratschen Hanns
374 792 1459 1028 vortet, die stempfel syen mitts, da mine
245 906 1404 1058 sye mer ein kramlb darau, er kenne denn
356 989 1400 1191 Biel, welche er do selbige deß er gen
329 1108 878 1254 tochen zullad
121 1088 282 1290 K
349 1169 1382 1366 er könne sich an ders michs frinnere
321 1282 1427 1474 erkönne, werde woll sagen, das er solcher
357 1389 1319 1557 geredet, aber ber seinem gelt den
345 1484 1398 1665 wörcke er misst gangen, daß er sölchend
313 1578 617 1754 gehörtt.
153 1659 1379 1865 I Gs dann bricht base daß der jugen
322 1794 1333 1966 dem Bratschen nach der thy gesagt
324 1890 1323 2048 der anndtman habe ime schon
328 1983 1388 2148 mehr von obiger fraub geredt
114 2052 287 2205 Es
327 2084 1378 2266 br könne sich obenunglich mehr daran
302 2194 1314 2368 Heinneren gan der Braths das
309 2311 1367 2478 gaden wüße, so möge ers vohl
295 2413 1346 2587 leyden aber einmahl ihme seye.
287 2532 1154 2701 sölches mitt mehr in gedanckenn
199 2669 1349 2888 Darüber bezügeter aber statt sine
290 2800 1364 2973 les desen seyn angeben daselafftig
277 2894 1370 3074 seye beträfftiget auch solch er ander an
265 3004 1380 3189 gesecht dess rußsenachts mit bekaren,
296 3125 1378 3319 daß er sich gar vossen daran Frumari
259 3273 1385 3488 er bist nacht aber vollte mit
187 3386 1410 3556 daran nemmeren, sonder verbliebe auf obige
324 3497 745 3604 denner antdokt.
12 3529 268 3719 Aagen hoff
309 3524 1419 3708 Woller der Lantman gebe St oder von außherg
265 3635 1406 3798 geschlossen dass diess sempfel nitstenntz seyen oben
253 3736 1009 3898 selige pprobli geschen.
2776 48 2902 153 1
1820 131 2930 367 Io Hans Gäffenach, danier
2091 252 2359 386 harts
1539 256 2923 574 Dan der Kantman habe den Seit oder das
1701 393 2875 651 Wäg auf den stampfli beschandlet aber er
1744 461 2922 686 könnte mitt nit gelnsheit sagenn
1706 568 2924 844 Waß der Ranfeman Barbey der mitt
1762 690 2927 913 darbey gebesen, als die stempfel pebbell
1729 852 1946 967 worden.
1708 846 2872 1116 ebache müntzig herren Großweibel
1587 951 1702 1133 s
1708 979 2839 1180 Lanfagte lassen, daß er sich über etwas
1693 1090 2885 1330 Hietorschand beider besinnet sölle dero
2693 1234 2773 1302 2
1581 1198 2632 1437 Zu begen sölches ann so wößnen
1699 1322 2883 1561 appier besinne sich ietzunder, daß
1543 1394 1703 1524 la
1727 1429 2766 1588 das bestemachen als er Giel beynen
1682 1504 2885 1706 Tadler ein Sterichel sinen probiert
1735 1614 2865 1802 worden, dann alldi der Hanssenn 1 auch
1732 1717 2892 1901 nit unnd tag und dem angfuracht
1719 1810 2846 2009 darbeis gelessen, er haber stithadt sich
1734 1911 2858 2095 bedachts und ermuren sich gan Bohl dan
1715 2016 2867 2193 wan, könne ad sie gantz halonsen redt
1743 2139 1928 2307 stag
1883 2150 2888 2337 Übesich richt noch nider mehrg
1711 2269 2190 2411 Dennes meiner b
1615 2289 1695 2379 2
1554 2361 2814 2526 Sanddachter habe son steinbar alles die
1703 2459 2834 2627 Garkeit anhat, und könne nichte
1744 2566 2445 2727 anndt erbarüber sagen
1610 2638 2840 2832 H. Warnn sy zumeliesar inn Weilenigen
1755 2758 2812 2897 gegangen, und die so mit selbigenn
1651 2836 2432 3002 bekandtschafft gemacht.
1603 2942 2687 3138 2. nachdemmer ir gesehen, daß die
1750 3061 2826 3241 stampkel zu recht auß falle thunn
1739 3187 2847 3347 und sie also darbey mitstonrositier können
1719 3280 2837 3427 nind, habe er sich bedafft mit dem husen
1764 3378 2820 3559 wohl ungehen zu Lehenen und seye zu dem
1733 3493 2720 3659 eind zuo gedenten hie das gebesen,
1570 3601 2693 3780 Efr. Wiess zuo diesem liesser gekommen
2835 3056 2900 3121 167.
2841 3297 2897 3404 de
2851 3441 2897 3501 er
2851 2378 2902 2469 4
