3024 4032
78 211 175 313 86.
322 322 1395 483 oberen im hinaus tretten umb gnaden
320 454 1409 618 zubellen an ihren san und vollen zu
311 578 1435 748 hinen gnädigen artheil an zurecommandieren
413 699 1419 871 der missethater Gruner soll durch die
299 834 1378 982 gunnte der gefangenschafft und ordinari
319 954 1400 1100 provosen ohne beysenn einicher geistlichen
302 1060 1387 1204 herren und weilen er freywillig und
327 1162 1405 1331 von selbsten auf sin gefahr und recht
311 1278 1402 1430 hin wegen dietes begantzenen todschland
322 1377 1386 1553 an dem Satrychen kessler marrie
302 1536 1359 1680 Giclen in allhiesion gefangenschafft
321 1666 1342 1825 sich constilundt, gantz ohngebunden,
315 1791 1392 1966 doch voll verfahrt aus der gefangen
318 1898 1402 2075 schafft auf allhiesers rahthauss begleidtlen
327 2038 1391 2196 daselbsten solang verwahrt gehalten, biß
309 2192 1371 2360 der gezehnte ruch durch herren gross
284 2329 1333 2471 Geibel bey offener thür gegen ihne
300 2454 1391 2614 gruner geschehen syn verd, da dan zu
267 2559 1409 2714 mahl aus der gricht stuben in die grossen
270 2701 1419 2838 stuben, allles megt und oberen person¬
267 2814 1391 2974 let ohngebunden er lannd geführt worden,
379 3016 1390 3159 wann nun der richter seinen sin
274 3132 1406 3308 genommen, und sich bedeket und gefracht
288 3267 1358 3413 verd, ob Sehmand des rechten begehre,
258 3383 1384 3526 Criteit der jüngste gelte Saner her vor
284 3501 1399 3655 undt begehrt des rechtens ob 1. h. begen
282 3605 1405 3756 eines an mal begangenin todtschlags, und
2719 299 2813 404 3.]
1767 390 2850 581 begehet, dass ihme hervor gerusen werde, der
1763 524 2803 672 fssident fraget, was rechtens, und von
1771 645 2822 779 der ruck erkenten und selbiger also bald in
1774 789 2773 923 grossen gang von obigem weibel mit
1778 888 2855 1036 lauter stun gerusten dass r. gruner unnd
1766 1004 2821 1141 er vorhanden hervortrellen und sich über
1784 1130 2839 1256 den an m. begangenem todtschlag ver¬
1774 1230 2850 1384 antworten sölle, zum ersten rucht zum
1784 1357 2820 1496 ersten mahl, wann selbiger zugegend
1775 1485 2852 1609 unnd auch begehren des herren klagers bey
1784 1602 2778 1737 gffaner thur, die gantze wider ihne
1785 1726 2872 1875 geführte kraleder durch den herren gricht
1791 1859 2870 1994 schreiber verlesen und nach deren befu¬
1795 1987 2817 2133 digung Thut der hr vier im mitten
1792 2117 2793 2264 der stuben stehendi allda nahmens
1781 2233 2875 2380 der stall Heini über disen todtschläger
1789 2361 2896 2518 jenner die klag führen und rechtens
1782 2484 2849 2646 begehren. Solchem nach dan er Gruner
1779 2608 2803 2757 lbenfahls zu siner desension einen
1785 2746 2886 2878 herren fürsprechen noch sinem belieben
1788 2852 2790 2987 aus der zahl mitlonders meghen der
1783 2962 2872 3118 rähten oder auch der burgeren anbe¬
1789 3085 2908 3237 hehren können, welch angesprochen standts¬
1786 3211 2884 3345 Gird also bald von seichen ehrenditz auch
1798 3329 2818 3467 sechen und neben ihne gruner lund
1790 3454 2807 3591 felinquenten auch in die dritti der
2294 3525 2358 3611 und
1808 3553 2899 3715 stuben sich stellen, die hrind diß dalin
