3024 4032
156 276 337 384 206.
538 297 1433 456 Brinmal droreden
775 384 1080 506 Wegen
379 448 1394 592 Dina von Balome Künschi von
400 544 1502 703 Chöchstatten im verdacht haltenden
358 623 789 729 Kindsmord.
636 740 1147 910 anformalien.
319 956 1506 1147 Eichdemme an behörigen orthen
375 1105 1441 1235 angezeigt worden, daß ein ge¬
388 1191 1478 1316 rch des wibspersohn in herren blüh¬
377 1282 1475 1399 lers deß ondienen fabeicantan Sol¬
391 1367 1502 1492 lein im Luter Sulgenbach kindt
382 1446 1505 1602 genossen und das kind tod gefun¬
388 1536 1483 1682 oden worden, diese weibs persohn,
396 1648 1454 1776 auch in stäcken verdacht sich be¬
388 1746 1400 1870 funden diesem ihrem Kind
397 1833 1423 1957 Das leben geraubet zu haben
282 1904 1478 2060 aals haben sich begeheren dieuwen
394 1996 1440 2131 herr großweibel und gricht¬
383 2094 1377 2242 schreiber den ite Danuary 1143.
382 2195 1429 2312 nach mittags an bemeltes orth
388 2274 1516 2373 amit einem mediio und ehiringo
388 2353 1476 2492 drsinaris verfüget und folgende
375 2449 1387 2563 anformation aufgenommen.
709 2587 1221 2778 Dessorition
387 2813 1520 2970 Dar Maria Nyniger, miner bugstan
387 2937 1499 3067 ginrin in Sulgenbach in herr
362 3007 1501 3169 Crischlings matten dohnhaffts, ihres
373 3089 1502 3253 alters ohngefahrd 43 jahrig sagt
360 3262 1525 3448 zie Margreth Möfler, seye deisterin
381 3388 1500 3534 mut ahr zuo ihr gekommen, mit
372 3467 1357 3599 verdenten, es befinde sich in
378 3537 1520 3719 ihrem hans ein bleusch so krand
1181 3731 1417 3889 eye etc.
2731 345 2880 437 107.
2042 328 2583 483 Balome Künsi
1847 384 2874 584 fann, und nach befragen, das dann
1857 506 2740 678 dinstam meisch fahle, habe hin
1856 622 2819 763 gnantwortet, er habe einen
1870 721 2836 842 durchlaufft und ihre den 2. heiten
1845 807 2787 946 feyen ihr winder gekommen,
1852 893 2880 1029 Storauf sin die depsonentin gesagt,
1871 983 2891 1123 wen es nur nicht was anders seyen
1858 1051 2858 1175 sin habe aber geantwortet, sein
1875 1151 2880 1276 dis seye richt, was sie ihr einbilden
1865 1237 2837 1351 sonder diss meisch habe rothen
1847 1309 2890 1431 nein und lastert eingenommen
1870 1387 2888 1498 welches viellnicht dinse blutstürr
1872 1467 2920 1593 hung verursachet habe. Nachdem
1861 1552 2917 1685 teyn sin mit der Margreth nach
1874 1634 2927 1768 Hanß gegangen, welche sine gebäte
1864 1719 2916 1860 Iten mit rath und that diehem
1860 1807 2879 1943 bleisch an die hand zugeheni
1864 1890 2809 2023 dia ressorentin habe auch das
1870 1978 2806 2117 mensch selben so im küth lage
1872 2069 2857 2195 gefragt, ein lang as dan säye,
1875 2147 2818 2275 daß es saia d. siheiten nicht
1870 2233 2934 2374 gehabt. dasin dann geantwortet,
1872 2311 2925 2447 ns seye etwann hiny bblonat, daß
1890 2395 2934 2530 es dieste verschlagnuß habe sägend
1875 2498 2910 2608 es habe seine sachen an einem
1881 2553 2929 2702 erbsbluß veggeßen, darauf
1869 2643 2953 2782 sin das blunsch verlassen mit ver¬
1870 2730 2896 2860 ddeüten wann es nur diss sagen
1870 2817 2928 2935 so werde es bald besser werden
1868 2896 2895 3030 Dinstan morgen aber seye der
1866 2982 2953 3111 hanssman selber zu ihr gekon¬
1887 3061 2890 3201 mein, und ihr erhallt nd herren
1891 3139 2938 3270 was anders bolit diesem klein¬
1885 3227 2960 3376 tschen, das habe ein kind bekenn
1885 3325 2904 3431 s man mid bezahlen mann
1895 3394 2896 3509 sölle das kind hinter der aufft
1880 3461 2969 3628 der kellern stägen sich befindende
2655 3669 2930 3790 zurde etc.
