3024 4032
247 2723 341 2882 fo
120 3206 350 3386 2
241 208 389 328 16
547 209 1478 401 Christen Stiefiman
269 319 409 506 6.
526 333 1569 532 Als nach diesen der Sensshein schn
520 442 1566 587 die sampfel so er anderst sechanspa dan
514 524 1559 691 verden zu gebracht, und stum sield ihmme
490 616 1539 762 die behallendt für seine desörtingen
449 686 1558 855 kouff ind kosten geforderet, ob er
524 800 1478 949 des schegen nichst mit dem statschi
504 880 1240 1027 in stretts gebachsen.
257 940 1505 1160 D klein der Gratts, habe ein geben
487 1086 1514 1252 zuhabt, und habe ire Sag, etlad
463 1181 1502 1347 geforderet, er habe aber selbigen er
466 1265 1472 1413 den anderbünthen gelesen, dess wegen
461 1358 1489 1487 seye der bratschyunbillig worden, aller
476 1435 1437 1599 Tochna habe dem Bratsche richts zuo
469 1528 1492 1699 jahen gehabt, sonsten derselben ihnne
447 1623 1444 1776 Wormals nicht beurde den Bolen
471 1715 1440 1859 gegeben habend übrigenn habe er
459 1808 1537 1970 Fisch kommen died Vempsel vom Hatschi
472 1903 1544 2060 übergeben, solche nit mehr in sine kände
445 1992 1537 2173 schommen und das seye alles und erkheren
425 2129 880 2241 r von vnsen
362 2223 1538 2421 ghand gehernach hindend an sin ent
435 2358 1525 2525 gefürset und shingenen herren gebrachten
417 2468 1432 2667 Holanng Ristoenacht
747 2582 1481 2724 Der Adler wirth Von Bel
399 2739 1478 2927 der er Rank mann habe erkannt
435 2855 1501 3014 jningetstey stempfel, so er dem reden
388 2933 1486 3135 gel zuo Siel beyen Krintti gebracht, seinen
375 3049 1509 3241 inne seli gehallt zu haben ob das basen
399 3169 1236 3337 und word geselbige gehabten.
379 3274 1505 3455 Jals sin wahr, er jugi habe solche bed sin
385 3395 1507 3553 in ersten examine gestraf von einem
375 3474 1491 3648 hottschmied bekommen, und als der züchen
331 3581 1488 3745 nmanben ihme gesthan, habe er ihne
358 3661 1456 3843 selbige abgeforderet, mit versprichen,
2912 295 3032 402 17
1950 258 2842 446 Bohanss Grüstinachts
1997 396 3006 568 das so er sie nicht wieder zur hand
1964 477 3025 639 stellen, so ihnne hatt hin genthal
1947 573 2999 712 darfür bezahlen wolle, und luft
1982 647 2978 808 das habe er solche dem Sandtman
1984 746 2999 885 gerabfolen unden der sie daruor
1987 819 2716 980 dem Bentschin gebracht.
1719 899 2977 1086 g. verbachdeme haber darauf de
1978 1012 3029 1178 Bratstli gesagte samptel zuo Hilterfing
1980 1113 3002 1253 mit dem uollnerbgenn früg sterten
1964 1202 3016 1350 laßen, und darbnach vieder mit zill
1870 1284 3029 1439 und zwar nich ein tag hans zum adler gebrachten
1960 1376 3007 1526 by tag und der Beathen ouch morn¬
1971 1456 2986 1623 derst diese sampfel probiertt, ob da¬
1959 1550 3004 1714 machten der kandtman nit auch dar¬
1949 1667 2353 1821 bey arbersandt
1905 1733 1955 1795 7
1988 1729 3003 1909 in kreglich seye aber laugenammen
1698 1727 1980 1879 kant
1964 1834 2989 1982 auch darbey gebessen bekeisenn
1914 1913 2882 2086 wessen, das er damachtes dem
1914 2015 2983 2206 Braths der erhallung für drieß kein¬
1925 2124 2995 2311 iffel gefragt, so hend geantwortet,
1962 2218 2990 2415 zsch gewosten, dass sin nichte klutt syn
1949 2369 2962 2546 obeitt nach ander persohnen mit
1688 2366 1799 2553 f
1954 2482 2953 2650 diesen sachen nungegangen als sin denn,
1920 2573 2944 2729 Hans der Hanßmandt hat sind sy sich
1731 2710 1884 2831 mat
1958 2669 2959 2886 denn sonste dienn auch er bering, des
1958 2800 2951 2973 auf sin gebussen, der aufmansig
1938 2912 2957 3089 der zythtige Vrsach, daß die anderen dar¬
1891 3007 2500 3165 zzu verhatet worden
1914 3176 2954 3333 Dach diesein wurden auch harwor¬
1916 3272 2945 3442 bescheiden Daniel Statsch und Christen
1924 3415 2245 3554 gansman.
1569 3470 1900 3660 klein lassen
1948 3485 2862 3664 als der Kruchten zu Wieb beynn
1924 3598 2914 3764 Grutz schin die stey empffel, so le
2604 3690 2771 3839 yen
