3024 4032
238 297 358 380 153.
792 448 1299 579 Eeamen
913 518 1148 636 Ull
415 548 1531 729 Christen Raufmann von Stettli
459 671 1555 870 bueg demmts thun alälige der Bachs, sige
471 776 1480 937 int Maria Baumgartzner obon
455 865 1482 1047 Lützelblich parhegrachtet, von Wal¬
447 971 1391 1132 neren er d kinder haben
198 1094 1514 1305 Gad und eine er sich gekanten massen
463 1229 1451 1406 dess haltschrünigens angenommen
456 1333 1487 1508 unnd desserlorgen zuo Neübern
400 1436 1478 1593 burg btreits gefänglich eingezogen
441 1531 1487 1711 legen hunderhaltenne warheit
448 1647 1481 1823 aber in hiesige gefangenschafft gebracht
444 1747 1503 1924 worden, so loerdt sy thriner aller vor derß
425 1841 1499 2028 fengket alles dasjenige, bad ihne ver¬
417 1949 1434 2131 den so hat schmeintzend in leiten sigen
406 2077 1469 2239 ire bekennen, diemit ir dardurch sin
426 2162 1474 2340 gebussen ein laden sind durch kunder
424 2286 1440 2443 bekannte miss siner begangenen
399 2384 1466 2550 Missethat desto khender bey siner
387 2481 1418 2647 hosen obrigkeit gnad gefangen
400 2644 739 2726 mögen.
135 2772 311 2859 11al
369 2739 1430 2922 Gsey müsst mit glamel ira ksli
387 2829 1274 2986 bekantschafft gemacht habe
176 2923 1454 3087 Cats, ja er kenne denselben habe ihm
375 3018 1463 3135 aber mehr nicht als etlgtt, oder mas
373 3107 1455 3278 und letstlich vor einem pahr gesehen,
100 3195 242 3374 K.
356 3223 1399 3390 Oberuisst dan Bratsli So rosugl
351 3340 1435 3508 einem jahr in dem wich so hannd zuo Singel
345 3439 921 3616 angewristen haben
130 3474 211 3601 2
81 3573 335 3700 Thall
362 3541 1415 3756 ls könnd vohl seyen, das eyden selben
331 3677 1060 3871 alldorten gesechen habe.
2656 357 2925 508 1. Jag
1731 352 2892 620 Dann Gratsch und Christert
1995 489 2560 656 Kauss mann.
1680 560 2895 746 Wrath Ober Jag ist domalls zu germaldten zügett
1855 674 2895 813 von Bratschi vom falschurmitten geredt und gesagt habe,
1851 758 2898 912 Er jugi konne Küntzen, und habe schan vfaller batzen ge¬
1850 823 2024 969 gragen.
1858 894 2917 1048 so könne vos sigin, daß er jugi bey dem Lennbuberen
1691 881 1830 1055 us
1849 988 2883 1129 Gas geltsabrierenn mit dem bratschi geredt habe, doch
1835 1071 2878 1204 hhabe er niemal sich dassen angemaßen vielhenger aber
1839 1130 2726 1291 dem Bratsli gesagt, daß verschon gelt gemacht.
1683 1255 1775 1381 s
1831 1242 2882 1402 Gbeler Gratsli nachwerts mitt abliche macht zu ihne
1828 1349 2874 1490 jugi nach sondell gekommen, und obsie nicht mit einander be¬
1812 1427 2724 1583 gnn dem saltschmüntzen geredt haben
1660 1450 1721 1543 2
1614 1526 2888 1708 Cants da der Bräthli seye klichemal zu ihme nach sonde
1840 1631 2811 1763 gekommen, vonne anrchboht synn, dass gewon
1824 1724 2877 1886 heltmachen geredet, doch haben sin einsst gemacht.
1642 1782 1747 1908 1.
1641 1892 1720 1965 gt.
1822 1840 2886 2009 D lo wahr sin, daß er Jagi dem Bouksli nach diel
1822 1937 2883 2082 vonn Beißen Gott heystempfel gebracht und denselben
1815 2019 2883 2174 ben gebeissen habe, so thann stempfel auß zuschlagen
1839 2117 2868 2289 und das Wallidtstin dern darauff stechen so laßen
1623 2217 1724 2347 B
1792 2228 2870 2386 Eer könne sich mist daran nemmeren von fraber sin
1820 2328 2880 2495 zu gebracht so habe er es gethan, ohne zu wüssen, daß
1832 2432 2340 2584 estampfal gelassen.
1593 2474 1708 2675 hu
1807 2519 2861 2695 Ub Ersnamitt meist dem Beatschi versprochen haben
1824 2632 2610 2794 daß er denselben gebe Caspan nit and
1612 2680 1748 2844 E
1828 2728 2854 2887 er könne selbstan nit hiemit ungehan, hätte,
1827 2822 2860 2987 Aalß den Gratsli nit kommen lehemen:
1615 2907 1744 3095 se
1818 2930 2876 3113 Gninst der Gratsli nachter thor mit dem
1812 3036 2887 3194 stempflen zu Thund gekommen, da er jugi dem
1791 3137 2882 3284 selben zum adlerwirth nach biel geführt,
1816 3226 2884 3388 alles ir von dem haltschmüntzen geredt und daruff
1795 3302 2873 3502 finder Statsch ihne gegen testaffenn der Sampfe
1807 3435 2860 3592 und daheiniger kösen tbar geforderet habe.
1586 3490 1741 3654 Al
1813 3543 2879 3706 besagaspar mit dem Gatsli nach gel zum
1765 3634 2881 3815 Biberirth gegangen, kömme sich aber nit zesinen
1794 3747 2872 3917 Daßly iungen Sumpfel mit gebracht habe, die begen
2658 3878 2837 3968 dem
2865 2163 2896 2249 3
2874 1643 2921 1738 16.
2881 1459 2934 1544 i
