3024 4032
609 258 1278 411 Daniel Srat vil
168 279 353 388 14.
197 312 1477 517 Frag Wat sy dann mehrers furd halb
440 435 1472 598 gemacht und ver ihme bekhott dens
238 525 1448 671 Antldi so Beatschi und der wirth Liellen
438 613 1430 767 Ritschard habend ein par mache
438 695 1464 846 mit alten 5 pfindleren probier
434 787 1457 944 unnd erlomm 1. stuck sunck gfunden
410 884 1462 1047 zemacht allem er Brathschi habe bein
399 960 1475 1123 inen darten bekommen sonderen
423 1070 1451 1224 der Wirth Rytschard habe sin aber
429 1160 1465 1333 bethalten heil er ohngefahr den drit
386 1268 1455 1416 ttheil silber darzu gegebenn, das
406 1345 1365 1496 ondere seye von dem Netallso
1360 1429 1411 1462 2
406 1436 1364 1596 mügschen zuogebendt worden
393 1550 1305 1701 War er man dem Christen
128 1476 379 1718 Kung
366 1639 1425 1823 Aan Amann bössen und ob der
393 1753 1450 1902 selbe mit stemgel mit wättig batzen
390 1841 902 2001 zemachst haben.
174 1905 415 2088 Kahli
442 1932 1429 2100 dieser habe ihme selben gesagt, das
399 2039 1422 2206 beschonim schlecht gebiet dess begen
399 2135 1432 2272 gefangen gsin und bie erglauben
398 2217 1432 2394 Aig an der marter, sonsteferier
392 2341 1414 2527 er habe von ihme kauftman
382 2446 1420 2615 Guchhmbl denfänng lich heren dem prel
388 2542 1391 2689 bekommen zum ihme darfür leb
380 2637 1400 2756 bezahlt, oder enterlegt vor gebend
366 2709 1445 2875 Eer habe sie von Bidler Wieltz von den
375 2809 1432 2979 sigend für allerner bächen zuo Marzen
369 2904 1410 3085 behihre aber andere für Wällid
369 2991 1436 3173 batzen, er Bratschi aber setze mit dar¬
361 3078 1387 3267 bey juni thieraugt syn er statschi
384 3189 1441 3375 mit gedarten Lienlon Lorhemman
369 3292 1417 3448 eempfangenen stempfen zuo sinem ein
354 3391 1426 3553 faltigen sucken schind nach hab den ly
376 3479 1425 3654 in der kerhöri Thun gangens burger
335 3573 1391 3742 orden so ungen schmids von Risstenbachs
337 3647 1418 3814 Under stich villens verten her sondere
2010 319 2626 422 Degell Grichtsili
2742 338 2890 403 183.
1807 350 2902 504 nemptel machen zuo Lasden allein die er
1819 440 2880 596 habe ihme söliche nit machen ballen, biss
1830 519 2883 674 der Murth Lienlenans Eltschard diesen
1821 626 2894 758 Büchsen schmind Müller auss dem holden
1813 724 2880 878 wyl zu schin das bittepfeniss gachen
1823 805 2886 957 helterfingenn bescheiden, daselbst habe
1818 884 2886 1049 fr ihnen die stempfel für die wellid¬
1821 971 2866 1124 bätzen namb gemaift sund die anderen
1816 1047 2899 1229 unß gebeseret, da er Gratschi in begseit
1818 1145 2850 1321 dess wirthen ryshards mit denen
1789 1246 2840 1404 vier stampflen sienkauff dieb
1805 1294 2894 1483 zun Adler kommen unnd worten sinne
1788 1418 2849 1580 kosten und russarkend halt suruck
1818 1492 2867 1695 ongeket, sonst habe er die stempfel
1824 1610 2884 1756 vieder abschleissen habe der koler.
1820 1709 2882 1884 Wirtth Nußenacht beder die Stempfel
1776 1818 2894 1997 turmb gebend noch ihne darfüre bezahn.
1775 1921 2889 2081 n unbellen, sonder habe mit einer ungen
1811 2007 2881 2209 nach ihne Beath gesteckt und hatter
1800 2111 2866 2292 demselben bath ungebracht wan mehr
1805 2213 2796 2372 der Rigthhard darben gsin buren
2821 2358 2876 2402 mie
1799 2321 2822 2469 die gemeldten vier tempfel ligen
1802 2396 2863 2581 Summehro fensters dem adlerbirth
1800 2504 2873 2657 zuo Bieli Allerin dem Wirthof aus in
1810 2608 2876 2753 einem schmilli, das man untezim gang,
1804 2694 2815 2856 in ein kraffli von dardurch ein thüren
2817 2767 2878 2807 1
1823 2793 2873 2959 in das danntli an der Rungklaus, unnd von
1798 2895 2856 3071 dar durch ein Censterloch hin auf in
1812 3000 2794 3135 den barten kommen ban, die bätzen
1804 3088 2439 3255 fabliciert worden
1548 3155 1765 3414 Petige
1781 3255 2846 3449 Wie diel Baltheyd gelt habent.
1756 3393 2836 3539 schi inter die Lainth bracht und luß¬
1776 3500 2130 3600 geben
1574 3546 2800 3744 Antly in allem nit mehr als 8. oder b
