3024 4032
75 195 225 274 Bel
477 191 1152 365 Johanns Rothshare
401 323 1468 540 das machen, das kin Lupschen falles erlen
372 419 1426 605 er Jagi aber solle schmid ein hatt Büng
350 531 1407 724 stälen geben, damit er dochinn
366 625 1392 821 seinem muib vorgaben könne, er
395 749 1455 928 tnen da auf dern zum meister Rüchen
338 838 1380 1041 sonstmind syeni das habe sy sig
407 962 1443 1139 vindermachten gethand darauch dem
392 1077 1450 1275 zuwen schnerd nur genn gangen
407 1179 1401 1363 kein verkhenn an zur hosen, und
1397 1291 1448 1331 2
383 1294 1375 1443 sye als ouch binder dahar in sein
331 1397 1421 1572 Dags Hanss ankommen, da er ihme eine
377 1495 1422 1698 Gratter Suban einer roum allso er
400 1601 1374 1792 absbald auf die stampfel gesechenn
389 1708 1421 1888 aber nicht das Wallis jenig, under dar¬
429 1826 1389 2014 Bernner Geristrag March dem er min
417 1931 1441 2089 dieser Steinckel Fertig volgen haben
394 2033 1434 2232 sie gebier ans Wit schied von probiert
376 2148 1395 2324 Sümlich gut an dgefallen, ausert
388 2261 1410 2434 daß daß Geitt ein lenig sin triest ge¬
382 2371 1404 2523 gatten glarmit habe sich der Gratsil
403 2461 1407 2648 auff biel zum adlerschiesten verfügt
392 2572 1461 2725 demme er die stampte wbergeben
368 2660 1400 2834 seyn nach ein par tagen lieder
378 2747 1435 2932 zuruck erkommen und gesagt, die stenn
364 2881 1419 3042 pfel sehen nit racht er wäre dem
393 2973 1430 3121 aler virth Lieber, wan sie das
360 3068 1439 3254 Wallis frighalten, Golte darobarge
364 3167 1434 3374 trachten, noch ein par mit diesem beren
338 3304 1379 3488 stermbfrig sub handt zuo Bringens
333 3425 1384 3634 habe zuo dem kind ouch syen Marg
355 3542 1377 3723 nempfel bey sich gehabt, welche
368 3639 1409 3829 obiger Büchsen schand mit gleichen
1726 694 1792 810 2
2662 416 2798 508 [221.
1853 355 2500 525 Johanner Ridtschard
1806 501 2816 641 Obwarnen siten Eerennstens
1816 591 2815 744 2 gnarbeitet und verhertiget.
1845 674 2814 791 voranffhin seye by Jugiort auff
1819 742 2785 907 anhalten des gratschis selbsten
1823 836 2787 961 mit ihne und denen Sampflen
1823 924 2801 1091 den der Biel gebußen, und wordenn
1813 1021 2751 1135 so mahen alls er ohne dem noch
1802 1092 2817 1258 sonsten etwas so biel zu verrichten
1806 1199 2821 1355 gehabt, kommen, habind in mun
1810 1285 2799 1450 aerten angelaupt habe auf
1827 1390 2790 1528 den abend der Bratsli, wien
1828 1484 2823 1646 Sampsel dem Adlar viesch gegeben.
1807 1584 2832 1775 welicher gefragt, ob sin selbige gethat
1815 1700 2808 1866 Unt sechen im Attigen so sie es nit
1812 1788 2746 1963 syen sölle sy sie schon zuo recht
1825 1899 2829 2063 machen, maß ein er ein schmid syd
1837 2009 2823 2192 Sein sin nur selbigen aben drichts
1823 2113 2793 2280 gemacht hätten, habe mormiltest
1804 2189 2829 2364 ver tratschi unnd adler stickhige
1801 2291 2844 2473 sagt, ob er nun nichstetlans selbsienn
1823 2390 2839 2519 söllen, darauff dann der wiet un
1807 2482 2830 2642 danachs in einer kleinen schmiten so
1834 2593 2842 2779 zm seinem Hanß habe 22. oder d.
1843 2691 2854 2847 stuck von beyden nempflen labrierert
1810 2778 2849 2942 Von Balthan der Büffen aufft 4. oder g.
1827 2893 2856 3044 sub vorsich behalten, und er jagniert
1828 2996 2842 3159 die übrige zuo samen handen genommen,
1830 3081 2847 3244 darvon er etwelche auß geben, so ihne
1839 3163 2850 3315 aber gleich linder neub gebracht worden.
1886 3258 2841 3438 da er nun gesehen, daß solches nicht
1820 3347 2874 3544 passieren mögen habe er sie nachberths
1832 3459 2865 3642 sin der geschmoltzen, das sey aber, was
1827 3541 2847 3735 beyseinem wuchen mit denen sampflen
1833 3661 2473 3828 seye verrichtet worden.
