3024 4032
9 128 88 244 96.
304 294 1386 462 welchen es aber nicht geben, sonderen selbstern
278 384 1398 550 heimtragen holte, nach etlas zeits habe sin, der
285 454 1358 609 thengin ihme allens lodrmes machen wollen,
286 543 1399 696 seye aber gelounderig worden, load es in der
271 627 1412 798 dach habe, daß es sölchen so sorgfaltig behalten, maßen
284 709 1400 875 es mit einem huss darauf gestanden, denoch habe
287 799 1376 955 es denselben gutwillig her vorgegeben, vordan
280 885 1403 1034 die gehenden solchen geöfnet, und nebst noch einem
287 970 1396 1102 andren sach, zu ihrer bastürtzung ein todten
277 1050 1406 1202 unnd darinnen gefunden berüber die gehendin
274 1148 1374 1293 ihme vorgehalten, das es doch macher es habe
283 1232 1394 1385 aber geantwortet, eine blütter bussda solches schon
291 1329 1397 1497 unnd bald hernach sagte es das kind seye von
274 1413 1364 1571 ihme auch die Hans thür sichballen geschoßen
268 1506 1419 1650 ouch dieses sochend ander fruthe genommen, hinzun
272 1596 1391 1727 zügend, daß als das Elseli noch auf dem blott
290 1677 1398 1819 vor dem Hanse gesesdan der sach nicht bey ihme
270 1760 1356 1905 sonderen auch dem holtz gelegen endeten
273 1845 675 1992 ihra Guchssang.
205 2077 1308 2221 H. Baria Magdalena Deuerich
271 2202 1384 2346 eine falherin ber herren predig Grunner
292 2295 1381 2446 in dem kranchthal in Censten, zenentalß
281 2408 1389 2547 sin gezeügin gestern nach midtags gegen
278 2485 1372 2634 d schrenunter der hinden gesessen, habe sie
283 2571 1370 2709 die wirthin geseten gegen deß Obergarts
261 2650 1396 2792 Hauss gehen, ihra gehengin den state mit si
262 2745 1387 2877 kommen, als sieber deß Elsbeths müller baren
252 2819 1381 2963 sagte die wirthin des eheli seche kindbatharinn
280 2921 1352 3043 vorauf sie mit einander dahin gegangen,
267 2982 1382 3100 unnd gefragt ob das kind gehabt, darüber das
265 3077 1374 3229 Pseli sante, da er seye aber grad gestorben
268 3168 1353 3296 sie gehendin habe das kind beschen kellen,
263 3251 1390 3404 das eseli aber habe gebetret, biß die muoter
268 3318 1397 3472 eiman säck, onnter dem tisch bare vorauf das
252 3392 1359 3566 kseli einen huss gehabt, hervorgenommen, da¬
273 3491 1338 3630 man dan das kindübel zugerichtet und¬
265 3576 1391 3718 angelasten gefunden im übrigen habe man
1204 3661 1353 3757 dem
2710 281 2805 366 91.
1773 344 2796 577 dem Menschli schon etwas zeits die Sichbanger
1766 476 2819 655 schafft vorgehalten welchels aber jederheilen
1772 559 2815 736 abgelaugnet. Endete hierauf auch ihre auß¬
1779 660 2763 823 gaage nur verfügende, daß sie diese sache
1784 713 2819 882 also bald dem herren predicanten angezeiget,
1766 782 1891 899 haben
1888 922 2547 1085 S. Anna Köllisperger
1791 1011 2817 1185 Hans Schärs das wirthen in dem Kronchthal
1789 1121 1982 1251 Cefran
2574 1156 2792 1281 zeüget.
1782 1253 2801 1402 Gestern bach mittag seye die Kuesterin
1789 1325 2838 1469 sin das wirtslaus gekommen habe ili gefordert,
1780 1411 2825 1563 sogend deß Riggi Zweygarls Pseli seye dan
1789 1495 2819 1634 es klage sich an einem dein sie glaube aber es
1779 1579 2836 1712 sere etwas anders sie habe etwas gehört, hie den
1780 1658 2838 1797 zeügin solle doch hinab kommen borauf dahengin
1777 1741 2848 1878 geantwortet, sie solle dess Elselis muotter fohlen
1778 1828 2840 1966 habe aber dieselbe nicht ber Hanss angetroffen,
1781 1909 2824 2049 sere indessen hinabgegangen und habe das
1779 1993 2820 2135 Aseli in deß knebhars stuben angetroffen, da
1777 2089 2857 2208 dan die mürter auch gekommen sie Bezeügin
1778 2166 2859 2300 habinist gebüßt, daß etwas verber, sonstein deß
1786 2234 2842 2370 elsi mach daß alles recht hergete horauf die
1780 2322 2854 2462 Getzengin heim bald harnach aber bider dahin
1792 2402 2836 2549 gegangen, da die kundarin ihra gesagt, sie
1791 2490 2843 2635 glaube das kind sechein dem Santen borauf ire
1792 2584 2859 2717 Getzanden sich nach Hanss begeben und dess elselig
1768 2660 2869 2808 mutter nochmahlen gehalten. Edate Freitis sinen
1841 2849 2573 3016 14. Niclaus Zweygarli
1789 2951 2865 3103 Niclansen dess grichtses den sohn der inquiertin
1791 3046 1980 3154 bruder
2576 3051 2809 3191 zeüget.
1780 3166 2882 3297 er seye bestern borgens mit dem eli seiner
1786 3239 2892 3393 Schwester nach Burgdorff zuo blarck gegangen
1792 3326 2882 3478 habind der sichheinli in zweren sacken dahin ge¬
1787 3413 2881 3561 stragen und verkaufft, das eli seye leider mit
1776 3494 2876 3642 ihme anß der statt gegangen, und habe bey da
2686 3614 2842 3713 garter
