3024 4032
156 224 339 350 240.
612 248 1285 432 Steter Schwertzer
379 423 1502 646 din bruoder den bessenenten nicht
432 540 1516 733 schlagen, der schweiter habe dargegen
421 626 1499 821 wieder geschreyen, es gehr ihne mit
417 724 1513 900 dan, er solle herin zu Seiner frauwen
411 771 1500 975 dein repsonenten bruder reptucirten
402 884 1477 1051 er möge einne Brauid haben ober
401 959 1393 1136 nit, was er schweiser darnach zuo
1404 1061 1477 1117 2
403 1035 1495 1212 fragen habe, und seye hierauff zuruck
405 1135 1434 1298 gegen den schweiser gegangen, da
1433 1221 1479 1284 2
404 1229 1470 1399 seye aber schweitzer durch das thürli
392 1317 1485 1462 so auff dem sey und bey welchem
391 1409 1487 1559 ssie gewesen gegangen, und habe
402 1479 1489 1628 geschreyen, er seye imme ein alten
400 1588 1349 1705 Namüli aber man shin einer
403 1656 1502 1816 nachkomme, so wolle er ihm was zeigen
402 1738 1487 1897 daraust seye stein bruder briederich
405 1823 1422 1971 d nach gegangen, ohngeachtet er
370 1910 1443 2049 fessonent ihnen solches zum driben
401 2016 1491 2145 mahl abgewahret, grad Angenblich
397 2100 1460 2218 elich seye er mid der schweiser mit
383 2152 1451 2294 gerte und schwächern an hinauwer
406 2249 1442 2361 zerathen und entrediale daraufft
400 2342 1480 2450 seye seinem bruder ein so an¬
382 2414 1468 2552 glücklicher streich auf den kopf
389 2489 1464 2635 worden, daß selbiger bloß nach¬
380 2603 1488 2725 2. oder d schrib gehen und zu boden
380 2689 1464 2816 fallen müssen er habe auch
373 2762 1487 2904 grad geschreyen Buochhalter im gibst
366 2852 1477 2994 nner den todtstreich, auf diß¬
375 2958 1369 3115 hin hage er Elssorent und der
362 3044 1432 3210 Bigler harzu geloffen, der eigler
349 3140 1484 3295 seye zuo den verwundeten gegangen,
357 3200 1478 3382 er alsponent aber habe dessen hut
363 3305 1463 3452 gesucht, und die er denselben nicht
359 3379 1465 3544 gefunden, seye er dem schweiter
359 3459 1467 3613 welcher statt darvon gelansten waren
357 3525 1439 3663 nachaehilet, und habe ihme den hut
347 3611 1460 3775 abgeforderet, der schwriter aber habe
1127 3735 1407 3837 ihme etc.
2708 367 2874 468 241.
2013 307 2604 475 Pater Christer
1827 497 2872 666 ihme mit grobenblorten begegnet zuo¬
1861 621 2808 770 gleich auch mit seinem grossen
1851 719 2854 856 schwier oder stecken, auf die achsel
1859 784 2862 954 und über beyde armen fingezor¬
1859 885 2872 1038 sigen so daß er zemüsdiget gewesen
1845 971 2886 1126 (o geschwind möglich dartan zu fliechen
1850 1072 2861 1209 seye wieder zu seinin terinndten
1853 1170 2790 1321 bruder gekommen, deme er nebst
1851 1258 2803 1389 Hanss Ligler fort helfen wollen,
1846 1348 2875 1479 er habe aber har hefftig zur nasten
1860 1435 2900 1567 auß geblüthet, und nicht wohl gehen
1847 1510 2890 1656 mögen Neswegen sie ihm auf
1855 1591 2868 1743 der schwendi vor dem Hanss anst
1854 1695 2878 1842 einen danck gelegt und zu gedekt, die
1840 1795 2847 1930 feyen indesdan zuuenfichein
1856 1878 2885 2007 der stuben gedesen, mid haben
1863 1964 2871 2108 ihne gehütet, hat den verwunde
1876 2060 2842 2193 Iten auch gene dorten in die
1876 2144 2917 2274 stuben gelegt, aber die krüth haben
1869 2227 2905 2359 das gar llugern gehabt, weilen er
1858 2325 2895 2450 gar start zeblütet, deß morgens
1863 2414 2917 2543 eind ache, seyen darnach darten
1867 2488 2855 2616 alle drey mit hinander fort, dar
1861 2561 2893 2706 verwundte habe noch allzeit start
1882 2652 2878 2792 zeblütet, sich auch beklagt, daß er
1868 2746 2878 2856 ein trüwel habe, und im kopst
1877 2824 2926 2966 ein schwerthafftes stechen türspichet
1861 2923 2821 3050 er seye als ein wenig gangen
1877 3009 2929 3147 nnd dan wieder müler geses den
1876 3077 2922 3211 allso das die erst gegen da Ahren
1868 3169 2923 3289 morgens zuo dieboldhaussen angeben
1876 3247 2839 3376 einen allwo sie ihme grad ind
1867 3308 2191 3445 roth gelegt.
2320 3315 2914 3428 ver verwundte habe.
1876 3399 2871 3527 heiters nichts bezahlt oder gesagt
1883 3471 2872 3597 als waß der Burchholter ihme den
1866 3557 2889 3683 todtstreich gegeben, welches er zum
2614 3692 2899 3812 ofsteren etc.
