3024 4032
66 221 234 338 117.
534 213 1048 412 Hans Thuri
378 367 1424 533 zu kommeer gesehendin, dieser ohne ein
393 447 1481 649 bort zu Veren habind thür angefallen
386 554 1452 739 durch einen beyenbrachten herten
361 664 1448 869 Serrich, alsbald sturn geschlagen,
370 764 1456 942 so daß er zu boden auch die einer hande
385 879 1461 1078 und geschlome gefallen, sich aber an
371 1003 1464 1165 dem padeli haltenn lönder im etwas
376 1122 1465 1330 aufgewichtet, Er habe zuo Zorigen Malen
375 1251 1453 1433 lant auf im gultin gwüssen, heilen
384 1367 1392 1538 aber das kruchsen vergebens, das
357 1486 1409 1680 zuschlagen aber nicht nachgelassen
373 1598 1491 1772 und niemans zuo hülte kommen sollen,
353 1717 1482 1901 so habe sy nichts bessers geloust, als das
364 1853 1446 2023 Messer auß dem lock zuo ziechen, und
345 1978 1475 2167 sich darmit so guotmöglich, seinen lebenn
357 2126 1456 2289 zu erlehrenn zuo diesen beyden sagen,
366 2215 1366 2406 r schlage ihnen das recht dar er
354 2351 1451 2539 wolle sech lohrem hab er konn, habe auch
354 2492 1478 2669 our selbige zuo gestochen, nach diesem egend
314 2593 1477 2764 die bucher, von ihme dagiusiten lorgemmen
340 2717 1465 2894 der rchenn dan zu geloß dem hierauf habe
350 2812 1491 3025 er anquidt seinen das Barbetriben denner
340 2955 1455 3146 zleggenslichen dan ihre hutha auf gehoben,
342 3090 1396 3255 Nach diesem denn habe er von dem
329 3197 481 3319 thalt
348 3193 1477 3386 borkeli, abscheid nemmen unnd nacher hand
323 3333 1450 3535 gehen söllen, welches es ihme aber miß¬
319 3459 1453 3646 nathen gebend, sy sölle mit ihme keine
1765 3505 1798 3633 4
2061 288 2486 446 Hans Turi
2783 351 2919 471 113.
1857 364 2867 571 kommen, die könter noch ihme etlin
1865 489 2902 662 aufpasten, habe aber nicht geloollt, auch
1845 590 2856 778 forcht dick zuer Kruls möchten ihne
1858 713 2842 877 noch dort im Hanss überfallenn, und
1867 831 2862 1012 übel tractiran; er inquisit habe zlougen
1870 935 2854 1104 Locher in dem kochs gehabt, und großen
1858 1049 2888 1203 schmarzen und rucken empfunden, auch
1859 1170 2875 1329 seye lange zeit harnach, blut von ihme
1860 1319 2140 1454 gegangen.
1711 1454 2776 1692 H. Ober, die herg Krelt, die ihme zuo
1844 1630 2844 1804 schüpffen angegreiffen, gekennet habe.
1871 1851 2919 2024 stein, es seye stok nacht gelossem selbige
1720 1851 1826 1970 B.
1854 1980 2906 2155 setzen ihm aber ganzleiß vorgekommen,
1863 2084 2929 2253 da sie doch den tag hindurchin wirthor
1868 2217 2917 2388 Haus rothe Wammess angehabt, seithero
1871 2332 2938 2493 aber habe er vernommen, daß der einten
1857 2447 2926 2605 dein wollheimd ab, der andere aber das
1853 2579 2805 2728 seine läs verkehrt angezogen habe.
1743 2810 2911 2980 s. Ob diese Seinde angreiffer noch im
1856 2908 2912 3092 wirtshauss gelesen, als er mit dem
1864 3057 2583 3206 meitschi heingegangen,
1758 3276 2983 3435 2 jars so viel er sich besinen konnen, da mütten
1869 3381 2954 3566 des Borfs schüpschen micht dietellaelge
2766 3517 2957 3618 hun
