3024 4032
90 2532 383 2691 fund gefragt
235 301 390 394 Got.
448 293 1385 506 Stol Ruffenacht
474 468 1458 661 Soendrigen tags sächen der
501 591 1476 757 Hurtter zu ihme gegen in die
501 686 1506 857 stuben bekommen, welch er ihne
507 789 1518 991 sin beysenn, deß damahls bey ihnen
482 896 1411 1090 Jagi gebesanen herren verübers
508 1021 1491 1158 eines Dabaes Marchande von
486 1118 1455 1280 Steißburg gesant, daß vorigen
483 1211 1505 1387 nachts der grossen baret Werdurch
486 1325 1487 1486 er den kanstmaln gemeintis so fal
495 1433 1416 1560 geredt habe er wölle auff den
490 1510 1453 1705 Stätlinen probier ob sölches dahr
485 1615 626 1775 by
415 1653 1459 1899 habe daher ihmme sich ein lassen
461 1840 1420 1964 gehorderet, durlen er inquebit
468 1907 1399 2073 aber keins gehabt so habe herr
422 2016 1452 2191 Eemsüntler in die apothock gsin
355 2122 1463 2301 angliches dasselbst anzukauff an gebieten
456 2216 1376 2396 und demselben auff sin begehen
435 2340 1441 2495 ein hutt derli gegeben, dormit so er
403 2422 1472 2608 ndennd ermeldter gürther fortgegangen
424 2541 1419 2711 unnd daß er ing. Golouß Stghadt
472 2648 1356 2793 darmit nachen wolle stags
405 2746 1405 2916 harnach seye der chulther wieder
384 2854 1348 3023 zu ihme gethinin bey sinn obigen
390 2954 1420 3114 herenn Müllers in die stuben
395 3057 1463 3246 gekommen, und habe sich verkanten
378 3183 1458 3371 on dem, der grosse dant seye min
381 3297 1444 3467 von Blanderes, hr sy er Stiß dan
434 3378 1463 3557 jemme vnd der selbe gesagst haben
360 3502 1418 3668 er ira aber habe nichsts darauff
359 3584 1441 3788 gestectiert, und in der mit schine
373 3692 1457 3905 . gegen dem Bratsdi und gunstenn
2873 303 3026 394 3a
1855 293 2759 520 Uoli Rutderachs
1885 439 2987 629 gehaltenen confrontation gesagt
1892 547 2968 751 Es sye nichte auch dem stampsten
1867 646 2959 793 Gradiert gebesen, sidthars, vnnd do der
1870 748 2972 914 dtschard in der Sentschi fominiert
1885 839 2965 995 haben das daruff dem einten das
1889 928 2976 1098 Wallis thun trag und auf dem
1886 1039 2955 1197 anderen sterndt gebesen, habe er
1892 1123 2960 1291 silben der harüber bedenckt, zum
1865 1221 2974 1402 knne also sye das der zurt¬
1871 1329 2930 1504 ber mit schlüsser darauff gradiert
1866 1447 2964 1625 habe er könnte auch böss seyen
1874 1549 2943 1722 daß er inn als der eidtschard und
1845 1631 2949 1825 Grath by by ihme gebessen, sich am obe
1845 1726 2926 1910 gemelter hergangenheit ernnerend,
1832 1842 2938 2012 denselben gestat habe, man habe auch
1857 1945 2954 2111 Sthane Stempfal mit liebaster graben haben.
2287 2083 2509 2148 domalen.
1858 2056 2931 2219 seye ihnen abermatter in bekannt gelesen,
1822 2157 2942 2355 kt und darumb, auch ob der zuetlich
1924 2291 2655 2463 daran so gegraben habe.
1650 2398 2878 2608 her obenn das alles sagen, den, dan er siche
1884 2528 2899 2706 winneret und das er begehet habe
1842 2631 2919 2819 zuo wäffen, das er ob ihme noch etwas
1657 2758 1846 2861 anckens.
1891 2764 2360 2925 in ouch den säge
1594 2820 1847 2947 ltl
1887 2845 2921 3037 st, das sige nun aller bad sy begeset
1854 2947 2927 3148 habe Mülicheren Großweibel zuo
1863 3073 2920 3249 genbahren anseit, dammer biße
1863 3179 2912 3360 grichts leiters auch befunden sich sole
1843 3285 2552 3468 sches allerding behr heffti
1795 3524 2898 3757 Piertells Hard der nachten
1655 3691 2680 3817 ineingebracht, und thund
1504 3758 2882 3970 Sterhalten, ob er misshanndersten jahrs alten
2722 3873 2874 3998 5. jug
