3024 4032
146 301 304 450 I
557 278 1192 433 Johahid Rüdercht
434 313 497 434 6
377 351 1464 536 Dasig in seinem Schmitli vorbarnache tad
383 448 1481 600 Luellverhaten fabrierent honlich an er
412 538 1462 679 gar niemahten gestatten söllen, al
410 616 1402 795 hiesigem Richter an zu heigen
1415 697 1455 764 5
405 716 1425 869 allein darbitschard habte ihme schuff sin er
396 807 1438 961 lauben erungenlich gebällen, solches nit zuo
417 894 1444 1068 dnrund inne harinn zuo geschonen
411 987 1402 1131 dem mitgesell sige dem arme er Lanen
390 1069 1447 1251 schrömmer gsell sytennde ihmed ein seil
401 1182 1424 1317 und hindere bald erhalten, er sölle die sinn
391 1271 1329 1410 mentsch söllig mundig geben, mit
384 1348 1407 1510 Versicheren die klievor gesagt, die vier
393 1450 1420 1608 Stempfal Crester tagen Rebst bezehungen.
398 1535 1450 1706 dass Resand der Beti zurumb zu Nemmen
362 1620 1401 1798 diss an diesen gepengeten betzen haben
371 1722 1409 1892 er ein stuk genommen und behalten
393 1829 1357 1982 Wollen ver Ritschard aber habe
371 1916 1408 2083 und sölchen henck geforderet, so daß
380 2010 1432 2195 Froben diesen allend nicht eind seller
365 2096 1370 2290 verth empfangend so bey solchen
363 2206 1405 2370 Shänrigen missanden, und da er
381 2302 1395 2475 aller auch gesagt was shund immer i
381 2392 1361 2556 büchsen muoter kerffen er sich denn
368 2481 1402 2646 hochen richter und seiner gnade
357 2583 1380 2736 mehrers kindt er necht gestehen.
363 2679 1353 2837 von schon bieder verhoffen nac
362 2763 1356 2925 alle trunge kinder bschied berd
365 2880 945 3034 dasel verdan solle.
382 2966 1081 3144 hampt grosetractin
795 3061 1011 3182 lge
986 3064 1328 3250 Lach leb
1169 3172 1385 3335 ge
351 3262 1000 3435 zuo soppra solletemd
483 3378 809 3516 kilch
715 3415 1311 3583 Landschreiberen
962 3529 1311 3660 Gierett
1634 592 1797 795 sillie
1627 1570 1787 1722 h.
2757 313 2899 410 19.
1804 365 2763 512 Buertis Beamer mit
1767 436 2791 630 Sphanen richtmacht gehalten
2038 538 2576 646 d. 17. Apre gh
1812 601 2894 721 So der Grafsli und Ko mann mut sun Michepf
1786 695 2902 833 zeit nist bely ihme zum adler übermachtet
1800 750 2890 873 und ob er stags hernach nicht zerg von dem
1771 806 2886 974 Gatschi gebrachte und von dem Hanss mann
1799 887 2881 1039 empfennend zweystempfel für Licertier bar
1782 970 2887 1129 Bhand in seinem khöpfflin in beysyn deß Grat¬
1785 1041 2882 1233 schin selbsten grobiett und oben oder vier stub
1796 1121 2891 1301 rucerner batzen zustempflet habe: So aber
1805 1209 2897 1372 mit dem strich nicht gerahten belche deßwegen
1793 1282 2847 1444 der Bratsli genommen und zum latthardin
1794 1380 2890 1534 überbrachts und ob der Gratschi für solches
1797 1457 2880 1620 iben stemptel nicht ersatzung geforderet
1804 1538 2836 1724 Bar dieser Bratsili so ze damalle
1803 1620 2886 1808 richt gebrune, sige mit dem kauffen
1807 1716 2862 1885 mann bey ihme überrochtet, da er
1793 1824 2857 1987 Leyder Boder J. Stuck Lileerner bäben
1797 1925 2859 2082 gestampftet, lben mit deren zwey
1779 2017 2859 2180 tampfals der Landtman ihme zugen
1769 2102 2820 2281 gstellt. Er habe Bratschi habe die
1803 2216 2858 2370 Nateri um sölche beiß zu machen,
1800 2285 2867 2446 in der rpotheit gekaufft und die se derg
1794 2414 2854 2570 suck zuo seinen banden genommen auch
1801 2488 2746 2654 Berdenten selbige einem brichter
1762 2582 2861 2741 mann zum muster vor zubeisen habe
1782 2681 2830 2857 war erstung denser stempfel ge
1775 2778 2840 2957 forderen, Er aber ihne geben der ge¬
1813 2857 2831 3030 diesen so ihm befahlen solche ma¬
1796 2950 2240 3118 schen zuo lassenn
1795 3036 2686 3216 ob dann er den kouffenen
1634 3062 1757 3222 K
1796 3136 2862 3290 richt angeredt habe ihme dempfel
1787 3220 2362 3366 nachen zu lassen
1789 3322 2136 3461 gar nicht.
1654 3303 1774 3434 N.
1788 3375 2839 3550 ob sy nitst auch dem Watschi anbel
1629 3432 1776 3594 b
1783 3481 2824 3624 follen habe iren andere stemptel zuo
1798 3570 2728 3702 Wallis betat machen zu lassen.
1653 3647 2832 3816 22 Nemallen nicht, voß aber zenach mit dem Ritschard
