3024 4032
151 282 295 359 366.
892 289 1008 372 4. D
419 404 1417 593 Das mit Johannes Ratschard von
1412 459 1463 568 2
330 515 1480 677 Wilterfingen von Munss Land vorge
388 610 1477 768 Von Badel Zu Oberhoffan den 26. jun
385 694 1084 857 jüngschin gehalten.
721 920 1236 1080 Dramen
379 1108 1454 1278 Sd auch montag d. 26. arbs
364 1217 1433 1397 m monat nach mit dar hat Main Glar
385 1314 1428 1484 vester trunke. land vogt von altt
379 1404 1400 1565 zu Oberhoffend in Jatzenbart Jacob
380 1485 1417 1624 Ritschards Ammanns Sebalmeister
372 1582 1438 1741 Bendenas Damlerd, und inds vngemelden
375 1682 1387 1839 Schreibers zu Oberhoffen, und hand¬
402 1782 1430 1938 ställig dess gricht er zuo Hiltefingen,
388 1876 1377 2034 dum Leulenant Johannen hut
340 1977 1414 2146 schard von daselbst begen spallichenn
238 2083 1327 2234 hrutand infolgendem dameniit
189 2156 1427 2367 Bahsier Daniel Gratschi von Sanen sinen
323 2295 1051 2439 alme rchst bekant seye.
173 2361 1399 2548 Girths wohl verhngefehr von einem jahren
158 2477 1393 2660 I. Dan welichem bet sin mit hin ander
315 2593 1065 2766 bekants hass gemachen
168 2685 1387 2867 Cats vor ohngefess einem dass seye
356 2797 1358 2961 er Grattsili an einem sonnstag zuo
321 2888 1406 3059 Diseren in sein Hans kommen, habe ihne
332 3000 1410 3175 vm pürteli Stein nus gelt geben
332 3102 1417 3280 wetches so getrunken, und ihne rechen
318 3225 1410 3401 hard zugleich im betzerbergung den
308 3317 1398 3495 gehalben, sye sag ihme übernachtet.
334 3439 1403 3608 zuorneß morgen aber seye er lenecht
338 3537 843 3711 lynder fortgangen
1474 2637 1681 2904 s
1594 3123 1714 3235 42.
1757 2099 1787 2174 2
1987 340 2454 467 Sohn Ritschard
2773 417 2875 493 201.]
1646 388 2853 598 Visch Gosen der sich sich und gester maß nit
1842 525 2873 688 ber ihnned gewesen, und velcher heilt im fahre
1657 595 1802 752 K.
1863 607 2856 777 von der sterndrige vsein anfangs gut gebolen,
1822 698 2823 849 sige her zum toryden mall vierlanner zuo
1807 767 2834 939 Ihna ritschard kommen, als die er¬
1834 865 2687 1003 sten zagen im Shristmonath.
1840 952 2832 1125 Ober Bratschi diesen Sammer mitt
1598 919 1809 1136 Geng
1845 1057 2837 1200 liederum in seyn Hauss kommen
1838 1146 2788 1283 und bey ihnne gelasent und ob
1817 1221 2830 1374 hr ihne micht zuo ihme berusten
1825 1300 2104 1429 habe e
1815 1393 2832 1558 nein, habe ihne niemalles zuo sich
1618 1401 1726 1519 B.
1814 1499 2833 1651 berutten, voll seye er vergangenen
1800 1586 2742 1725 Grüchling somidt seinem werdib inn
1809 1673 2845 1831 sein hauss kommen, und seyen 13. tag
1810 1767 2749 1934 fanng bey ihme im khouf gelasenn.
1554 1834 1712 2067 s
1802 1894 2785 2082 ob er damall nicht gebüßt, da der
1803 2018 2842 2193 ratschi mit sälschein ten anngebe
1602 2128 1708 2272 K.
1783 2141 2835 2323 Grin habe er damalend noch nicht ge¬
1818 2257 2842 2404 ust wol er faltschümnend, voll habe er
1799 2343 2841 2506 bemahlen voller ertz schmaltter aber
1759 2437 2833 2612 seyn ihm nit angangen, seye aber her¬
1793 2555 2756 2696 nacher im Apeill biederkommen
1778 2684 2845 2857 As der Gratsch ein aprill Bieder har¬
1791 2805 2830 2951 kommen, ob er Gratschi nit damalls
1767 2894 2824 3053 selsch müntzen fabiterett haben und be
1755 2986 2659 3159 lang er big ihme geblibenn 2
1780 3111 2818 3259 dann damahls mit einem brasbälgel
1773 3213 2803 3387 husst läschlen und gangen sammet zuogebiet
1792 3298 2844 3460 z vnd kommen unnd habe gesagt, habe
1772 3392 2831 3555 die kunst von einem glester recht
1784 3452 2774 3649 gewesenet, dauch das hr das
1784 3561 2843 3727 treffer könne giesen, daß er verderit
1763 3666 2297 3813 lanter Waser
