3024 4032
154 3300 263 3401 4.
177 51 296 140 54.
244 1580 331 1676 K.
556 39 1155 185 Babriel Henner
376 132 1457 363 und supplicando min gnad an
356 230 1451 453 zuhalten, seyn aber in die obere
342 326 1425 495 gefangenschafft gebracht worden.
263 412 1446 649 ihr ob er nicht geloußt, dass der von
329 542 1341 727 Thum verloumete keßler in
346 631 1386 810 kürtzerzeit darauf an seinen
361 730 1424 903 lomniden gestorben mid daß der ro
350 820 1383 1006 Novembris 1132. ein landtag
362 917 1394 1073 über ihne inguorten gehalten,
351 997 1427 1156 worden, löm er sich dann erfrachen
351 1089 1447 1248 dorsen, ihr gnaden Landt zu¬
340 1177 1415 1342 betretten, da sy nichts anders
349 1271 1419 1430 könte gewartig seye, alß daß
339 1360 1452 1512 din lönder ihnn ergangnern urtheill
339 1453 1160 1606 an ihme exequirt lourde
350 1594 1395 1728 er haben dem landtag niemallen
326 1704 1421 1841 eigentlich vernemmen lasen können,
297 1785 1436 1927 solcher seye thun von seiner verstor¬
315 1871 1447 2029 ebennd Irti sel indurlonilen verhaltet
316 1958 1387 2122 worden im übrigen seye er
307 2060 1430 2201 zu der erscheinung vil faltig ver¬
300 2152 1362 2300 nanlasset mid bürathen worden
305 2245 1406 2392 dahero hens gelougnet, seinn sache
304 2344 1397 2508 Gott sind das hohnn obeigkeit und
297 2443 1390 2597 dero gnad an heim zustellen.
295 2515 1398 2709 und sich vnrsöhnlich allhies anzu¬
287 2664 571 2761 geben.
205 2732 1429 2921 z sin er nach gethannen unglüt¬
279 2868 1404 3017 solichen richt an dem keßler von
271 2961 1374 3114 tins loug gnkommen, sohnn er sich
269 3043 1373 3214 begeben und lyhe sich mithero
256 3169 752 3296 aufgehalten.
262 3282 1422 3433 nach demm er in damäliger nacht
246 3384 1368 3511 sein nüglük herren Haubtman Hüntzi
235 3483 1392 3594 sich erzühlet, auch redolpiet lare hier
241 3571 1345 3708 zubleiben und deß außgang zu
921 3688 1267 3828 anlartnn
1738 3309 1801 3407 2
2799 170 2878 249 55
2041 130 2599 272 Habniel Bruner
2647 192 2714 298 1
1772 222 2865 390 gewarten, inammmande, das diese
1786 308 2861 465 nüglück in fürer nothoche beschechen
1783 387 2829 543 da er in der nacht in seinem eigenen
1772 467 2880 614 hann von denen kessleren angegristen
1771 529 2860 691 worden, habe hrn Häntzi seli ihnne ange¬
1767 620 2844 779 veinben sich lug zuo machen, zu ihme
1779 705 2875 863 getröhet ihnn lang zuo Breitschen, dan er
1778 785 2877 945 nicht gehan wölle, hierauf habe er sich
1782 883 2850 1007 von hins long, über die Sensen zeück
1788 956 2890 1091 nach Frugburg begeben wollen, lougen
1785 1030 2872 1184 ter Riligion aber und damit er in
1779 1124 2845 1275 seinen damäligen einstanden sich
1792 1197 2839 1328 nicht etwa fersichenn laße, seye er
1792 1287 2862 1411 über Neuenburg in das burgend
1809 1363 2892 1507 und von dannen aben der dieligion
1792 1441 2866 1586 lougen in das zischoff hasslische auf
1795 1522 2860 1620 Reforneten boden gegangen, alle
1812 1611 2864 1747 er sich sithurn minsten zuo Brucheret
1797 1694 2873 1811 bey Wamlingen, auch bey hurrn
2820 1800 2869 1895 6
1786 1768 2831 1882 landtogt Ritter von Basel midt
1810 1849 2888 1980 anderen orten aufgehalten, sich mit
1798 1937 2883 2046 der blachmahleren durch gebracht, auch
1790 2007 2887 2141 so angeführt, daß hoffentlich ihme
1813 2079 2894 2204 Nimmand böses hard nacheren können,
1810 2158 2831 2284 lomn er dann sines wohl verhaltend
1814 2229 2905 2344 halber, von Ehrlichem Leüthen verschiden
1800 2311 2905 2439 iun gute altestata bey ine stelle habe
1749 2419 2881 2589 Hn. ob sinen verstorbenn seli nicht auch
1813 2531 2659 2677 mit thu longgegangen,
1733 2655 2884 2802 0. Num sin seye aber etwas zits
1816 2737 2905 2899 nach seinem unglück von gehabtenn
1796 2844 2910 2972 Schenben branck zu ihme nach wann
1809 2914 2902 3071 lingen gekommen, Er habe sin wagen
1821 2995 2841 3163 Shres zuostandt nach dasel under
1820 3106 2898 3247 winter thür geführet, an diesem
1800 3187 2867 3323 lechternn orth aber, habe diesalbe
1827 3272 2836 3415 iren lönder verlassen und seye.
1836 3353 2902 3491 mit zweyen kinderen nach zurn
1823 3426 2912 3579 gegangen, da ihme nicht lange
1834 3513 2889 3651 hernach zum schlanger vatter ge¬
1820 3595 2842 3737 schriben, daß sin gestorben seye.
2616 3699 2715 3830 9.
