3024 4032
99 221 216 314 105.
269 2441 354 2581 H.
236 2974 356 3117 B
251 1285 368 1426 B.
449 403 1473 558 selbige abgerissen gelesen, es habe aber solches
445 484 1463 615 nicht beruhrt und vone es gar milt sagen
440 562 1484 684 hie die säche zugegangen, auch hälbens sonsten
431 639 1489 762 nicht gelüsst, das es diesorths hätte thun söllen,
434 709 1450 824 heilen es noch bey keiner kind betharen
437 794 632 905 gebesen.
428 888 1468 1045 Buoliet er habe die sache beständig verborgen,
442 996 1462 1125 wöllen, welches nichts anders als ein böses
430 1071 1423 1211 vorhaben anzeige, solle doch dermalen die
430 1154 1071 1274 Ründe warheit bekennen.
435 1308 1474 1471 die schbanderschafft, die er oben gesagt, habe.
419 1415 1468 1552 Esbohl verborgen bollen, solches seye aber
430 1495 1433 1617 anss keinem bössen vorhaben geschehen,
417 1562 1469 1716 sondern es habe gedacht, die sache komme fruchen
418 1665 1461 1791 genng anden tag, die denisst aber habe er
433 1740 1467 1876 mitt begehrt zu verbergen, sonsten es nicht
429 1809 1431 1960 die grosse Landstraß gegangen barennd
417 1903 1432 2049 sich gezlungen habe zu denen Hansseren
402 1998 1474 2131 zu kommen, und seche dess küsers Hanss neben
419 2075 1487 2214 der offenen straße nechst bey dem wirthshausen
415 2163 1486 2293 Hofines holt nicht geganden bare, ban es ein
406 2250 1056 2375 Joses vorgaben gehabt habe.
375 2441 1486 2595 die mußterin hungen, daß sin daß kinds Stüne
399 2537 1449 2684 gehöret, also die ihme sein bleichen wellen,
394 2619 1486 2760 es meße also von damalen genessen seymind
393 2704 1467 2844 das kind muter sich gehabt haben, beßenbegen
388 2781 1036 2934 es ihra nichts gesagt habe.
378 2964 1497 3139 das sere einmall mitt also, dan von Eodamalen
373 3068 1460 3237 das kind schon gestahret hätten, hatte es die
368 3172 1423 3328 iran vohl nicht von sich gehen laßen söllen,
345 3337 1473 3496 Ohngeacht alles verneren früstlichen ermalen
373 3410 1501 3576 mmans nun tat für dieses mahlen ein mehrers
367 3487 1487 3676 nicht aus diesem mensch gebracht werden konnen,
353 3572 1473 3737 sonderen es hat nach ablesung dieser vergicht
1339 3670 1479 3766 mit
1697 3481 1867 3623 frög.
2750 273 2848 360 19.
1812 368 2832 562 mit vielen träfnen bethauret, daß er die füren
1805 475 2864 636 Warheit aufrichtig außgesagt habe, ein mehrers
1822 561 2842 716 bisse es gar nicht, das vorgegandene aber
1823 638 2826 794 sege ihme hertzlich leid, behemutigst im Gnaden
1818 721 2075 837 bribende.
1823 816 2742 1012 Actum vorstatt den 21. Aug. 1142.
1981 1072 2599 1236 Disselb Zweygallis
2048 1202 2509 1322 ite Examen
1833 1338 2884 1520 weilen ihr Gnde Nachdemma Hoch Bieselben
1850 1456 2855 1583 die mi dem kranchthal aufgenommenn da¬
1833 1537 2841 1661 nformatten, die Relatio Medicaund das
1824 1624 2873 1759 iub 21. Augus durch dero dienern gehaltenn,
1826 1717 2894 1852 Diesorttige her Examen angefort guthefnn.
1846 1794 2872 1933 den, das vernere Examen mit dinsem menschen
1840 1889 2829 2007 vorzünemmen als hat grossen rathsherr
1825 1974 2886 2109 Lenmans, als hier zu verordnnter examinater
1850 2058 2874 2192 mit zuhanchung gehoffen großweibels und
1846 2138 2885 2279 dess grichtschreibers, zu volg ihr Gudt be¬
1842 2212 2890 2351 falcks vonn gestrigen tag, sin auf fente dale
1854 2286 2893 2423 in die obere gefangenschafften verzüget, und¬
1856 2363 2902 2517 dieses mönsch verstallen laßen, da dan nach
1858 2466 2915 2607 einer vohlgestellten ernstlichen eefrontation
1859 2549 2902 2694 die füre Marheit zu reden nun das begangen,
1866 2629 2905 2783 die unnd zu bekennen, volgendes herauß gekommen,
1828 2824 2906 2995 Dess ersten burden veß allein dem ersten
1865 2909 2916 3083 gehaltenen examen gethane Frägenfrischer
1857 2995 2926 3145 vangeman die ingutin getrüwet, darüber
1885 3095 2925 3269 dieselbe durch anss gleichgultig, die hin bever
1874 3192 2220 3340 geantwortet.
1873 3280 2877 3487 damme nach thate gehter examinator die
1888 3443 2908 3617 Obes Elsbeth Blorggort nicht bekennen
1872 3473 2942 3716 und gestolen müsse, daß es mit allen versetzen
2794 3651 2916 3723 ud
