3024 4032
99 248 214 348 10.
193 938 351 1111 B
393 409 1469 573 geben und seine blissethan kund bekennen
373 517 1453 657 sonsten man inns ohne verneren anstander
380 597 1442 735 hinauf zu der marter Hans führen under
379 684 1450 830 alldorten die Marheit mit anbendung das
381 771 1436 913 marter, auß ihme heranss pressen werden,
385 962 1463 1124 in Gottes Rahmen es konne ein mehrenn,
393 1074 1426 1208 ohne ihme selbsten zu viel anzuthun nicht
392 1162 1423 1284 bekenen, etstete in Gottes hand und
390 1227 1405 1376 sin dem gelaalt der hochen obrigkeit
377 1357 1450 1527 hierauf ward er hinauf an den orth der
366 1462 1459 1616 olter geführet, allso ihme solche samit dem
386 1543 1462 1714 Scharts, richter vorgeleinsen, und vordentat
389 1641 1444 1797 vornen Runsahals dass er fenst gelte, etc.
381 1727 1446 1880 sölle doch in sich selbstan gehen und sich nicht
388 1806 1450 1932 marteren lassen, da dan daselbsten, anach
392 1892 1480 2047 volgende Buchlionen an die inquistin getrücken
382 1987 595 2137 worden.
234 2170 1472 2353 H. Ober nicht gestolen und bekenen müsse, dass
373 2264 1430 2441 das kind gelebet und er sölches gehört, haben
385 2457 1443 2651 es habe ins voll gedinkent, als banes das
236 2459 337 2615 ds
359 2561 1472 2735 kind ernsten gerte heilendtme aber also bald
365 2643 1481 2809 ubal und ghumachtig geborden bisse er nichti
364 2728 1481 2895 anders zu sagen, als so es bieder zu sich selbstenn
361 2804 1439 2993 gekommen, habe er das kind tod neben der
353 2921 1086 3081 schwellen ligend gefunden.
363 3102 1338 3293 Wie sy die Rabel schner abgelösst haben.
250 3114 340 3276 X
362 3325 1479 3531 Es habe sölche heiters nicht abgelößt, es glanben
221 3331 323 3483 B
356 3453 399 3528 C
361 3423 1470 3608 das seye im grufsteten der auf getreiben, ein
347 3506 1427 3695 malen seye solche schon abgelösst gebesen,
1272 3679 1353 3827 1
2747 321 2857 414 nit.
1727 434 2841 606 H. Obes dan solches gebiss bisse, dass die Rabel,
1842 538 2840 717 Schnur vom darauf drachten abgerissen seye.
1719 628 1844 822 B.
1846 711 2861 902 Es glaube es einmalen, solches seye also harde¬
1852 828 2891 981 gangen, sonsten habe er einmalen müt darunn
1858 893 2117 1006 gemachet.
1734 1054 2883 1255 Hn. Dieses alles das es halbe falle schbar zu glan¬
1863 1178 2863 1333 siben, und vene nicht bahr seines sölle doch
1864 1270 2874 1398 betrachten in was anstandenes dermalen
1864 1343 2880 1497 seye der scharsnrichter stete ihme da an der
1851 1440 2899 1574 seiten, dan es nicht werde bekennen, so wölle,
1871 1516 2879 1656 man ihns zu Marteren demselben überge¬
1882 1605 2878 1741 ven; es sölle den sagen, ob er nicht gestehe,
1870 1683 2888 1830 daß es dieses kindt ein verschlich habe ein
1867 1784 2903 1922 em läben gebracht und nach dieser schröbdig
1881 1866 2782 2001 sichen thal heimlich vergraben hollen.
1737 2023 1856 2175 B
1870 2069 2915 2215 Rein, es habe selches milt im das leben ge¬
1881 2156 2902 2291 brecht, es habe aber solches heimtragen, und
1874 2234 2916 2361 das mueter bringen bellen; achies seye
1864 2308 2926 2445 leiderbahr, daß es in verschbeigung eint und
1876 2385 2918 2530 anderer hahrend seiner schlangerschafft, ver¬
1864 2470 2935 2598 spührten leibs, anstenden, groblich gefahlet,
1874 2538 2919 2696 Er habe aber nicht gebüßt, das dieses alles be¬
1879 2626 2922 2779 danten söllte, es batte Gott unnd er Gudt in
1865 2708 2935 2865 Sehemuthum verzeichung und ein ein gnädiger
1868 2821 2061 2936 artheil
1868 3068 2926 3239 Mariten nun heiters nichts auß diesem
1874 3185 2951 3339 benschen hat konen gebracht verden,
1888 3280 2946 3396 als burde selbiges, für dießmalen bieder
1881 3365 2926 3511 an sein orthin verbahrung geführt,
1882 3468 2649 3629 Actum den In desse. Ant.
2568 3620 2961 3770 Examen
2877 355 2935 444 2
