3024 4032
67 3502 98 3567 *
156 202 311 312 164.
401 202 1318 402 Christer Raufmann
389 324 1458 551 Geiß sinden hertzer Bur Adler
465 448 1454 645 Dannesten selbsten gesagt, als sie mutter
320 554 1022 701 us einander gnaden t
209 579 1480 850 Retter ob sin damahlen zu Biel mitt aller
339 734 1467 961 Derynamblin er kaufden der Rathschi
437 847 1389 1020 und der Adler wirth beyen Ed ber
398 935 1423 1134 aber des btater geredets
197 982 1467 1261 Des da sin habind eint sind anders der
900 1178 1004 1231 be
367 1167 806 1307 von geredet.
231 1244 351 1407 y
384 1248 1447 1436 im vorigen examine habe er auch
381 1367 1438 1537 trifft gestehen sollen, daß der wassi
373 1457 1436 1630 ihme die stempfel mit by Hn. bezaltt
401 1559 1426 1742 und angezo döche er das nicht absey¬
355 1654 1443 1828 daran nun sa bisenn ab zunnommen, daß
380 1748 1299 1917 erucht die wahrheit angeben.
181 1880 306 2000 äl
376 1856 1403 2049 der Bratssi habe ihnne aben ver¬
342 1981 1424 2150 sprochenen lohn geben, aber die steins
350 2085 1035 2234 üpfal nit abgekenffz
327 2177 1409 2377 Bhieranß Burde er nochmach der se
363 2315 1406 2484 poctiert brichen durch keinen sint
348 2427 1355 2593 lichen verenn zungen er zue be¬
359 2523 1362 2705 kantnuß der Rahtheit könne
340 2627 1301 2800 zebrächt verden, so werde mann
326 2754 1381 2928 ihne mit strengeren bitlen darzu
314 2842 1407 3031 haltend, sölle sich dess wegen noch vor¬
332 2941 1402 3123 hero vohl bedenken und sich vor
327 3073 1355 3220 ung bek und gehrnens angnas sey
306 3165 1397 3313 dann einmahl habe der Statssi alles ob¬
283 3244 1402 3418 Sehender ihme vorgehaltenas wieder
277 3353 1405 3499 ir an der bratter zur Louwen erstalten
315 3456 1389 3624 unnd zu demmen seye aber wahr semlich kein
292 3566 1369 3733 verkandten, daß er den statts 1 sun sälli
286 3659 1390 3838 müntzen angefehrt und den Magressen alschaf
304 3771 710 3927 darzuo geben
1450 524 1509 602 23
2782 337 2914 403 265.
1853 303 2818 461 Cristen Rauftmann
2837 412 2874 457 E
1771 412 2911 600 Hilhemnach vnnde der Uelerguldi
1825 542 2898 705 ziesolter kinander geführt, alls das
1842 641 2871 796 durch der Schauff lichter auf den
1825 741 2880 912 dthar danck gesetzt sprichter ehr un
2339 827 2535 936 Martzis
1859 838 2850 1018 vor betrofingeder ir ungeheit
1821 943 2440 1111 nochmacher befragt.
1850 1032 2862 1223 Als er den Bratschli zu Nüngelt ann
1621 1026 1809 1222 Gag
1819 1162 2867 1317 getroffen ob er ihme damahlend nit
1815 1240 2833 1402 schon denn haltschmüntzen geredet, ouch
1840 1348 2862 1513 vncklich gesagt, so könne sölches machen
1851 1441 2680 1599 und wolle es ihne behenen,
1623 1497 1809 1679 d
1834 1559 2840 1739 da by könne woss syn, daß belie
1822 1649 2825 1821 von geltmachen gewaret, aber das er
1848 1748 2820 1923 gesagt er konne gelt mache und dobe
1838 1852 2789 2023 ebi Beatsten solchand zekenen thann, sye
1825 1955 2825 2114 sölches geedes so habe er über sam ge¬
1802 2041 2289 2216 busdan geredtt.
1848 2127 2837 2300 In deman do der 4. mahlen dale
1638 2095 1793 2306 s
1826 2226 2818 2368 den sätschen gesehen, werden sie doch
1836 2315 2828 2482 voll verschidenes vom Goltzmachen.
1834 2407 2834 2540 mitemander verkandtst habe.
1801 2508 2807 2666 Aber hern oberen in der Rratsli so ost
1834 2580 2048 2717 shu
1514 2603 1733 2792 se
1824 2657 2806 2853 dis Gratss habe von ihme ver¬
1722 2777 2827 2929 I nemmen sollen ghenist genand wüsste.
1825 2866 2549 3029 darveiß haden könnte
1754 2941 2813 3158 os er dem Statschi ein Biel bey
1588 2955 1714 3121 B
1860 3057 2819 3211 überbringung der stemchthumbt
1821 3142 2809 3311 Judinuet, vechen selbigeschlecht gegen
1843 3244 2822 3420 ken stigen so soll er solche man so heissen
1837 3342 2548 3498 vnnd bester stechen lassen
1851 3410 2817 3576 Wan der Bratsch des anden solliche
1577 3403 1829 3593 das
1843 3526 2801 3697 ey wider wyssen und gebußen, das
1842 3617 2630 3792 habe sy ihme nicht gesagt,
