<?xml version="1.0" encoding="UTF-8" standalone="yes"?>
<PcGts xmlns="http://schema.primaresearch.org/PAGE/gts/pagecontent/2013-07-15" xmlns:xsi="http://www.w3.org/2001/XMLSchema-instance" xsi:schemaLocation="http://schema.primaresearch.org/PAGE/gts/pagecontent/2013-07-15 http://schema.primaresearch.org/PAGE/gts/pagecontent/2013-07-15/pagecontent.xsd">
    <Metadata>
        <Creator>prov=University of Rostock/Institute of Mathematics/CITlab|PLANET AI GmbH/Gundram Leifert/gundram.leifert@planet-ai.de:name=German_Kurrent_XVI-XVIII_M1(htr_id=19584)::::v=2.6.7
prov=University of Rostock/Institute of Mathematics/CITlab|PLANET AI GmbH/Tobias Gruening/tobias.gruening@planet-ai.de:name=de.uros.citlab.module.baseline2polygon.B2PSeamMultiOriented:v=2.6.7
prov=University of Rostock/Institute of Mathematics/CITlab|PLANET AI GmbH/Gundram Leifert/gundram.leifert@planet-ai.de:name=German_Kurrent_XVI-XVIII_M1(htr_id=19584)::::v=2.6.6
prov=University of Rostock/Institute of Mathematics/CITlab|PLANET AI GmbH/Tobias Gruening/tobias.gruening@planet-ai.de:name=de.uros.citlab.module.baseline2polygon.B2PSeamMultiOriented:v=2.6.6
prov=READ-COOP:name=PyLaia@TranskribusPlatform:version=0.3.1:model_id=26190:lm=provided:date=06_10_2020_13:10
prov=READ-Coop:name=PyLaia@Transkribus:version=0.3.1:model_id=26190:lm=provided:date=06_10_2020_13:08
prov=University of Rostock/Institute of Mathematics/CITlab|PLANET AI GmbH/Tobias Gruening/tobias.gruening@planet-ai.de:name=de.uros.citlab.module.baseline2polygon.B2PSeamMultiOriented:v=2.6.6</Creator>
        <Created>2020-10-06T08:15:13.319+02:00</Created>
        <LastChange>2022-09-09T15:42:14.121+02:00</LastChange>
        <TranskribusMetadata docId="1334771" pageId="52354272" pageNr="220" tsid="114635847" status="IN_PROGRESS" userId="9570" imgUrl="https://files.transkribus.eu/Get?id=SAWLVIPNWATUSHLCLVMNAZJA&amp;fileType=view" xmlUrl="https://files.transkribus.eu/Get?id=SHFMTOEEPZVJSNLIMTMYKDZZ" imageId="16110973"/>
    </Metadata>
    <Page imageFilename="IMG20201002152359.jpg" imageWidth="1032" imageHeight="2579">
        <ReadingOrder>
            <OrderedGroup id="ro_1687514092304" caption="Regions reading order">
                <RegionRefIndexed index="0" regionRef="r2"/>
            </OrderedGroup>
        </ReadingOrder>
        <TextRegion orientation="0.0" id="r2" custom="readingOrder {index:0;}">
            <Coords points="215,-36 215,2274 993,2274 993,-36"/>
            <TextLine id="r2l1" custom="readingOrder {index:0;} number {offset:16; length:1;}">
                <Coords points="253,156 310,169 388,141 490,161 537,130 584,164 628,120 703,115 873,153 920,127 918,79 829,45 781,79 682,95 623,43 572,79 520,47 472,81 416,61 250,80"/>
                <Baseline points="257,139 289,138 322,136 355,134 388,131 421,130 454,127 487,124 520,122 553,119 586,117 618,115 651,114 684,113 717,112 750,111 783,112 816,113 849,115 882,117 915,121"/>
                <TextEquiv>
                    <Unicode>uff zinstag den 1 ag</Unicode>
                </TextEquiv>
            </TextLine>
            <TextLine id="r2l2" custom="readingOrder {index:1;}">
                <Coords points="263,213 583,189 618,169 676,187 865,166 863,145 795,149 704,115 673,142 603,140 578,159 534,130 487,166 461,148 436,173 391,152 261,172"/>
                <Baseline points="268,205 297,202 327,200 356,197 386,194 416,191 445,188 475,185 504,183 534,180 564,177 593,175 623,172 652,171 682,169 712,168 741,167 771,167 800,167 830,168 860,169"/>
                <TextEquiv>
                    <Unicode>rillis, des 1667 J ar</Unicode>
                </TextEquiv>
            </TextLine>
            <TextLine id="r2l3" custom="readingOrder {index:2;}">
                <Coords points="254,276 396,266 461,294 557,233 612,253 709,222 835,243 883,219 879,171 807,187 777,170 713,207 592,180 545,217 477,193 433,233 396,214 350,249 251,242"/>
                <Baseline points="258,268 289,267 320,265 351,263 382,260 413,257 444,253 475,250 506,246 537,242 568,238 599,234 630,231 661,228 692,225 723,223 754,221 785,220 816,220 847,220 878,221"/>
                <TextEquiv>
                    <Unicode>in by sin sper großs</Unicode>
                </TextEquiv>
            </TextLine>
            <TextLine id="r2l5" custom="readingOrder {index:3;} person {offset:0; length:13;} unclear {offset:13; length:3;}">
                <Coords points="281,362 340,329 412,369 465,323 512,337 582,307 617,329 723,292 867,290 929,327 921,229 873,218 822,254 709,222 655,273 585,245 554,277 458,293 397,266 276,306"/>
                <Baseline points="283,329 314,326 346,323 378,320 410,317 442,313 474,309 506,306 538,302 570,299 602,295 633,293 665,290 697,287 729,285 761,284 793,283 825,282 857,283 889,284 921,285"/>
                <TextEquiv>
                    <Unicode>Galluß galden ist der koffen</Unicode>
                </TextEquiv>
            </TextLine>
            <TextLine id="r2l6" custom="readingOrder {index:4;} person {offset:0; length:8;} unclear {offset:4; length:4;} place {offset:13; length:8;}">
                <Coords points="255,417 421,380 535,386 593,359 727,412 785,364 898,385 889,295 798,302 761,338 706,345 607,328 414,374 324,344 250,360"/>
                <Baseline points="258,400 289,400 321,399 352,397 384,395 416,392 447,389 479,385 510,381 542,377 574,373 605,369 637,366 668,362 700,359 732,357 763,355 795,354 826,354 858,355 890,357"/>
                <TextEquiv>
                    <Unicode>Amo Tapr von Guderffi</Unicode>
                </TextEquiv>
            </TextLine>
            <TextLine id="r2l7" custom="readingOrder {index:5;}">
                <Coords points="320,471 388,487 439,455 504,476 579,426 626,448 785,423 817,437 858,415 854,374 816,401 766,388 737,404 706,379 683,402 520,406 483,425 403,390 314,407"/>
                <Baseline points="323,458 349,455 376,452 402,449 429,447 455,443 482,441 508,438 535,436 561,433 588,431 614,429 641,426 667,424 694,422 720,420 747,419 773,417 800,415 826,415 853,414"/>
                <TextEquiv>
                    <Unicode>bsfragt worden</Unicode>
                </TextEquiv>
            </TextLine>
            <TextLine id="r2l8" custom="readingOrder {index:6;}">
                <Coords points="212,590 334,610 375,566 427,574 470,541 723,526 806,573 933,544 929,486 833,441 759,487 647,470 540,502 479,475 368,532 206,504"/>
                <Baseline points="216,575 251,571 287,568 322,564 358,560 394,556 429,552 465,548 500,544 536,540 572,537 607,533 643,531 678,529 714,527 750,527 785,527 821,528 856,530 892,532 928,536"/>
                <TextEquiv>
                    <Unicode>Ziegetan wie das ersampt</Unicode>
                </TextEquiv>
            </TextLine>
            <TextLine id="r2l9" custom="readingOrder {index:7;}">
                <Coords points="230,682 269,649 359,630 447,634 513,675 586,616 902,624 899,578 841,559 650,589 585,552 521,598 489,583 422,614 226,609"/>
                <Baseline points="233,643 266,641 299,639 332,636 365,633 398,630 431,627 465,623 498,620 531,617 564,614 597,611 630,609 663,607 697,605 730,605 763,605 796,605 829,607 862,609 896,613"/>
                <TextEquiv>
                    <Unicode>sine enthafftenn namlichn</Unicode>
                </TextEquiv>
            </TextLine>
            <TextLine id="r2l10" custom="readingOrder {index:8;}">
                <Coords points="238,743 444,689 540,709 741,666 897,685 916,680 913,625 716,651 586,616 513,674 476,656 393,677 340,641 235,685"/>
                <Baseline points="241,704 274,703 308,702 341,700 375,698 408,696 442,693 475,690 509,688 542,685 576,683 609,681 643,679 676,677 710,675 743,674 777,674 810,674 844,675 877,676 911,678"/>
                <TextEquiv>
                    <Unicode>geblauh rossallenn und</Unicode>
                </TextEquiv>
            </TextLine>
            <TextLine id="r2l11" custom="readingOrder {index:9;} person {offset:0; length:14;}">
                <Coords points="216,813 293,828 372,773 487,749 585,795 674,733 868,780 899,754 952,760 949,708 859,694 599,722 569,697 444,688 377,745 265,731 214,764"/>
                <Baseline points="220,777 256,774 292,771 328,768 365,764 401,761 437,757 474,753 510,750 546,746 583,743 619,740 655,739 691,737 728,736 764,736 800,738 837,739 873,743 909,747 946,752"/>
                <TextEquiv>
                    <Unicode>Jehan Drustiay von 3 jacl</Unicode>
                </TextEquiv>
            </TextLine>
            <TextLine id="r2l12" custom="readingOrder {index:10;}">
                <Coords points="237,867 565,826 635,862 708,819 767,840 796,813 909,817 922,788 743,783 694,747 645,800 605,787 562,809 483,763 419,806 383,785 326,824 234,812"/>
                <Baseline points="241,849 274,847 308,845 342,842 376,839 410,836 444,833 477,831 511,828 545,826 579,823 613,821 647,818 681,816 714,814 748,812 782,811 816,810 850,810 884,810 918,810"/>
                <TextEquiv>
                    <Unicode>den zenden empfangenn</Unicode>
                </TextEquiv>
            </TextLine>
            <TextLine id="r2l13" custom="readingOrder {index:11;}">
                <Coords points="240,934 326,913 366,944 433,904 487,934 573,887 689,927 796,916 829,882 876,875 840,844 774,848 747,824 571,871 452,838 406,867 379,851 324,890 272,859 236,870"/>
                <Baseline points="244,918 275,915 306,911 338,907 369,905 400,901 432,898 463,896 494,892 526,890 557,887 588,886 620,884 651,882 682,880 714,878 745,877 776,876 808,875 839,875 871,874"/>
                <TextEquiv>
                    <Unicode>den selbigem nach irger</Unicode>
                </TextEquiv>
            </TextLine>
            <TextLine id="r2l15" custom="readingOrder {index:12;}">
                <Coords points="255,992 331,1016 434,983 476,1008 544,976 572,1000 650,958 783,1003 881,958 917,984 951,960 948,914 881,931 827,890 741,930 712,911 557,945 253,940"/>
                <Baseline points="260,980 294,978 328,975 362,973 397,970 431,968 465,965 499,963 534,961 568,959 602,957 636,955 671,954 705,953 739,952 773,951 808,951 842,950 876,950 910,951 945,952"/>
                <TextEquiv>
                    <Unicode>verhessung gwitt ✳ uszgricht</Unicode>
                </TextEquiv>
            </TextLine>
            <TextLine id="r2l16" custom="readingOrder {index:13;}">
                <Coords points="266,1102 380,1054 530,1053 571,1076 612,1051 642,1077 832,1031 956,1039 954,986 709,1013 596,989 468,1038 409,992 337,1034 262,1010"/>
                <Baseline points="269,1054 303,1054 337,1054 371,1053 405,1052 439,1051 473,1050 507,1049 541,1047 575,1046 610,1044 644,1042 678,1041 712,1039 746,1038 780,1036 814,1034 848,1032 882,1030 916,1029 951,1027"/>
                <TextEquiv>
                    <Unicode>Ist junit fürghalten worden</Unicode>
                </TextEquiv>
            </TextLine>
            <TextLine id="r2l17" custom="readingOrder {index:14;}">
                <Coords points="271,1146 395,1126 439,1152 473,1121 592,1123 621,1101 659,1119 801,1106 849,1142 936,1108 935,1076 826,1090 788,1068 711,1090 594,1060 454,1101 381,1054 270,1109"/>
                <Baseline points="276,1130 308,1127 341,1124 374,1122 407,1120 439,1117 472,1115 505,1113 538,1112 570,1110 603,1108 636,1107 669,1106 701,1105 734,1104 767,1104 800,1103 832,1103 865,1102 898,1102 931,1102"/>
                <TextEquiv>
                    <Unicode>wordenn, obe er nit gut</Unicode>
                </TextEquiv>
            </TextLine>
            <TextLine id="r2l18" custom="readingOrder {index:15;}">
                <Coords points="266,1206 388,1195 438,1222 508,1185 588,1215 619,1182 680,1174 933,1181 937,1120 908,1111 833,1147 788,1120 699,1150 529,1131 493,1157 454,1136 368,1167 307,1139 264,1163"/>
                <Baseline points="270,1191 303,1190 336,1188 369,1186 402,1184 436,1182 469,1180 502,1178 535,1177 568,1175 602,1173 635,1171 668,1170 701,1168 734,1167 768,1166 801,1165 834,1164 867,1164 900,1164 934,1164"/>
                <TextEquiv>
                    <Unicode>forn hab genomen und</Unicode>
                </TextEquiv>
            </TextLine>
            <TextLine id="r2l19" custom="readingOrder {index:16;}">
                <Coords points="273,1294 473,1242 601,1272 688,1232 734,1262 799,1233 901,1264 945,1241 943,1197 902,1174 793,1210 695,1176 619,1183 578,1215 511,1186 472,1216 386,1229 347,1204 310,1243 270,1236"/>
                <Baseline points="276,1261 309,1258 342,1255 375,1252 408,1249 441,1246 474,1244 508,1242 541,1240 574,1238 607,1236 640,1235 673,1233 706,1232 740,1230 773,1229 806,1228 839,1227 872,1227 905,1226 939,1226"/>
                <TextEquiv>
                    <Unicode>anstatt des selbigenn, uf</Unicode>
                </TextEquiv>
            </TextLine>
            <TextLine id="r2l20" custom="readingOrder {index:17;}">
                <Coords points="262,1326 750,1292 842,1298 906,1341 959,1307 958,1276 799,1233 745,1267 684,1233 629,1273 576,1256 518,1278 467,1249 384,1300 261,1289"/>
                <Baseline points="267,1322 301,1320 335,1318 370,1316 404,1313 438,1311 473,1307 507,1304 541,1301 576,1300 610,1297 644,1295 679,1293 713,1292 747,1291 782,1291 816,1292 850,1293 885,1295 919,1298 954,1302"/>
                <TextEquiv>
                    <Unicode>wennendenn vndst das get</Unicode>
                </TextEquiv>
            </TextLine>
            <TextLine id="r2l21" custom="readingOrder {index:18;}">
                <Coords points="270,1388 305,1401 337,1379 377,1402 460,1359 537,1363 611,1411 793,1346 846,1374 902,1354 900,1319 863,1339 713,1309 645,1338 508,1325 470,1347 362,1323 269,1367"/>
                <Baseline points="274,1381 305,1378 336,1374 367,1371 398,1369 429,1366 460,1363 492,1361 523,1359 554,1357 585,1356 616,1354 647,1354 678,1353 710,1353 741,1353 772,1353 803,1354 834,1355 865,1356 897,1358"/>
                <TextEquiv>
                    <Unicode>gemist derergestalt das</Unicode>
                </TextEquiv>
            </TextLine>
            <TextLine id="r2l22" custom="readingOrder {index:19;}">
                <Coords points="286,1477 328,1486 365,1448 408,1469 506,1432 646,1430 712,1472 793,1433 846,1463 964,1422 943,1372 846,1405 808,1378 768,1405 672,1381 610,1412 533,1364 425,1404 283,1387"/>
                <Baseline points="290,1445 323,1442 356,1439 390,1436 423,1434 457,1431 490,1430 524,1428 557,1426 591,1425 624,1424 657,1423 691,1422 724,1422 758,1421 791,1421 825,1421 858,1421 892,1421 925,1421 959,1422"/>
                <TextEquiv>
                    <Unicode>Ist bekandtlich s habt</Unicode>
                </TextEquiv>
            </TextLine>
            <TextLine id="r2l23" custom="readingOrder {index:20;}">
                <Coords points="285,1525 513,1502 655,1505 679,1528 710,1501 827,1539 872,1498 970,1504 968,1446 915,1428 846,1464 753,1447 713,1473 621,1459 532,1479 488,1452 421,1490 284,1481"/>
                <Baseline points="290,1512 323,1510 357,1507 391,1506 425,1504 458,1503 492,1502 526,1500 560,1500 593,1499 627,1498 661,1498 695,1497 728,1497 762,1496 796,1495 830,1494 863,1494 897,1492 931,1491 965,1490"/>
                <TextEquiv>
                    <Unicode>ein mell etlich liecht korn</Unicode>
                </TextEquiv>
            </TextLine>
            <TextLine id="r2l24" custom="readingOrder {index:21;}">
                <Coords points="290,1601 336,1573 392,1603 449,1567 525,1564 947,1584 968,1578 967,1507 865,1514 826,1541 711,1509 583,1547 481,1506 336,1542 310,1519 289,1532"/>
                <Baseline points="295,1570 328,1568 361,1565 395,1563 428,1561 461,1560 495,1559 528,1558 561,1557 595,1556 628,1556 661,1556 695,1556 728,1556 761,1556 795,1557 828,1557 861,1557 895,1558 928,1559 962,1559"/>
                <TextEquiv>
                    <Unicode>so by dem anderen Zend</Unicode>
                </TextEquiv>
            </TextLine>
            <TextLine id="r2l25" custom="readingOrder {index:22;}">
                <Coords points="271,1653 458,1627 531,1637 572,1671 636,1625 726,1676 750,1654 777,1673 836,1628 972,1624 937,1576 869,1609 678,1582 647,1605 549,1599 513,1574 359,1618 312,1591 270,1599"/>
                <Baseline points="276,1645 310,1640 345,1635 379,1632 414,1629 448,1627 483,1626 517,1625 552,1625 586,1625 621,1625 656,1626 690,1626 725,1627 759,1627 794,1627 828,1627 863,1626 897,1624 932,1622 967,1619"/>
                <TextEquiv>
                    <Unicode>korn lag glich on alle</Unicode>
                </TextEquiv>
            </TextLine>
            <TextLine id="r2l26" custom="readingOrder {index:23;}">
                <Coords points="270,1691 318,1710 508,1680 748,1703 823,1686 873,1690 925,1734 968,1708 968,1626 910,1665 841,1648 771,1672 715,1628 650,1670 570,1669 536,1639 483,1657 457,1635 270,1672"/>
                <Baseline points="275,1697 309,1693 343,1690 378,1688 412,1686 447,1684 481,1683 515,1682 550,1682 584,1682 619,1683 653,1683 687,1684 722,1684 756,1685 791,1685 825,1685 859,1686 894,1686 928,1685 963,1684"/>
                <TextEquiv>
                    <Unicode>geuerdt darunder vermist</Unicode>
                </TextEquiv>
            </TextLine>
            <TextLine id="r2l27" custom="readingOrder {index:24;}">
                <Coords points="270,1763 395,1793 457,1746 575,1737 724,1788 811,1750 978,1752 977,1726 881,1726 805,1687 752,1715 637,1690 576,1730 473,1688 414,1712 269,1691"/>
                <Baseline points="275,1753 309,1749 344,1746 379,1744 414,1742 449,1741 484,1739 519,1739 554,1738 589,1738 624,1738 658,1738 693,1738 728,1739 763,1740 798,1741 833,1742 868,1743 903,1744 938,1745 973,1746"/>
                <TextEquiv>
                    <Unicode>Doch ein doch Kornan</Unicode>
                </TextEquiv>
            </TextLine>
            <TextLine id="r2l30" custom="readingOrder {index:25;}">
                <Coords points="288,1846 414,1812 660,1840 756,1808 822,1839 898,1807 975,1817 974,1777 940,1757 908,1784 723,1789 550,1738 516,1763 453,1754 406,1799 373,1772 342,1796 286,1770"/>
                <Baseline points="292,1818 325,1816 359,1814 393,1812 427,1810 461,1809 495,1807 529,1806 563,1805 597,1803 631,1803 664,1802 698,1801 732,1800 766,1800 800,1800 834,1799 868,1799 902,1799 936,1799 970,1799"/>
                <TextEquiv>
                    <Unicode>statt desselbigenn gnomm,</Unicode>
                </TextEquiv>
            </TextLine>
            <TextLine id="r2l31" custom="readingOrder {index:26;}">
                <Coords points="297,1891 472,1867 501,1890 547,1868 822,1880 936,1864 935,1821 834,1842 724,1832 671,1856 623,1830 524,1854 492,1834 295,1852"/>
                <Baseline points="301,1885 332,1882 364,1879 395,1877 427,1876 458,1874 490,1872 521,1872 553,1870 584,1870 616,1869 647,1868 679,1867 710,1867 742,1866 773,1865 805,1864 836,1862 868,1860 899,1858 931,1855"/>
                <TextEquiv>
                    <Unicode>noch ein wäg 4ragsen.</Unicode>
                </TextEquiv>
            </TextLine>
            <TextLine id="r2l32" custom="readingOrder {index:27;}">
                <Coords points="405,1921 498,1926 526,1903 572,1914 594,1896 714,1911 778,1892 830,1914 895,1878 915,1890 984,1866 983,1850 943,1845 821,1880 793,1866 660,1885 553,1871 502,1891 470,1870 403,1879"/>
                <Baseline points="409,1907 437,1905 466,1902 494,1900 523,1899 551,1898 580,1897 608,1897 637,1897 665,1896 694,1896 722,1895 751,1894 779,1893 808,1891 836,1890 865,1886 893,1883 922,1879 950,1874 979,1868"/>
                <TextEquiv>
                    <Unicode>dessige bn mitt verdegzemutt</Unicode>
                </TextEquiv>
            </TextLine>
            <TextLine id="r2l33" custom="readingOrder {index:28;} durchgestrichen {offset:0; length:3;}">
                <Coords points="281,1968 571,1951 628,1923 682,1948 927,1939 971,1973 981,1898 896,1878 830,1913 778,1893 718,1920 628,1893 456,1928 357,1888 279,1901"/>
                <Baseline points="285,1941 319,1940 354,1939 388,1938 423,1937 457,1937 492,1936 526,1936 561,1935 595,1935 630,1935 665,1934 699,1934 734,1934 768,1933 803,1932 837,1931 872,1931 906,1929 941,1928 976,1926"/>
                <TextEquiv>
                    <Unicode>uff mit wittses bekandtlich</Unicode>
                </TextEquiv>
            </TextLine>
            <TextLine id="r2l34" custom="readingOrder {index:29;}">
                <Coords points="291,2022 299,2022 308,2030 326,2010 339,2013 355,2006 391,2019 398,2014 412,2015 421,2011 420,1974 392,1981 386,1977 377,1982 346,1979 328,1989 307,1973 289,1976"/>
                <Baseline points="295,2000 325,1998 355,1997 385,1997 416,1995"/>
                <TextEquiv>
                    <Unicode>fe</Unicode>
                </TextEquiv>
            </TextLine>
            <TextLine id="r2l35" custom="readingOrder {index:30;} number {offset:21; length:1;}">
                <Coords points="292,2059 422,2041 568,2061 707,2046 759,2067 981,2033 981,1999 874,2017 821,1997 707,2025 578,2020 546,1996 503,2025 357,2006 292,2024"/>
                <Baseline points="297,2047 332,2045 368,2042 404,2041 439,2040 475,2039 511,2039 547,2039 582,2039 618,2039 654,2040 690,2040 725,2040 761,2039 797,2039 833,2037 868,2036 904,2033 940,2030 976,2025"/>
                <TextEquiv>
                    <Unicode>Ob er nit als er wor in Jaren mit</Unicode>
                </TextEquiv>
            </TextLine>
            <TextLine id="r2l36" custom="readingOrder {index:31;} person {offset:21; length:14;}">
                <Coords points="282,2121 330,2101 591,2109 642,2086 925,2098 987,2073 986,2027 865,2064 281,2070"/>
                <Baseline points="287,2097 321,2095 356,2094 391,2092 426,2091 460,2090 495,2089 530,2089 565,2088 599,2088 634,2087 669,2087 704,2086 738,2085 773,2084 808,2083 843,2081 877,2078 912,2075 947,2071 982,2067"/>
                <TextEquiv>
                    <Unicode>vil ame Rosallen und Hans von Vinis sin</Unicode>
                </TextEquiv>
            </TextLine>
            <TextLine id="r2l37" custom="readingOrder {index:32;}">
                <Coords points="290,2144 372,2161 467,2134 927,2131 999,2114 998,2078 834,2108 789,2089 289,2121"/>
                <Baseline points="295,2140 331,2136 368,2133 405,2131 442,2129 478,2128 515,2127 552,2127 589,2126 626,2126 662,2125 699,2125 736,2124 773,2123 810,2121 846,2119 883,2116 920,2112 957,2107 994,2101"/>
                <TextEquiv>
                    <Unicode>mitthaffte nimgherre ziden zu gudt</Unicode>
                </TextEquiv>
            </TextLine>
            <TextLine id="r2l38" custom="readingOrder {index:33;}">
                <Coords points="273,2196 311,2178 392,2200 545,2170 835,2173 951,2153 950,2131 696,2150 639,2132 547,2153 422,2137 371,2162 270,2145"/>
                <Baseline points="277,2181 310,2178 343,2175 377,2172 410,2170 444,2168 477,2167 510,2165 544,2164 577,2163 611,2162 644,2161 677,2159 711,2158 744,2157 778,2156 811,2154 844,2152 878,2149 911,2147 945,2143"/>
                <TextEquiv>
                    <Unicode>si empfrngen vnd hzuer yde</Unicode>
                </TextEquiv>
            </TextLine>
            <TextLine id="r2l39" custom="readingOrder {index:34;}">
                <Coords points="287,2235 406,2209 447,2228 960,2194 989,2183 986,2136 912,2168 665,2168 608,2194 284,2189"/>
                <Baseline points="291,2216 325,2215 360,2214 394,2213 429,2211 464,2210 498,2208 533,2207 568,2205 602,2204 637,2202 672,2200 706,2198 741,2196 776,2193 810,2191 845,2188 880,2185 914,2182 949,2179 984,2175"/>
                <TextEquiv>
                    <Unicode>selben zu waren vd in dem</Unicode>
                </TextEquiv>
            </TextLine>
            <TextLine id="r2l40" custom="readingOrder {index:35;}">
                <Coords points="272,2269 314,2262 347,2287 486,2242 630,2264 686,2239 755,2255 978,2220 976,2192 948,2189 859,2212 817,2195 446,2229 402,2210 271,2235"/>
                <Baseline points="277,2257 311,2254 346,2251 381,2248 416,2246 450,2245 485,2243 520,2241 555,2239 589,2238 624,2236 659,2234 694,2233 728,2231 763,2230 798,2228 833,2225 867,2223 902,2220 937,2216 972,2213"/>
                <TextEquiv>
                    <Unicode>den solben ußzurichten zu bewittet</Unicode>
                </TextEquiv>
            </TextLine>
            <TextLine id="r2l41" custom="readingOrder {index:36;}">
                <Coords points="276,2305 347,2289 407,2312 483,2285 558,2311 729,2269 778,2294 805,2268 889,2279 975,2252 973,2220 926,2242 274,2278"/>
                <Baseline points="281,2295 315,2293 349,2290 384,2289 418,2286 453,2285 487,2283 522,2281 556,2279 591,2277 625,2275 659,2273 694,2270 728,2268 763,2265 797,2263 832,2260 866,2257 901,2253 935,2250 970,2246"/>
                <TextEquiv>
                    <Unicode>er zugfaren sich von dem gewahsrm</Unicode>
                </TextEquiv>
            </TextLine>
            <TextLine id="r2l42" custom="readingOrder {index:37;}">
                <Coords points="272,2334 619,2317 680,2342 726,2316 797,2327 988,2289 985,2246 882,2281 806,2268 769,2295 660,2278 551,2307 483,2285 450,2310 270,2308"/>
                <Baseline points="276,2328 311,2326 346,2324 382,2323 417,2322 452,2320 488,2319 523,2318 558,2316 594,2315 629,2313 664,2311 700,2309 735,2307 770,2304 806,2301 841,2297 876,2294 912,2289 947,2285 983,2279"/>
                <TextEquiv>
                    <Unicode>verschafft korn et g iin theil genoe</Unicode>
                </TextEquiv>
            </TextLine>
            <TextLine id="r2l43" custom="readingOrder {index:38;}">
                <Coords points="275,2373 443,2357 551,2382 588,2356 608,2371 689,2350 722,2370 757,2350 975,2344 974,2315 273,2344"/>
                <Baseline points="279,2355 313,2356 348,2356 382,2356 417,2356 451,2356 486,2356 520,2356 555,2355 589,2354 624,2352 658,2351 693,2350 727,2348 762,2346 796,2344 831,2342 865,2340 900,2336 934,2334 969,2331"/>
                <TextEquiv>
                    <Unicode>und ei dessebipe statt ußwanmaden</Unicode>
                </TextEquiv>
            </TextLine>
            <TextLine id="r2l44" custom="readingOrder {index:39;}">
                <Coords points="284,2411 332,2391 662,2426 711,2397 800,2407 941,2378 940,2344 601,2382 446,2360 283,2373"/>
                <Baseline points="289,2387 321,2388 353,2389 385,2389 418,2390 450,2390 482,2390 515,2390 547,2390 579,2389 612,2389 644,2388 676,2387 708,2386 741,2385 773,2384 805,2382 838,2381 870,2379 902,2377 935,2375"/>
                <TextEquiv>
                    <Unicode>und en das gutt gemest hab</Unicode>
                </TextEquiv>
            </TextLine>
            <TextEquiv>
                <Unicode>uff zinstag den 1 ag
rillis, des 1667 J ar
in by sin sper großs
Galluß galden ist der koffen
Amo Tapr von Guderffi
bsfragt worden
Ziegetan wie das ersampt
sine enthafftenn namlichn
geblauh rossallenn und
Jehan Drustiay von 3 jacl
den zenden empfangenn
den selbigem nach irger
verhessung gwitt ✳ uszgricht
Ist junit fürghalten worden
wordenn, obe er nit gut
forn hab genomen und
anstatt des selbigenn, uf
wennendenn vndst das get
gemist derergestalt das
Ist bekandtlich s habt
ein mell etlich liecht korn
so by dem anderen Zend
korn lag glich on alle
geuerdt darunder vermist
Doch ein doch Kornan
statt desselbigenn gnomm,
noch ein wäg 4ragsen.
dessige bn mitt verdegzemutt
uff mit wittses bekandtlich
fe
Ob er nit als er wor in Jaren mit
vil ame Rosallen und Hans von Vinis sin
mitthaffte nimgherre ziden zu gudt
si empfrngen vnd hzuer yde
selben zu waren vd in dem
den solben ußzurichten zu bewittet
er zugfaren sich von dem gewahsrm
verschafft korn et g iin theil genoe
und ei dessebipe statt ußwanmaden
und en das gutt gemest hab</Unicode>
            </TextEquiv>
        </TextRegion>
    </Page>
</PcGts>
