756 2392
600 129 691 198 16
83 106 710 253 Uff Donstag denn 3. tag abelleins
72 193 689 311 den pv unnd leyfers in g
68 248 721 364 wirtig keide Herr Symon wisten
55 301 699 422 brtg des uhts unnd hanh von
66 381 714 484 wertzer syngartt sen der sungs
54 418 674 521 gallus galdi großwebell etc.
42 472 639 591 Ist im duren zu Martzili
35 533 687 648 Andrss grillict Burttig von
41 582 682 700 wirdung vßz zum Luttringenn
46 648 418 743 befragt wordenn
33 800 698 896 erstlich von wannen er jar khom¬
44 857 695 954 mi vnnd wo hin sowe herb wellet
43 913 669 1014 ouch uss wasz ursachsen inder
35 979 642 1068 sr zu wangen gefrngen worden
45 1026 88 1078 ig
54 1124 645 1236 Bybg den brstgeid er konnnt
30 1200 640 1292 itzmal den nechstenn von sinen
21 1257 632 1345 einnentt usz Endtring₎ unnd
54 1320 652 1403 sig willens gan vom, da selbst
55 1370 657 1451 er vormals gediunset hab vnd
48 1423 660 1525 ein bruder da selbst verlassen
41 1482 672 1554 der Im sithar als er vernomen
5 1525 653 1617 gestorben sie unnd etwas ver¬
35 1575 614 1682 laheen hebe, des halb so
26 1640 637 1725 des fürnmmens söllich es zu
34 1696 622 1783 smte handenn sich uff die
35 1740 645 1844 straß begäbenn hab, als er
34 1807 653 1904 nun gann Balstal konnee sy
18 1859 671 1970 funde er den fußgenden gesellen
19 1921 677 2030 us dem schaffsyeelandt ✳ unnd
16 1996 671 2085 als er vonn den selbigenn usr¬
24 2041 677 2139 stundt, daß er gan Sollenthurn
16 2099 671 2191 welt, siye er mit im gang
