960 2640
223 72 928 208 vnnd hab die ander Im sin bur
227 165 908 263 Isten darin etlich beiket sin
216 221 936 330 harhosten und ein wansfewa
230 283 922 386 zu tragsten uff gabenn, alß
229 332 888 464 sigenn so biid den selbigen
225 388 917 520 tag von Vbelmogende irs libs
219 469 912 581 nit wither gengsn dan gann
216 534 915 666 Wirthischbach dan si beide
213 623 916 731 deea sich kein zerung habind.
207 682 920 779 dan was si von biderstlüter
222 754 898 856 erbätlenn, in söllichet gestalg
223 821 934 936 hab si der Hungst tribeen auch
241 900 923 1007 zu Wiettlischbach das almusen
229 961 925 1073 zu Hönschenn da inneu aber
244 1032 909 1160 enmenthafft mit wardt hs
246 1114 881 1211 habent sich gethelt iese
243 1167 904 1288 ein beder sunderbar gshuschn
237 1241 917 1345 unnd dar nach zu samme tra¬
230 1303 889 1408 genn in dem siger von sim
239 1363 912 1475 geslen dan wangste beben da
245 1434 848 1546 selbst die wirdet vmb ein
245 1515 877 1606 morgen brod ein heindlin
234 1576 879 1679 vf sins geselenn bundthsll
225 1638 909 1732 gabenn, vnnd als ein Land¬
231 1701 918 1808 man so da selbst zidt sach
217 1748 929 1870 der wirthin ein heidlin mast
222 1812 903 1920 gagkenn, do legt er etwas
226 1866 875 1975 gelts vff das barbossenn
221 1940 900 2042 so im buntel wass ✳ habe
214 1996 899 2102 abs nit mögen uerstanwas
207 2047 861 2130 s sagte oder mit mintt
206 2097 909 2212 vndee dem als so söllichs zu
198 2156 914 2275 drug kämmt sin geselt des
195 2215 833 2348 der buntel was darzu
