702 2362
606 98 639 143 115
34 108 651 208 Trannen er mitt denen Hupschen
97 161 642 261 fleyderen khomme, der die er
95 241 650 337 vnnderwylen henmbringt, de
70 316 662 421 furwurt geb es sihindt hùnsche
75 378 610 460 wyber zu Bern die gabendts
96 435 617 543 das er sy beschlafft etc. das
103 511 618 586 vrantwurtet er also. Es
96 575 641 672 möge sin, das er in sthimpfs
92 639 655 739 wyß zu sinen gsellen gredt hab.
87 708 618 804 alle sy in anzogen. wannen
77 780 642 871 har er mit dem var hosen, oer
72 825 633 932 annderem käne. Das er gsagt
80 901 619 994 gab, es habendt jas hupsthe
74 959 640 1056 wyben gan. Aber das er thiemit
63 1016 598 1106 gemeldet hab. wo vnnd wer
72 1088 593 1178 die stignidt, oder warumb sy
67 1148 623 1230 Iins gäben hebendt, das siye
68 1200 607 1288 von ihm mit gredt worden.
68 1279 606 1354 habe auch vff nemnants mitt
73 1323 624 1410 ernst gredt, vnnd mir allein
86 1377 580 1469 in spöttwarch widerumb gegn
70 1441 316 1521 inen tryben.
57 1485 587 1587 Das aber ertlich lutt wunder
65 1556 586 1640 nam, wannenhar er Im das
58 1606 600 1692 gällt khomme, das er so täglich
53 1650 570 1749 im wirtshuß mag zereneid
55 1717 584 1810 sellten dahein blybet Sig
55 1772 590 1860 nitt allerdingn also, wie dclag
48 1828 567 1916 ergangn. Dann er von vile
46 1891 573 1986 wagen der khunden, dieselben
54 1954 599 2030 zuuertigen, wol muchse daheime
54 2002 578 2102 sin de unnd die weechsten usach
