4000 3000
1364 274 2017 396 darann hab er im khein gefallen
1392 329 2050 461 thann unnd vermög sich desselben nüt
1409 387 2034 509 stig auch im mit zewüschen unnd
1398 450 2026 544 umb die zytt nie annderst bysun
1405 484 2034 602 bruder gsin, dann do er wo
1405 553 2036 684 hin an der in herrst gwöllen. Do habe
1430 604 2010 738 un inn sinem bruder hinder des
1412 669 2007 806 herren huse funden stiz, vnnd no
1424 726 2030 839 ein anndern Eytfm so ein gygen
1417 792 2009 915 geheptt, tunckent alda mitt ein
1427 847 1987 941 annderen uss einer fläschen wyn
1423 886 2090 1004 vnnd er blybe mir einest dieselbige
1422 958 2081 1065 by sinem bruder im Stall wüße
1440 1006 2038 1107 aber nitt wannenhar er mitt dem
1455 1059 2022 1151 selben win khaie, vnnd morders
1435 1122 1732 1234 zuge er sin fraßs
1440 1205 2088 1340 Wytters zeygtt er an, wie das er Jez¬
1461 1278 2063 1367 undt zu lerst zu Münstingen habe
1460 1329 2060 1433 funden, Iren zwen. Gilge den Hegler
1449 1380 2101 1471 vnnd Michel des wilhelben Handt¬
1464 1434 2063 1537 herren bruder, mitt denen er sich er¬
1475 1473 2041 1582 sprachett, dani des vordrigen Jern
1473 1529 2100 1613 by einannderen zu Bastell gstin, da¬
1485 1585 2104 1674 selbst er auch by den wirtten gedienet
1479 1638 2048 1737 habe, vnnd zur selbigen hytt sye
1486 1692 2051 1774 Nielaus jung von ostermundig
1480 1756 2096 1839 auf by inen zu Basell gstin aber
1470 1801 2086 1888 In kheiner bosen gselschafft, dann
1484 1856 2084 1940 das sy da gedienett vnnd framb¬
1498 1909 2070 1997 klich gehallen, vnnd nie In dhei
1497 1961 1882 2056 gfenckuug khommen
1513 2024 2088 2112 unnd diß winters har sye er der
1498 2077 2100 2173 zum merchen theyll krennck gsin
1482 2143 1853 2232 unnd übell gmeyen
