806 2346
108 44 740 162 Anlaß ein frouw für nath kher
116 116 740 209 sige. Namlich alle sin frau
120 168 711 268 disen wincher her kanck glägen
71 222 725 319 vnnd eegundt widerumb ande
116 288 706 396 spyß khommen habendt sy die
112 345 751 440 nachbürmen beredt, das sy heyun
119 409 742 512 befuemlichere spyß bruchts, Jaaus
118 466 741 562 den thorwartt, vnnd annder da¬
111 531 752 625 hin vermögen, das sy Er. an mi¬
118 585 707 682 nen herren erlangt, sye. ir g
106 649 725 751 geschwerne Meyster zubesichrigen
106 713 682 814 unnd zuprobieren, wölche
114 773 764 866 doch Emne Ruchen gantz nizit
103 824 753 925 gesagtt, wie es vmb sin frouw
103 893 713 990 ein gestallt hätte, biß das er sy
105 949 723 1044 die Meyster über ein bytt dern
98 1011 654 1125 nach gefragt. Do sprachnit
96 1076 677 1165 sh erstunde wol umb sy
61 1155 715 1259 vnnd alls er ouch darnach ge¬
101 1214 730 1320 fragt warde ob siner frauen
20 1249 100 1283 wert
23 1279 87 1318 wüsse
102 1276 693 1368 nitzit worden ware, vff das
13 1310 80 1341 nar
17 1338 92 1398 unf
115 1320 682 1429 ige sy inn sinem abweisen
90 1399 733 1509 angwisen worden von den nach¬
91 1447 716 1551 wirinen vnnd dem thorwartt
88 1484 732 1624 für nun qe Herren zekhommen.
82 1559 711 1689 vnnd der thorwartt hab ouch Jra
70 1630 684 1728 gsagt, das alls se er unnd
71 1690 673 1805 annder von Frarurägn mitt
74 1743 708 1862 herr wnner sager grede. Do hab
64 1804 718 1909 er der Hernn veiner Inen geatten
62 1855 668 1976 das wo sye sin suches frouw.
593 1938 720 2014 jenen
