1153 2782
825 26 891 117 6ÿ
110 89 900 215 an derslbett, niemanes mit
119 133 839 269 erden zu deck fundenn
109 187 920 333 anttwurttett er mit dessterminder
113 268 946 405 fraulich, es seg alß ergangen
121 318 926 443 wie ergsuigtt hab ✳ denn sy das
112 380 909 502 ortt mit wasen widerumb besetzt
111 469 314 581 habindt
101 574 855 694 Denne so bekhenndt er sich
117 639 863 739 nof vbel geiten han das er
103 698 880 805 Dnen sixes bkoufft zuͦ thmn
112 760 875 873 houfft hatt unnd inen zy¬
123 810 886 930 treyet batt, doch uß forchtgnns
104 878 879 973 wo er inen eiküffe, nch nit
295 939 386 993 moch
111 939 914 1056 entgan wurde, denn das sy inne
94 1004 819 1113 des nechsten so er Inen wurde
94 1086 564 1185 ouch ermurdetten tc.
58 1215 832 1361 Demn hart er verrechen, das er
90 1310 843 1405 zu lettst ouch hab wollenn den
82 1354 870 1484 Schulttgeyssen von Spietz usspachen
92 1413 813 1517 vnnd den zweyen so im boldt
82 1467 871 1592 Wordett ver zeygenn, doch nit
86 1525 870 1645 wellenn holffen Murden, dann
84 1576 833 1707 im benolchenn er solle lucen
45 1648 830 1770 fro hins der schuldtheyss habe
47 1696 843 1837 wellen ratt vnnd daselb inen
71 1753 786 1894 eundt unn unnd habe im
46 1817 832 1981 zwar woll daran grußett aber sy
49 1878 795 2043 habend in wol dar zu bracht
51 1996 884 2220 denne was sy die zwen wuthers
53 2083 851 2261 inn der uw unter von der
48 2113 840 2342 Hhandertruck mitt dem meöttli
46 2199 829 2386 handlett mast ers by des
23 2226 794 2444 Meyttlis anzeygung erlyben,
