865 2378
623 69 692 142 124
104 95 713 228 Uff donstag den 1x apprellen
66 183 684 293 In bisin herr Sebestian darinen
79 247 679 339 des Pattyr Bitzins Brigglers
83 301 662 394 der Burgeren, Ballus Baldig
89 376 396 470 Großweeybells etc.
78 474 665 575 Ist zu Marzeli im Stubli
85 546 714 654 Hanne Beygsthytt befragt wnden
82 660 686 757 Erstlich von Wepen der laup
80 716 711 831 sich kupp von Hindelbanck erklagt
80 779 725 891 sëche die kpofe uß dem seckell nachts
81 848 685 948 er schlieff genommen werden sin.
75 909 701 1013 Er veggsthytt mornder Innnt ei¬
90 964 705 1062 dickpf. widergaben. Das wol zu
97 1027 665 1118 muttmassen. Er habe ims ent
83 1095 298 1175 frömbden
87 1162 717 1262 zeygt an. So sig mit minder denn
95 1232 679 1328 das er vi dickst dem Puppen
97 1295 690 1386 gäben von frid unnd tuw wägen
97 1357 663 1441 unnd mit von deß wägen, das er
90 1416 691 1510 im sy entfrömbder hab. sig auch
86 1470 710 1560 im nit zwüsen, war sollichsge
92 1538 693 1615 than hätte unnd michell sach.
109 1575 703 1680 s ouch domaln by Inen zur Gilgen
92 1628 717 1735 über nacht gwäsen, habe inne Regesthy
90 1701 675 1773 am abendt daruor, ettwas gultes
102 1748 690 1856 zu behalleen gëben. Daruß hab er im
95 1820 702 1914 die vi diekofen rleytt, mitt seinem
108 1876 680 1964 Michell zächen wüssen. Der mitt
112 1935 664 1997 darwider steytt, darzu wäre In der
111 1967 692 2079 selben nache Micheli säch einet ef
106 2032 674 2122 gstanden unnd für das hußgangen
