4000 3000
2742 586 3340 697 bscheid er möchte es villicht
2752 661 3320 748 gredt haben, unbsinder wie
2706 725 3325 824 darzu in geursachen das
2746 783 3335 880 er denen so in gfangen, das
2756 845 3327 949 recht führgschlagen, des s
2771 910 3394 1011 sich aber denis wegs ersts
2742 955 3347 1065 Lassen Wellen, da siye er¬
2740 1027 3360 1123 In doberen in seckelmester
2752 1090 3363 1195 Wolff husz gant u wychenn
2739 1149 3321 1241 daselbst er als die so in
2751 1211 3349 1311 farten welten kommen, so er ob
2746 1269 3288 1358 zur lontz usgserung₎
2721 1323 3320 1430 Da eines ein den stägkl
2731 1376 3332 1495 uff in gschlag₎n unnd
2740 1437 3377 1540 Im den schade uf dem honet
2731 1494 3359 1613 zugfugt zu dem er gsagt
2722 1545 3337 1652 Dorfe, min also mit im Ge¬
2733 1609 3334 1724 hanndlen, er wölle sich sonst
2736 1678 3301 1785 guttwillig gfang₎ geben ✳
2730 1763 3351 1893 4t als man in fach wellen
2721 1829 3324 1958 das er gen vnderwalden vnd
2708 1902 3388 2006 Ins seb ober sibenhal gwichn
2723 1957 3277 2050 nach dem er wider umb
2721 2016 3359 2114 aheinsch worden, sye, das er im
2745 2069 3339 2177 ins stofnaters hus gennt
2741 2118 3329 2241 nd der vatter dussen bliben
2718 2181 3311 2285 müssen, hat er heruff
2710 2248 3276 2343 geantwürt, das nit mind
2708 2302 3323 2401 dann, das er durch Landtlin
2728 2368 3326 2458 gwarnen worde ein zu lang
2722 2413 3273 2519 abzuwütn bis das ettwan
2748 2471 3299 2583 desser wurde, da sye er¬
