4000 3000
2644 1718 2709 1797 1
2769 313 3387 412 beider vätter eemandern sefrunde
2772 361 3359 453 habennd Er melcher sy
2791 411 3374 502 ouch mi by zum glägen nach
2776 449 3367 532 dem sy ann dem vorgrichtt
2792 496 3389 581 mitt einanndern, vsin Speunder
2784 540 3393 622 Ist inen durch min 9 herren
2772 581 3390 670 yedem etc. N zu einer straff uf
2790 629 3377 707 gflett mit abwag alls eostenns
2778 678 3248 755 Aetum 13 feb 156 7har
2874 702 3358 796 Do dem putibus obstatt
2770 767 2940 845 zu geig.
2779 802 3389 901 Ist melcher Cristen von obgenwetten
2786 869 3278 946 Hanndel befragtt worden
2778 963 3360 1058 Der frundtschafft hatb zing
2769 1024 3388 1109 Er an wie obstatt Namlich das
2761 1074 3389 1143 zin nitt ihwüssen syr wider nach
2769 1106 3388 1192 sy ein anndern gfrundt sgenndt
2778 1173 3340 1242 wil ouch nitt bkhanttlich noch
2794 1238 3365 1292 anvnd Sin das er mitt pre¬
2782 1261 3418 1345 ett was unverlichs habe gehandlet
2797 1313 3345 1389 noch Frageunsthafft ghan
3050 1350 3358 1409 ggen zugenure
2806 1367 3380 1453 Des biligens habs kan er
2799 1428 3345 1488 nitt ab si dan das er
2807 1466 3351 1539 Zum anndern mal by inen
2815 1508 3339 1589 anden gelägen aber wie
2818 1554 3370 1635 obstatt mitzit mitt irenn
2853 1606 3401 1678 nstgaffen geuptt sonder uff
2828 1643 3342 1724 dic webe sich zu Iuen gelis¬
2809 1720 3367 1818 Zeigtt ouch an wie das eo
2813 1778 3366 1856 Ach uff Binmal zugäbenn
2812 1833 3371 1908 Das gedachtten witgelmen
2811 1873 3338 1944 bruders frouw kindts lag
2808 1919 3376 1985 vnnd sins melckers mutter
2808 1956 3343 2031 zu irun ging, do sye er
2811 1997 3364 2068 darbso mmen willend sin
2806 2051 3352 2123 mutter zureichen, ls es
2812 2090 3403 2163 aber vber die mittenachtt was
2821 2119 3422 2212 dyr er uffzin iu die kamen
2809 2184 3402 2258 genngen unnd hab sich ann
2812 2222 3407 2303 gedachttes wilhelmen hun
2799 2275 3406 2353 glegt doch nit des pinemeno
2783 2312 3410 2394 das sins wilgelmen frouw
