4000 3000
2597 1227 2667 1322 fee
2581 1379 2670 1458 se
2558 1510 2672 1585 e
2646 1313 2695 1382 sui
2727 389 3340 480 Inne gepatten unnd gschikt haben
2754 444 3338 540 gen Meünwingen zum wirtt
2735 493 3336 602 Ludwiget Häßler zegan unnd
2764 557 3344 666 vonn demselben 8 kronen zefar¬
2761 635 3343 722 deren, Alls nun er mitt ettlichen
2766 691 3354 787 zu Münnstiigen ztisch gsassen unnd
2764 755 3350 854 das fleysch fürzragen wardt, sagt
2770 820 3346 908 einer zu Im. ob er auch nit wolle
2767 881 3297 979 fleyschassen, do antwirttet er
2759 943 3359 1038 kein, dann er wöller mit wide
2783 1005 3335 1102 sines Herrnn Mander thun vnd
2776 1079 3331 1164 damitt er sy früntlich diser frag
2785 1132 3380 1229 halb abwyse sagete er wytter zeutr
2790 1195 3344 1287 we zu inen, er wäre ein lussr
2769 1252 3356 1341 sy wöltindt unnder ein annder
2799 1312 3336 1410 sunst ettwas kurtzwylligs zellen
2753 1381 3351 1479 vnnd also hab er in guter meynn
2789 1437 3346 1530 vnnd als In dunckt das ers
2780 1501 3336 1598 mere gehöret hab, söllichs gsprochen
2768 1553 3273 1644 gouw Byel unnd hauw geet
2764 1618 3327 1712 Disere statt muß heyssen der
2762 1679 3312 1777 uff seinlichs einer fr Mittna
2779 1738 3332 1831 men Bendiht mit wytt von
2787 1804 3312 1895 Münsting vonhafft, mit in
2776 1845 3326 1947 stössig wurdt umb das wort
2766 1916 3341 2011 nammlich unnd systatt uff Byell.
2775 1969 3296 2073 das er sollen daran gehencke
2781 2031 3348 2122 haben, wolches aber von im dhein
2779 2090 3324 2181 wägs beschächen. Do wollt der
2788 2141 3346 2244 selb befindicht jnns gschlagen
2785 2201 3371 2295 han, vff das er der zukoft, Imnel
2769 2251 3338 2353 das Pächt darschluge, unnd sich
2769 2324 3321 2421 erpotten, wo er gehallen hätt zum
3208 2387 3327 2474 Rachtn
