1007 2688
359 143 1006 331 uff sunstag den  lah
330 271 980 393 In bywäsen herr Jacob Wyss
348 326 991 454 des Raths unnd Ballns Gr
345 399 916 520 dis des Großwystells etc.
505 493 929 609 Luria Lochman.
314 571 991 711 Ist in Bittlingers turn befragt
339 656 980 777 worden, uß was ursachen sy gfung,
336 718 867 830 flich alhar gfürt sy worden.
340 800 979 930 Bibtt daruff den bestheydt sy
340 900 932 1000 trachte wolln, darumb das sy
335 975 959 1083 minen 4 f so wenig sige pe¬
335 1025 955 1140 horsam gsi, das im leydt
353 1079 960 1216 ye, Aber domaln alls sy nichst
349 1172 958 1277 vergangens zugstens hinrag
346 1235 942 1347 zogen. Hab sy sich mit bespers
351 1309 945 1421 verstenden. Darin hab sya duch
340 1387 974 1510 bewegt, das sy zu Isthlismat
340 1448 936 1580 von Irem vorigen man, noch
338 1531 953 1632 zwo töchteren habe, deren eine
344 1591 967 1729 Jovaln in kindtsnott gwäͤssen
338 1664 956 1797 vnnd die selb zu Eraze khommen
337 1728 930 1857 begarn hab, sunst sye sy vast
348 1782 923 1919 engent von Erem man hinwug
334 1834 523 1945 gschöden.
343 1941 941 2075 Daruff wythers gfregen. ob sy
348 2009 923 2126 dann nit mitt irem man
355 2064 922 2192 das gutlin getheyllt, vnnd
340 2129 921 2285 Irgebürenden theyll hinwäg
338 2202 925 2330 gfür. warumb sy dann on
829 2336 972 2413 erloees
