4000 3000
2786 533 3462 708 daselbstit woll Erkand die sissingst
2793 613 3388 710 unnd immer baussenn zu Eekart
2772 665 3395 775 die Im beid gfrundt sigende
2777 717 3392 815 da selbst in der gägny unbbar
2781 766 3397 875 bekhendt er sich mit diebstalles
2776 828 3389 924 Vnr griffenn han das welle
2770 887 3393 990 on alle martder alles versei
2776 944 3400 1050 so säch doch woll sr hab sein laben
2770 1011 3391 1111 verwurcktt bittett man solle In
2766 1066 3204 1154 nur nit marderenn
2782 1126 3356 1258 Vff seinlischs hin hatt so
2746 1229 3353 1315 hie nach genamptde diebstsl
2752 1273 3357 1390 vrriachenn, Erstlich zu Ist
2740 1329 3346 1432 Hansen thouby ein kubleine
2740 1393 3356 1499 fol aucksenn unnd ain bösbar
2746 1456 3350 1559 gedeibts barhossen genommte
2732 1522 3324 1617 doch habe er dem selbenn
2741 1586 3372 1678 bein zwey Jarenn gediennett
2722 1638 3373 1722 vnd von Inkein lon empfan¬
2720 1693 3354 1792 senn absr des selbigen frgu¬
2736 1752 3367 1848 wen us drren drog ein pronti
2715 1809 3316 1918 vnd won dickspefennigfehr
2712 1866 3112 1958 stollenn, damine
2697 1946 3359 2064 Denne Sreffenn Bugst da
2710 2023 3359 2122 selbstet, ein wyß berlossen unnd
2702 2082 3367 2192 sein diw barsthu endtfrombdet
2680 2188 3344 2305 deßgelichenn auch dem scheid
2670 2264 3169 2369 hauß ein kass gnon,
2655 2334 3232 2451 Item Marti Bandrrystetb
2669 2414 3317 2503 Bandrröttsten zu Brüdelenn
2664 2470 3314 2555 uß einesen droßf den er mit
2644 2504 3344 2615 einein biell hatt uff gewäcste
