1070 2529
374 182 1048 283 ouch dannenchin Rechtlich fur henam
388 259 1042 355 vnnd hieruff stige er hinwig zog
371 325 1044 411 vnnd alls er by den dryensfer
363 389 1046 489 Eßlendisch gwisen, wies haben
669 454 736 504 wir
407 468 1028 559 vernommen wil sy zu Geuff
404 539 1017 646 by einem vredrann dienotte¬
424 595 1040 705 daruff er langent gan Geuff
406 689 1038 782 kheit, deßwillens sy alda recht
407 759 1051 848 lich zeberlagen, Habes etliche
389 811 1050 900 Im wider kagten unnd zun
391 866 1043 966 gesprochenn, er sölle verzichten
394 907 1051 1025 entzir sa. in uwer minerp
379 992 1034 1066 lrind unnd birtt durch in
367 1045 1039 1133 beträtt werde, möge s dann
378 1080 1052 1180 fugckliche umb sollich laste
373 1152 1041 1226 Eich zugerite wortt mit nich
388 1202 1045 1294 anlangen und betlagn. jedoch
363 1263 1039 1346 habe ir mit vil gedachter ✳ ur¬
377 1317 1016 1392 Sana peret vnnd zugrtun
368 1369 1033 1455 gsprochenn s wie weistù s
376 1407 1045 1503 woll, das du mir mit söllich e
370 1472 1024 1559 vervliebtzliche tet vnricht
359 1522 1048 1602 dust ✳ mich ouch faldtszlics sce
374 1562 1039 1651 und angäben schuß duff söllich in
370 1622 1040 1701 rndtt ist syn vor inne uff de
368 1653 1041 1741 erden pfallenn und inne söllich
375 1712 1032 1795 zugeretten wortten widerett und
380 1757 1035 1837 entschlagen, das wolle sr uffris
374 1810 1032 1893 tenn und erzegen. doch abs
378 1862 1033 1937 nach dem allein. ist se widerum
368 1910 1017 1992 die vier jar in francktnrich
380 1960 1027 2049 uff den hochenn schullen umb
370 2003 1009 2100 harzogen byß jetzunder in de
358 2070 1028 2155 landt ist tumen und sich
371 2127 1018 2198 minen g. Herrenn in uwse
360 2173 1017 2257 gnaden gradt begäben
