1134 2532
407 161 1022 273 Bibt hierumb den bescheydt
429 247 1055 332 Es sig nitt minder, denn das se
445 305 1070 387 von wigen fugliches versprochen biß
444 361 1075 452 sin zytt sya angwysen hab, wenn
431 421 1077 516 Ir murer oder andere Ire frud
435 471 1076 579 fragen wurdend, wer sy beschlaffen
439 553 1073 648 habe. So soll sy von glimpfs
440 602 1074 713 wegen sagen Es bekenne ira ein
435 656 1083 764 hupscher Junger Edelman, uß dene
443 736 1066 796 demen die damaln vn Minen
440 778 1077 867 burg daselbst in krieg fürzogen
453 850 1067 927 derselbig habe sya mit glag
460 905 1063 999 waren und gröse verheyssung
458 989 1051 1071 überkhommen, org hient
462 1048 1072 1115 alls Ira sins namens ei
464 1104 1082 1198 handegschrifft gäben, syn sin
482 1159 1102 1272 willens zepflegen überedt
486 1258 1047 1345 unnd wann man sabe von
495 1320 1075 1393 des Zedels nögen fragte w
499 1378 1064 1459 sy den selbigen habe. So soll
507 1437 1024 1525 y seg sy habe den selbig
498 1484 1015 1567 gerlaren vnnd des namens
497 1553 1054 1646 gerassen. Das er aber Ir
485 1626 1066 1701 innsonderheyt einen namen an
488 1678 1050 1768 gëben hab oder in ernst sya
486 1734 1047 1813 angwysen das khind einem
479 1787 1029 1865 anderen ze gäben, Das sy e
477 1849 1062 1936 thens wichs beschächen dann
482 1904 1085 1994 tra wol zewüissen, das er iro
476 1951 1070 2056 stätts gsagt und versprochen
470 2029 1056 2113 hab, sya nit zuuerlassen
465 2078 1081 2166 sonnder des Kindes vatter Zesu
478 2146 1039 2235 unnd dasselbig zu erzüchen
