876 2313
69 151 738 243 vock eomen uneins worden.
152 194 731 296 dzs billis frouw nach Im
52 232 771 355 Billin geschickt, der daher komen
81 306 753 397 und sin srih frouw ver
86 350 737 460 Den 0fl huß nider gschlagen
76 410 729 515 darzu er sruch ouch komen
73 471 704 576 Da hab er dennselben billin
71 519 704 616 in ein arm gstochen, sithar
113 587 698 688 e gesagter Blli nie inn
95 641 719 736 sin hus kommen ✳ dann als
101 689 732 792 tuan sur bruder die er pholt
98 753 689 843 pfengeklich alhar furen in
104 807 697 902 gfangenschaft einhalten und
99 864 687 948 ouch gricht sye ir eins odr
56 918 709 994 Ottliche mat komen vnd von
70 978 707 1065 Im struch erfaren wellen.
93 1032 694 1115 wzs seine bendt gehan haben
80 1076 669 1169 dennselben er usf sinem hes
96 1140 710 1222 hinswag getadiget mit anzeig
94 1197 698 1263 Er sol inn Ririg lassenn
91 1238 748 1334 Er wüsse wol wie sy standen
86 1293 692 1387 verhalt ihnye im obgesagt
80 1349 651 1444 bucher sthanntlich vnnrechtt
71 1400 666 1503 vnd wil ouch gantz und gar¬
64 1462 670 1564 diser sach min kkantlich sin ✳
278 1565 588 1677 Hanno Bylbi
53 1663 635 1786 Dennr Hanns Billi ist
89 1728 674 1815 m bucheren ouch vnd onsw
98 1779 664 1876 gfürt hatt gesagter Bucher
105 1841 644 1917 Am ouch als den anderen
93 1885 648 1978 anzeigt und zuuerstann
90 1940 704 2028 geben, das im auch wol bewüße
92 1985 684 2087 sye. wie sich vorgschrybne sich
