819 2439
337 119 580 186 anzeigen solle
639 133 693 192 83
67 167 668 245 vertuffen, habe unnd uff
182 227 666 269 ir verantwurtteng also geben,
83 227 646 317 blichs hatt sy angezeigt wie
64 281 682 379 nit minder als sy by vermeltten
60 329 691 425 haringen, gedienett hab sy leyder,
64 394 677 475 bywonung mit ime harigen
56 444 697 534 gheptt, aber doch nie vermeint
46 498 724 601 noch gwüßt das sy eins kindtsvon in
65 553 682 660 schwnnger sye dann sy irzu¬
61 616 683 699 Jedem, monatt Ire frannckhritt
56 672 698 778 wie ouch anndere wyber gegeptt
58 718 638 817 jedoch sye sy nach dem stile
63 783 682 867 meer sy harmpx gsin ✳ uff ein
70 826 696 926 zit inn der Braptsthal zu dem
62 880 721 988 selben harmy₎ komen ✳ jn ange¬
50 933 653 1036 zeigt es beduncke, sy sy gannge
55 976 657 1082 mit dem kind hab er ira ge¬
57 1053 671 1133 anttwurt es se mi und möge
45 1089 653 1184 ouch nit sin sittmaln sy och
43 1138 718 1252 ye zu Ier wuchen ire ziub
37 1200 632 1297 unnd brannkheit habe yedoch
48 1255 697 1347 wan es sach s das dem also ware
44 1309 680 1401 soltte sy das kind zeeren brinden.
44 1354 688 1450 unnd inansthen. Das harig auch
6 1417 691 1521 für und fürgleugnen hab, sy ein
44 1468 667 1569 wol bkantlich sin könndten wie
38 1530 616 1629 wie wol sy wie sir vor gredt
34 1582 657 1676 dein eigenschaft, das sy mir dem
10 1625 643 1727 kind ganntzen sye gwüßt hab,
6 1686 688 1791 darumb und usz der ursach mochte
39 1746 694 1844 sy villicht gredt haben uns singer
22 1802 668 1891 wys die so sy irs vnerbaren
10 1867 638 1947 labens mit harige getreben.
33 1898 651 2006 gstrafft, unnd gsagt sy sie eins
22 1960 653 2057 Bides schwanger die selben
27 2025 675 2109 wibs personen lieginr als kindts ✳
439 2084 691 2146 wenderbeine
115 2097 414 2187 mit zehen zreden
