4000 3000
2998 412 3362 502 f sambstag dem
2923 477 3374 542 erstentag hornungs un
2906 513 3434 602 pr t Lurii far zn gegenwert
2897 549 3419 630 beit herren Niclins stporren
2909 596 2960 659 e
2728 629 3405 731 Ist in der Hheffi Tosur Kißlins
2770 686 3426 767 Intreffennd unnd von wegen Turing
2752 735 3366 804 Ernkartes warmus er zun
2734 778 3370 851 also inzuche unnd zu zen zn
2767 825 3381 896 zi er bebuhung mitt einanndern
2747 869 3343 946 grassind vber das das Er
2750 909 2828 977 Es
2834 912 3365 984 ling wol gwüst der er
2741 965 3438 1043 fricfhartt uff der cantzel verrufftn
2742 1005 3108 1075 befragtt wordenn
2750 1096 3427 1199 zuigtt ann wie das es nitt minder
2754 1178 3401 1240 dan das er vor ettlichen tagen
2755 1220 3377 1272 ain ruchnung mitt dem wirtt
2774 1252 3411 1332 zu Tgun erstatten müssen us
2753 1287 3416 1372 deren er nitt khommen mögen
2752 1337 3356 1420 deßgalb er zu gedachttem
2740 1381 3405 1468 ernthartt gangen zu gebätten
2735 1443 3353 1501 das er welle so wol thun
2757 1468 3413 1566 unnd zu uß gedachtter rechnnng
2763 1532 3385 1614 brichtten das eer den getgan¬
2755 1576 3395 1657 unnd habe den also gesunmert
2752 1619 3390 1710 was im der wirtt zu Thun
2779 1660 3261 1739 sohn schuldig beibe
3262 1682 3391 1744 habe
2768 1714 3421 1786 in nach söllichem fr frickhart
2760 1755 3372 1840 gladen mitt bute zuͦ nachtt
2776 1799 3390 1876 runssen, das er Jhan vnnd
2780 1843 3404 1926 als sy mitt ein andern zunach
2756 1887 3417 1969 assen thei gedachttans fruckhan
2740 1944 3372 2019 vogtt unnd funde sy da b
2734 1989 3393 2046 dinannderen mitt welchem vogte
2726 2029 3408 2110 Er kisz ling nachwertts gemigien
2747 2070 3394 2155 Der tnd ouch erdnnt er söltt
2759 2123 3375 2198 einen frickgartten mus sig gan¬
2762 2170 3397 2222 unnd vber eus gabeergen
2752 2219 3393 2286 vetttere Eye er nie mer by den
2741 2259 2930 2332 gnwäsen
