4000 3000
2644 1465 2713 1554 und des
2769 358 3511 472 Denne sih Er dem Hansen kuffer
3168 420 3517 495 vmb 1 roß ix kron
2798 436 3165 520 wyrtt zu wangen
2806 467 3487 567 schuldig dasselbig hab er vertuschen
2814 523 3489 608 doran symon entlibuch vi krowen
2811 580 3495 667 nachzugäben versprochen, die er vor
2804 623 3501 717 dessit wäͤgen Nitblin weltsch frantz
2811 676 3229 776 sun doch schuldig ist
2806 764 3492 852 vnd von Michel dem altten wyrtt
2882 816 3500 894 hindelbanck j ros kufft umb
2805 850 2862 911 zu
2860 857 3502 938 bron so er noch schuldig, dasselb
2801 908 3500 993 ros Hansen Notinper umb vi kron
2800 956 3007 1042 verkufft
2769 1048 3461 1138 Henns waltti wyrtt zuͦ fruwen
2795 1110 3499 1189 brunne habs Ime von ei pantzen
2805 1147 3486 1240 so er Ime genacht hatt, den lyb vnd
2799 1190 3474 1299 des bar Ermel gelychen vnd für¬
2794 1249 3462 1352 gesetzt damitt er zu Solochuen
2792 1298 3471 1384 einer oberkheytt köndts siner an
2882 1345 3344 1437 1 mußer darleggen
2790 1369 2886 1421 beyet
2809 1368 3470 1481 Sollichen lyb aber darnach zu Ba¬
2800 1441 3448 1525 soll umb vi kronen uff wider
2803 1488 3473 1587 losung versetzt ✳ dis ermel dem
2799 1545 3468 1623 Martti zuluffe zu Burgdorff vor
2896 1584 3472 1663 von dem halte mir in broe
2783 1599 2901 1660 kufft
2789 1622 3465 1708 vff die selbigen ermell von Wälttin
2797 1661 3440 1757 impfangen, uff das hin wo er
2785 1724 3414 1792 Ime das gantz pantzer so er
2845 1753 3417 1819 ne umb xv kun̄ verding
2819 1791 3431 1867 hatt ußmachte wellte wält
2801 1833 3444 1904 Ime die Kurel daselb obgenent
2794 1879 3194 1956 fer ermel lassen
2800 1937 3444 2029 tem von einem Landtman so man
2803 1990 3432 2067 Schwarttman nent habe Er vnd Ma
2785 2032 3436 2119 wie füchs der schumacher zu Buren
2906 2071 3438 2145 ij stierli kufft vmb ixkei
2786 2089 2913 2149 dorff
2792 2103 3402 2189 vnd sidt aber der ander nitt mehr
2994 2145 3414 2233 so heusthe nun der selb
2767 2168 2983 2222 inn Land
2770 2178 3414 2264 Landtman der gantze schuld Inis al
2861 2216 3393 2305 so er mur 1 andhand guor
2781 2244 2864 2289 lein
2781 2247 3418 2345 habe daselbe willens in sin Iußhal¬
2795 2285 3388 2378 tung zegebruchen, do hab in der
2778 2324 3400 2419 wirtt zum im beuchtall überredt
