1023 2580
225 63 884 160 unnd alls iren vil alda by
242 133 921 237 ein annderen gstin, die habende
236 196 921 301 im stetts ze rrincken gäben, also das
249 265 933 377 es mitt wyn vost beschwertt und
249 342 626 421 wol worden.
269 439 906 533 Daruff es befrafft worden
291 513 889 615 mitt wolchen es ußs dem selben
295 574 880 690 huss gaupen unnd woes
297 643 813 746 über nacht blyben sic.
297 703 917 797 fntwirt es. Es wusse mit
297 780 941 871 mitt, wein es gangen ouchtess
306 834 918 952 hinkhommen sig. dann das s
312 912 925 1027 sich mornderst am magen be¬
304 982 946 1085 khant in sins meisters schueren
300 1052 921 1146 Im stall über nacht gsin sin
278 1105 936 1199 vnnd niemandts annders ersachen
331 1177 948 1280 dann allein Petter Bichselli
330 1229 918 1349 bstagt ob er by im glagn
424 1318 930 1404 Amwirt. Neyn
349 1340 425 1404 sih.
341 1377 971 1482 weder er noch yemands annder
364 1456 815 1536 das im zwussen sig.
368 1522 959 1623 Denne ist im fürghallten, Es
370 1584 944 1693 sig doch wöllen dfischbach uff
373 1660 948 1748 am selben abendt. by im in
376 1724 912 1796 einer metten näben dem
380 1785 965 1858 zun funden worden. Ant1
380 1842 968 1942 nenet, es mag bschächen sin
385 1913 977 1995 oder nitt, Dann es wis mit
389 1964 983 2050 drumb, daes immassen
400 2030 968 2125 siges mitt wyn beschwörtt
398 2098 594 2178 gein.
