954 2453
18 207 87 294 1
19 293 71 338 1
11 437 65 487 11
715 46 787 94 28
122 52 825 177 uner hr land in sin her
118 143 822 258 hätt darzu ouch die unnah
101 217 781 326 im unbekant vermeynet e
115 288 799 382 malen nitt vnrechtt hieran g
800 318 898 398 .
134 355 813 467 ouch angems uff dem vorge¬
99 435 783 523 salttun eyd willens gwässen
84 489 800 589 Inn wolles, dann das er von
92 556 857 660 wegen der vestelent in sorgen
92 611 903 717 er wurde nitt ingelassen hienssert
91 691 808 784 thalb lands blyben deshalb
96 747 841 841 was er do gefaltt hab se uss
96 801 803 904 vorheytt bschechen vnnd bitte
105 854 795 962 Ich nun g. herren umb gnad
107 928 570 1031 unnd verzihung etc.
90 1021 785 1149 der buchsten halb sagtt er in
103 1103 796 1200 dheyner bosen meynung ge¬
95 1167 845 1266 tagenn hab, dan sy ouch zuschie¬
88 1219 836 1318 sen mit grust siy es unnd das
95 1279 809 1376 daran srrohen, vmbher gmacht
62 1320 830 1434 werd had dieselbe bin buchsen
86 1380 859 1489 im Hanns Eihun so von brentig
78 1423 847 1541 koffen usz die saacher kilchrej uber den
57 1482 846 1597 Täber barg zum genstbrinnen zogen
65 1540 823 1666 uffgan das ers solle die selbe ull
57 1610 762 1719 Burken seschafftt zu bleyckn
73 1676 811 1773 am ansoltter bang i bringen
44 1716 810 1826 mitt anzeygnng wie de Burcken
44 1767 825 1902 die bischsten hab von Hausschmiden
41 1815 806 1960 er khaufftt dan der genant schend
35 1875 826 2040 ettwan uffer an bucholtter berg
23 1923 787 2085 kkomen. Denne so wer sin große
44 2000 828 2149 Enderchänigiste pit vnnd begar das
49 2041 788 2195 wo muglich ir nun g. herren In
43 2089 808 2242 begnadoten so woltte er In gnten
40 2136 831 2306 treüwen In allem gehorsam si dan
34 2188 431 2301 sie ni mer etliche
463 2256 826 2351 ex jar in vwer
