783 2375
637 110 664 166 2
141 111 676 219 Codem x vorgenamt₎
146 180 684 272 tag. Ist durch Herren
174 232 679 323 Großwerket galles galden
172 288 696 387 Inbywäsen derveesolen
176 348 638 444 miner 9 Herrenn
40 431 676 567 Bachla Salmiser merin sal¬
57 531 630 618 musers des Jungv alhie
31 576 666 670 erliche husfreuw abermahen
61 632 677 720 inn der frouwen beffien
56 687 696 768 umb das sy den Jacob Rostn
45 727 661 819 von safersnen, Iren Erundt
42 784 681 888 uffgwisen ✳ dem nichetas gatt
54 847 655 938 scheit sinem meyster by dem er¬
51 896 655 997 gedienett zusratt aßige
122 965 656 1056 s ✳ eins unnd daz annder zu
47 1025 667 1106 Pernnttruwen, mit anzeig er
62 1076 688 1167 se rich mög dessin auch nit inen
46 1133 657 1220 werde unnd fra dz alles zu
40 1176 676 1285 zetragen befragt mit anhaltung
41 1241 662 1333 die wwarheytt an pel und
41 1299 674 1396 martter ebeffenen so werden
40 1341 685 1455 Fra nin sy Ceferren, dest gnedig
51 1408 645 1512 unnd Barnefertziger sin.
26 1464 693 1565 weliche Tacbola solmuger aber
32 1530 648 1623 des inn deinen wag zichttig
40 1578 684 1677 noch anred sin wellen, mi anzeig
46 1635 686 1727 Bamelter Rysen thupe ira un¬
47 1688 687 1791 recht werd sich ouch nemermer
47 1747 664 1836 war sin erfrenden ist jedoch
160 1794 666 1895 sy ii ✳ wbred des grotts
64 1840 672 1948 halbe das er ettliche mal brott
44 1915 644 2006 bracht, sy hab im da aber in
46 1953 703 2064 dh elnk dag benolch noch ghesen
57 2055 640 2151 Sy wir der sach ei aered
65 2103 138 2193 sin
