981 2653
230 86 963 203 Uff seinlichs h Heinrich se
217 151 960 279 denste den selbenn for laßn
224 220 963 325 uf dem sr wol verstund des
218 278 953 383 Er das hill gin der hitt vler
230 355 962 469 lin gewardet hatt abs ni
216 415 919 526 vnwecket, das er umb ein
249 474 927 578 erkoptnus sy zu urlicheen
232 531 936 634 bar für das korgricht zu
223 597 875 689 kerenn, pflichtig ward
235 655 921 774 deshalb ir undint gudt
231 716 951 844 fug zu hann sich sendetlich
232 813 915 918 also kam i gan Wynmis
235 855 954 976 zu sinsr mit namen Eylsber
221 923 927 1039 bytrissenn sagt sy beide
228 984 928 1108 ein anderen dee esten zu
225 1049 923 1182 das wolt er sich zu Seirach.
227 1101 914 1222 seen lahen vbthändenn,
216 1170 941 1286 dan das herr Heinrich In do
237 1237 945 1351 mal bfrichdert, wir er furr
226 1299 910 1403 hin müste mit einer zug
244 1353 940 1457 samme für mit herren des
218 1418 933 1534 sner gantzen gemeitt für
217 1488 931 1597 nun Hersn des khorgrichts
219 1542 924 1659 stellenn, vnd ein erkoupt¬
225 1598 938 1734 nuß erlangen dem beshend
212 1673 942 1781 gem sr nach aber ss moch
195 1736 924 1842 vvor mit minen Herren se¬
197 1787 911 1910 Esend werden, daruf se
209 1864 901 1983 abermals gefragt wart
187 1929 902 2045 ob ir nit sichar ✳ umb sia
196 2003 900 2112 withses gewonent hab
180 2059 836 2137 da oben uber des
190 2114 898 2228 Eedl Eschachtlys uer¬
184 2156 339 2259 pott
