4000 3000
2810 469 3430 595 Bibtt die antwurtt. Er habe sollihe
2823 541 3436 653 liederlich vbersache, doch kheiner verechtlicher
2819 584 3439 692 wys gehan. Dann alls er verschinens
2822 655 3415 740 Moniags, hab sich söllen vor Rath er¬
2840 700 3401 785 zeygen vnnd stellen. Dohab er desselb
2811 762 3389 852 Morgen sin Mantell gstuchet, den er
2824 807 3393 896 am Sontag znechtt daruor verloren
2824 867 3411 968 hatt. Deßhalb er sich der Barthhyrt
2809 921 3282 1021 verstumbet vnnd verzässen.
2794 982 3382 1103 Deßglichen alls im uff den nëchsten
2827 1061 3408 1152 donstag, ouch für rarth vorten werden
2826 1114 3393 1209 do gedachts er ettwas zitts abzu¬
2824 1174 3371 1257 nätten, vnnd annderowho ettwan
2830 1226 3383 1314 herren zudienen, biß das es besper
2827 1286 3374 1374 wurde. So hab ihnn desselben tags
2822 1335 3422 1419 der Buchstenschmidt so Im ettwas
2833 1391 3404 1482 soll ußbereyttett habe. verhindert
2827 1440 3402 1541 das er spericht, Je desselben tacgs
2821 1507 3416 1605 gfangen unnd sice behendigett worden
2792 1597 3425 1713 Denne ist jnnis fürgehallen worden
2795 1682 3392 1778 warumb er also fräuenlich Ehanden
2804 1746 3405 1829 Seelos den goldtschmidt abstmerb
2807 1800 3404 1881 arbeytt vss dem laden haruse gladen
2796 1849 3392 1943 unnd demnach über alles lächttpiert
2811 1903 3396 1989 ouch vormals gegäbne Brostung zu
2800 1949 3373 2051 Im vberiIn In laden gehouwen
2802 2009 3104 2103 unnd gstahen habe
2787 2073 3365 2181 Ist anredt. söllichs uß zornig
2802 2150 3378 2234 mutt gethan haben, doch nitt on
2791 2195 3395 2279 Vrsach, dann er Eeelos dergoldt
2783 2245 3363 2345 schmidt, habe Inne habe, mitt
2806 2307 3320 2394 grobt wortten, die vnwarheytt
3315 2303 3422 2382 Jeden
2799 2346 3385 2441 heyssen, alls er im ein vergülle
3316 2415 3381 2466 ne
2797 2417 3324 2510 pfennig, anforderett, vnnd aber
3331 2450 3412 2498 Zweie
3346 2490 3423 2551 ank
