<?xml version="1.0" encoding="UTF-8" standalone="yes"?>
<PcGts xmlns="http://schema.primaresearch.org/PAGE/gts/pagecontent/2013-07-15" xmlns:xsi="http://www.w3.org/2001/XMLSchema-instance" xsi:schemaLocation="http://schema.primaresearch.org/PAGE/gts/pagecontent/2013-07-15 http://schema.primaresearch.org/PAGE/gts/pagecontent/2013-07-15/pagecontent.xsd">
    <Metadata>
        <Creator>prov=University of Rostock/Institute of Mathematics/CITlab|PLANET AI GmbH/Gundram Leifert/gundram.leifert@planet-ai.de:name=German_Kurrent_XVI-XVIII_M1(htr_id=19584)::::v=2.6.7
prov=University of Rostock/Institute of Mathematics/CITlab|PLANET AI GmbH/Tobias Gruening/tobias.gruening@planet-ai.de:name=de.uros.citlab.module.baseline2polygon.B2PSeamMultiOriented:v=2.6.7
prov=University of Rostock/Institute of Mathematics/CITlab|PLANET AI GmbH/Gundram Leifert/gundram.leifert@planet-ai.de:name=Turmbücher Anna Witschi V2(htr_id=27066)::::v=2.6.7
prov=University of Rostock/Institute of Mathematics/CITlab|PLANET AI GmbH/Tobias Gruening/tobias.gruening@planet-ai.de:name=de.uros.citlab.module.baseline2polygon.B2PSeamMultiOriented:v=2.6.7
prov=University of Rostock/Institute of Mathematics/CITlab|PLANET AI GmbH/Gundram Leifert/gundram.leifert@planet-ai.de:name=Turmbücher Anna Witschi V2(htr_id=27066)::::v=2.6.7
prov=University of Rostock/Institute of Mathematics/CITlab|PLANET AI GmbH/Tobias Gruening/tobias.gruening@planet-ai.de:name=de.uros.citlab.module.baseline2polygon.B2PSeamMultiOriented:v=2.6.7
prov=University of Rostock/Institute of Mathematics/CITlab|PLANET AI GmbH/Gundram Leifert/gundram.leifert@planet-ai.de:name=German_Kurrent_XVI-XVIII_M1(htr_id=19584)::::v=2.6.6
prov=University of Rostock/Institute of Mathematics/CITlab|PLANET AI GmbH/Tobias Gruening/tobias.gruening@planet-ai.de:name=de.uros.citlab.module.baseline2polygon.B2PSeamMultiOriented:v=2.6.6
prov=University of Rostock/Institute of Mathematics/CITlab|PLANET AI GmbH/Gundram Leifert/gundram.leifert@planet-ai.de:name=German_Kurrent_XVI-XVIII_M1(htr_id=19584)::::v=2.6.6
prov=University of Rostock/Institute of Mathematics/CITlab|PLANET AI GmbH/Tobias Gruening/tobias.gruening@planet-ai.de:name=de.uros.citlab.module.baseline2polygon.B2PSeamMultiOriented:v=2.6.6
prov=University of Rostock/Institute of Mathematics/CITlab|PLANET AI GmbH/Tobias Gruening/tobias.gruening@planet-ai.de:name=/net_tf/LA73_249_0mod360.pb:de.uros.citlab.segmentation.CITlab_LA_ML:v=2.6.6
prov=University of Rostock/Institute of Mathematics/CITlab|PLANET AI GmbH/Tobias Gruening/tobias.gruening@planet-ai.de:name=/net_tf/LA73_249_0mod360.pb:de.uros.citlab.segmentation.CITlab_LA_ML:v=2.6.6
Transkribus</Creator>
        <Created>2020-10-05T11:47:32.554+02:00</Created>
        <LastChange>2022-09-09T16:42:34.756+02:00</LastChange>
        <TranskribusMetadata docId="1334775" pageId="52353093" pageNr="14" tsid="114634639" status="IN_PROGRESS" userId="9570" imgUrl="https://files.transkribus.eu/Get?id=KDLQEPCMHLBAHTFAGRXSOYWC&amp;fileType=view" xmlUrl="https://files.transkribus.eu/Get?id=FBIEAWNJHDGCSCNDIRPOBDKD" imageId="16045990"/>
    </Metadata>
    <Page imageFilename="20201005_093523946_iOS.jpg" imageWidth="1293" imageHeight="3500">
        <ReadingOrder>
            <OrderedGroup id="ro_1687514048146" caption="Regions reading order">
                <RegionRefIndexed index="0" regionRef="r1"/>
                <RegionRefIndexed index="1" regionRef="r2"/>
            </OrderedGroup>
        </ReadingOrder>
        <TextRegion orientation="0.0" id="r1" custom="readingOrder {index:0;}">
            <Coords points="20,57 20,1725 1080,1725 1080,57"/>
            <TextLine id="r1l1" custom="readingOrder {index:0;}">
                <Coords points="119,158 176,173 212,138 370,119 584,146 807,93 926,105 942,54 802,23 731,68 685,32 513,84 450,44 412,84 380,63 348,89 227,90 180,58 114,74"/>
                <Baseline points="124,137 164,133 205,130 245,126 286,123 327,120 367,118 408,115 449,113 489,111 530,109 571,107 611,105 652,104 693,101 733,100 774,98 815,96 855,94 896,92 937,89"/>
                <TextEquiv>
                    <Unicode>uff mitwich den ext jennks 166</Unicode>
                </TextEquiv>
            </TextLine>
            <TextLine id="r1l2" custom="readingOrder {index:1;}">
                <Coords points="39,246 230,203 360,228 434,185 633,195 665,167 747,198 872,162 917,197 964,156 1038,165 1037,123 762,106 561,147 373,117 272,168 35,180"/>
                <Baseline points="44,218 93,213 142,208 192,202 241,198 291,193 340,189 389,185 439,181 488,178 538,175 587,172 636,169 686,166 735,164 785,162 834,160 883,158 933,157 982,155 1032,154"/>
                <TextEquiv>
                    <Unicode>in ggenvirtigkheit fser authann teilon</Unicode>
                </TextEquiv>
            </TextLine>
            <TextLine id="r1l3" custom="readingOrder {index:2;} person {offset:10; length:13;}">
                <Coords points="48,304 248,272 326,295 438,245 638,229 1051,228 1047,170 965,157 919,197 873,162 745,198 684,172 44,244"/>
                <Baseline points="54,288 103,282 153,276 202,271 252,266 301,261 351,256 400,252 450,248 499,243 549,240 598,237 648,234 697,231 747,229 796,227 846,225 895,224 945,223 994,223 1044,223"/>
                <TextEquiv>
                    <Unicode>des efats Biens Brügfer de elter vo bi</Unicode>
                </TextEquiv>
            </TextLine>
            <TextLine id="r1l4" custom="readingOrder {index:3;} person {offset:0; length:18;}">
                <Coords points="49,346 207,370 294,338 370,383 437,322 476,352 656,303 730,330 867,295 1043,312 1052,252 642,230 46,310"/>
                <Baseline points="56,352 105,346 155,342 204,336 254,332 304,327 353,322 403,318 452,313 502,310 552,306 601,302 651,300 700,297 750,295 800,293 849,292 899,291 948,290 998,290 1048,291"/>
                <TextEquiv>
                    <Unicode>verey Galles galdi Großsweybels vnd der</Unicode>
                </TextEquiv>
            </TextLine>
            <TextLine id="r1l5" custom="readingOrder {index:4;} person {offset:23; length:9; continued:true;}">
                <Coords points="61,443 104,462 177,422 360,407 400,430 427,403 502,431 568,380 631,416 762,388 822,415 961,370 959,334 854,318 756,346 641,306 468,367 408,345 370,379 328,350 265,385 146,362 58,384"/>
                <Baseline points="66,424 110,420 154,417 199,413 243,410 288,407 332,403 376,400 421,397 465,394 510,391 554,389 598,386 643,384 687,382 732,381 776,380 820,379 865,378 909,378 954,378"/>
                <TextEquiv>
                    <Unicode>reiffl miner v. h. Ist Barthlome</Unicode>
                </TextEquiv>
            </TextLine>
            <TextLine id="r1l6" custom="readingOrder {index:5;} person {offset:0; length:6; continued:true;} place {offset:11; length:5;} person {offset:25; length:13;}">
                <Coords points="57,490 491,471 565,515 631,467 744,501 882,457 1074,481 1070,371 1011,343 838,427 583,389 523,439 423,407 312,445 56,443"/>
                <Baseline points="64,491 114,488 164,486 214,482 264,480 314,478 364,476 414,474 464,471 514,469 565,467 615,466 665,464 715,462 765,461 815,459 865,458 915,457 965,456 1015,455 1066,454"/>
                <TextEquiv>
                    <Unicode>maller von Vinis vff des Hanns Rossons</Unicode>
                </TextEquiv>
            </TextLine>
            <TextLine id="r1l7" custom="readingOrder {index:6;}">
                <Coords points="52,576 173,589 234,552 319,590 488,546 596,597 643,557 841,579 893,538 1075,548 1074,488 1023,460 932,497 856,462 730,510 630,468 563,516 489,478 452,516 345,482 115,516 50,487"/>
                <Baseline points="58,554 108,551 159,549 209,547 260,546 310,545 361,544 411,544 462,544 512,543 563,543 614,543 664,542 715,542 765,541 816,540 866,539 917,537 967,535 1018,532 1069,528"/>
                <TextEquiv>
                    <Unicode>so nechst verschinen sampstag gericht worden</Unicode>
                </TextEquiv>
            </TextLine>
            <TextLine id="r1l8" custom="readingOrder {index:7;} place {offset:20; length:15;}">
                <Coords points="39,643 284,665 368,630 481,656 582,626 778,653 846,620 912,668 1029,634 1029,585 871,551 763,595 660,562 596,602 539,553 350,595 268,565 39,594"/>
                <Baseline points="46,631 94,630 143,629 192,628 241,627 290,627 339,626 387,626 436,626 485,626 534,626 583,626 632,625 681,625 729,624 778,623 827,622 876,620 925,619 974,617 1023,614"/>
                <TextEquiv>
                    <Unicode>egarlach augeten in Bittipers thurn</Unicode>
                </TextEquiv>
            </TextLine>
            <TextLine id="r1l9" custom="readingOrder {index:8;}">
                <Coords points="42,721 109,690 399,731 445,687 479,713 757,696 813,728 977,705 1021,746 1037,634 893,669 850,635 631,662 582,626 479,658 368,630 302,668 42,652"/>
                <Baseline points="49,695 98,695 147,694 196,694 245,694 294,693 343,693 392,693 441,693 490,693 539,693 588,694 637,694 686,695 735,695 784,696 833,696 882,697 931,698 980,700 1029,701"/>
                <TextEquiv>
                    <Unicode>in dwanen gesetzt worden, alda ime nach</Unicode>
                </TextEquiv>
            </TextLine>
            <TextLine id="r1l10" custom="readingOrder {index:9;}">
                <Coords points="41,774 219,774 247,801 380,762 489,804 807,759 1006,780 1006,741 942,717 813,728 757,696 428,736 336,697 151,736 104,696 41,734"/>
                <Baseline points="47,765 94,765 142,766 189,766 237,766 285,766 332,766 380,766 427,766 475,766 523,766 570,766 618,766 665,766 713,766 761,766 808,766 856,766 903,765 951,765 999,765"/>
                <TextEquiv>
                    <Unicode>aller nothurft anghalten zubefernen</Unicode>
                </TextEquiv>
            </TextLine>
            <TextLine id="r1l11" custom="readingOrder {index:10;} person {offset:31; length:5;}">
                <Coords points="42,852 259,883 397,851 984,855 1002,790 817,817 767,782 598,818 377,762 329,803 42,792"/>
                <Baseline points="48,843 95,842 142,843 190,843 237,843 284,843 332,844 379,844 426,845 474,845 521,845 568,845 616,846 663,846 710,845 758,845 805,844 852,844 900,843 947,841 995,840"/>
                <TextEquiv>
                    <Unicode>Welcher ley gstalt er bemeltem boson habe</Unicode>
                </TextEquiv>
            </TextLine>
            <TextLine id="r1l12" custom="readingOrder {index:11;}">
                <Coords points="44,940 312,921 346,947 572,904 654,961 698,921 744,952 819,918 1007,936 1034,865 44,872"/>
                <Baseline points="51,916 99,916 148,916 197,916 246,916 295,916 344,916 392,916 441,916 490,915 539,915 588,915 637,914 686,914 734,914 783,913 832,912 881,912 930,911 979,910 1028,909"/>
                <TextEquiv>
                    <Unicode>holffen an deyenonten vnher vfbrechten,</Unicode>
                </TextEquiv>
            </TextLine>
            <TextLine id="r1l13" custom="readingOrder {index:12;} person {offset:11; length:6;}">
                <Coords points="29,1006 323,992 393,1026 424,1000 487,1044 527,1007 602,1032 842,1000 926,1034 1052,1014 1053,958 985,920 867,961 521,928 477,954 416,922 329,960 259,921 194,961 30,939"/>
                <Baseline points="36,985 86,986 137,986 187,987 238,988 288,989 339,990 389,991 440,992 490,993 541,994 591,995 642,996 692,997 743,997 793,998 844,999 894,999 945,1000 995,1000 1046,1000"/>
                <TextEquiv>
                    <Unicode>Dan ih der bosson sölliches von Jenn beyden</Unicode>
                </TextEquiv>
            </TextLine>
            <TextLine id="r1l14" custom="readingOrder {index:13;}">
                <Coords points="35,1079 79,1061 143,1101 273,1060 403,1103 590,1071 719,1105 847,1071 988,1082 990,1009 920,1035 842,1001 752,1033 533,1007 486,1045 423,1002 287,1030 242,993 186,1025 137,996 37,1012"/>
                <Baseline points="42,1052 89,1053 136,1054 183,1055 230,1057 277,1059 324,1060 371,1062 418,1064 465,1065 512,1067 559,1069 606,1070 653,1072 700,1073 747,1074 794,1075 841,1075 888,1075 935,1075 982,1074"/>
                <TextEquiv>
                    <Unicode>Eeschen sin uf sin ltt lebtst und und</Unicode>
                </TextEquiv>
            </TextLine>
            <TextLine id="r1l15" custom="readingOrder {index:14;}">
                <Coords points="43,1178 113,1149 163,1184 252,1135 312,1172 361,1138 497,1156 518,1177 566,1158 631,1175 632,1083 590,1077 561,1104 536,1082 459,1082 406,1106 342,1099 280,1061 184,1071 145,1100 80,1062 45,1075"/>
                <Baseline points="51,1130 79,1130 108,1129 137,1129 165,1129 194,1129 223,1130 251,1130 280,1131 309,1131 338,1132 366,1133 395,1134 424,1134 452,1134 481,1135 510,1135 538,1136 567,1136 596,1135 625,1135"/>
                <TextEquiv>
                    <Unicode>hinesched gnomen hab</Unicode>
                </TextEquiv>
            </TextLine>
            <TextLine id="r1l16" custom="readingOrder {index:15;}">
                <Coords points="15,1227 198,1278 297,1236 431,1278 482,1235 554,1268 631,1220 921,1218 1076,1269 1052,1161 660,1195 586,1160 537,1190 462,1152 419,1190 228,1147 161,1186 15,1188"/>
                <Baseline points="21,1218 73,1220 125,1222 178,1223 230,1224 283,1223 335,1223 387,1222 440,1221 492,1220 545,1219 597,1217 649,1216 702,1215 754,1215 807,1214 859,1215 911,1216 964,1217 1016,1219 1069,1223"/>
                <TextEquiv>
                    <Unicode>vff semlichs ist sen antwirt, es sig</Unicode>
                </TextEquiv>
            </TextLine>
            <TextLine id="r1l17" custom="readingOrder {index:16;}">
                <Coords points="31,1336 96,1323 203,1364 437,1306 960,1313 960,1277 878,1276 830,1239 753,1275 702,1226 612,1282 431,1286 318,1236 269,1271 30,1274"/>
                <Baseline points="37,1314 82,1313 128,1312 174,1311 220,1310 266,1309 311,1308 357,1308 403,1307 449,1307 495,1306 540,1306 586,1306 632,1305 678,1305 724,1305 769,1305 815,1305 861,1304 907,1304 953,1304"/>
                <TextEquiv>
                    <Unicode>beschäche Ime von bemelttem</Unicode>
                </TextEquiv>
            </TextLine>
            <TextLine id="r1l18" custom="readingOrder {index:17;} person {offset:0; length:6;}">
                <Coords points="56,1402 173,1426 273,1384 378,1439 465,1398 619,1435 733,1393 767,1425 807,1384 858,1430 1086,1381 1085,1302 969,1358 680,1305 226,1364 55,1331"/>
                <Baseline points="63,1393 113,1390 164,1388 215,1386 266,1385 317,1384 368,1383 418,1382 469,1381 520,1381 571,1380 622,1379 673,1379 724,1378 774,1377 825,1376 876,1375 927,1374 978,1372 1029,1370 1080,1368"/>
                <TextEquiv>
                    <Unicode>Bossen vnguttlich beschächen und</Unicode>
                </TextEquiv>
            </TextLine>
            <TextLine id="r1l19" custom="readingOrder {index:18;}">
                <Coords points="21,1486 263,1465 411,1522 519,1464 581,1499 792,1462 970,1515 1075,1493 1075,1413 956,1393 783,1452 536,1443 483,1400 396,1450 228,1412 21,1428"/>
                <Baseline points="27,1463 79,1464 131,1466 183,1467 235,1468 287,1469 339,1469 391,1470 443,1470 495,1470 547,1470 599,1470 651,1470 703,1470 755,1470 807,1470 859,1470 911,1471 963,1471 1015,1471 1068,1471"/>
                <TextEquiv>
                    <Unicode>will ouch sonst keiner mischand</Unicode>
                </TextEquiv>
            </TextLine>
            <TextLine id="r1l20" custom="readingOrder {index:19;}">
                <Coords points="27,1570 81,1551 141,1592 200,1550 495,1591 530,1561 600,1587 748,1556 870,1605 992,1558 992,1516 916,1496 852,1525 760,1477 580,1535 486,1488 348,1525 259,1462 132,1528 27,1482"/>
                <Baseline points="34,1549 81,1549 129,1550 176,1550 224,1551 272,1551 319,1552 367,1552 414,1552 462,1552 510,1553 557,1553 605,1553 652,1553 700,1552 748,1552 795,1552 843,1551 890,1551 938,1550 986,1549"/>
                <TextEquiv>
                    <Unicode>lung bkuredsen, sonder sin</Unicode>
                </TextEquiv>
            </TextLine>
            <TextLine id="r1l21" custom="readingOrder {index:20;}">
                <Coords points="13,1676 326,1623 443,1630 523,1680 581,1629 1021,1630 1029,1593 938,1557 873,1605 806,1575 716,1606 655,1550 605,1587 529,1563 447,1602 252,1562 135,1608 64,1573 13,1598"/>
                <Baseline points="20,1629 70,1629 120,1628 170,1628 220,1627 270,1627 320,1626 370,1626 420,1626 470,1625 521,1625 571,1625 621,1624 671,1624 721,1624 771,1623 821,1623 871,1622 921,1622 971,1621 1022,1621"/>
                <TextEquiv>
                    <Unicode>furgwendte vnschmbd mitt der</Unicode>
                </TextEquiv>
            </TextLine>
            <TextLine id="r1l22" custom="readingOrder {index:21;}">
                <Coords points="34,1715 191,1715 338,1756 389,1714 499,1703 592,1749 674,1702 742,1726 814,1712 813,1657 736,1661 686,1620 516,1680 372,1630 293,1683 33,1686"/>
                <Baseline points="40,1703 78,1705 116,1706 155,1707 193,1708 231,1708 270,1708 308,1707 346,1706 385,1705 423,1704 461,1703 500,1701 538,1700 576,1699 615,1697 653,1696 691,1695 730,1694 768,1694 807,1693"/>
                <TextEquiv>
                    <Unicode>martter stets erhaltten</Unicode>
                </TextEquiv>
            </TextLine>
            <TextEquiv>
                <Unicode>uff mitwich den ext jennks 166
in ggenvirtigkheit fser authann teilon
des efats Biens Brügfer de elter vo bi
verey Galles galdi Großsweybels vnd der
reiffl miner v. h. Ist Barthlome
maller von Vinis vff des Hanns Rossons
so nechst verschinen sampstag gericht worden
egarlach augeten in Bittipers thurn
in dwanen gesetzt worden, alda ime nach
aller nothurft anghalten zubefernen
Welcher ley gstalt er bemeltem boson habe
holffen an deyenonten vnher vfbrechten,
Dan ih der bosson sölliches von Jenn beyden
Eeschen sin uf sin ltt lebtst und und
hinesched gnomen hab
vff semlichs ist sen antwirt, es sig
beschäche Ime von bemelttem
Bossen vnguttlich beschächen und
will ouch sonst keiner mischand
lung bkuredsen, sonder sin
furgwendte vnschmbd mitt der
martter stets erhaltten</Unicode>
            </TextEquiv>
        </TextRegion>
        <TextRegion orientation="0.0" id="r2" custom="readingOrder {index:1;}">
            <Coords points="1115,112 1115,266 1161,266 1161,112"/>
            <TextLine id="r2l1" custom="readingOrder {index:0;}">
                <Coords points="1107,225 1124,227 1137,242 1140,239 1145,241 1151,248 1155,245 1166,246 1174,153 1167,152 1159,142 1153,147 1147,144 1134,153 1114,148"/>
                <Baseline points="1115,212 1161,216"/>
                <TextEquiv>
                    <Unicode></Unicode>
                </TextEquiv>
            </TextLine>
            <TextEquiv>
                <Unicode></Unicode>
            </TextEquiv>
        </TextRegion>
    </Page>
</PcGts>
