2324 3500
145 84 1091 324 Sichs ernen Imneng, ende
145 174 1089 386 frankeycher diekf gfunden
162 273 1084 477 Des ermrtten Körpell inn die
150 383 1096 577 klaren gworffen, vnd genampts
148 504 942 691 gällt undersich erthylle.
97 751 1106 979 Denne habe derselb sen gsoll der
176 915 1082 1089 nach zu erlach inn sinem by
172 987 1014 1135 wäsen dem Hanns Red ein
167 1111 1078 1266 Zi buchsten us dem huß ein
175 1209 1095 1363 frömbden, mitt dern sy zwen
158 1303 1087 1464 by der Paffer studen, vff Hub
167 1421 1069 1528 Jungen dem elleren den zu
157 1500 1061 1650 erschiessen gewartten habind
144 1567 1074 1739 der aber, Ires vermutens nach
151 1705 1068 1873 der zytt dahin nüt khommen
83 1849 1104 2060 söllicher verwagenheytt vnnd boses
99 1988 1087 2163 fursatzes, habe er vnd sin mitt
126 2061 1089 2265 chafft, by der Zimbelen studen
119 2167 1001 2366 ongfarlich vor xrj wuch uff
111 2270 1110 2470 Hanns Marttin den landtschryber
123 2424 895 2567 zeermurden gewartten
168 2710 1079 2909 Vff soinliche sin des genampten
160 2798 1078 3002 Bastran Löchwytzers bekhanntt ver¬
182 2898 1116 3104 gicht schwarre unnd hoche missehat
2110 28 2195 120 53
1276 122 2269 274 habendt hochgenampt nun 9 herren
1291 197 2224 383 Eschultheys thär unnd Burrer, diser
1280 270 2218 463 Leblichen Statt Bern, vff Ihren
1284 359 2277 520 Eydt zu kächt erkennt unnd asproch
1304 448 2250 596 das man den selben Bastrian Schwytzer
1321 536 2232 688 dem Nachrichter beuelchen, der Ine
1308 620 2239 782 vff einen laden gebunden, oben uß
1324 714 2248 883 uff gwonliche Richtstatt, schleyffen
1303 834 2205 948 Ime alda sine glider mitt dem
1305 910 2266 1061 sad zerstossen demnach den förper
1301 985 2221 1149 Innem Red flechten, Inn die
1305 1103 2198 1254 höche vfrichten, vnnd also mitt
1319 1213 2208 1328 dem Pad, vom läben zum todt
1328 1295 2259 1439 nach feyserlichem bächren, richten
1328 1386 1451 1492 soll
1265 1403 2248 1584 ist zinstag den xùii tag horn
1291 1502 2206 1635 ming an im erstattet gott der
1271 1563 2198 1696 Herr gmpfes vnser Seele allen
1322 1605 2235 1739 in sine handt, durch Zesu Christu
1545 1689 1700 1764 E
1271 1729 2218 1867 DDer Inne vffseinen laden ge¬
1325 1819 2211 1984 bunden, oben veß, vff gewonliche
1314 1906 2197 2082 Riegestert schleyffen, alda Ime
1333 2030 2251 2194 uß gled sunn Barnscherzig khytt
1342 2137 2233 2292 sin hompt abschlachen, demnach
1298 2253 2236 2377 das houp ✳ sampst dem Corper
1310 2322 2171 2481 Inn ein rnd fleichen, den d
1335 2414 2218 2553 hoche vfrichten, vnnd also vom
1317 2515 2224 2681 läben zum tod, nach keyserlich
1307 2581 1926 2760 tychren rühren sollen.
