2141 3500
104 103 933 271 uff Sambstag dem 23. jag
71 183 993 343 junii im 1569. ist ein tau
80 267 1011 440 nona Boroche müller von Syte
105 368 1012 514 untteg verhatt worden antres
82 395 938 573 fen und vō wegen Elsbats
98 524 999 645 kraner unzyttigen und ar¬
92 579 993 705 wönischer genyßt so inn
104 655 979 784 zu hentzigen zu gfallen
110 726 720 852 ist, die züpet
78 828 972 952 Als si vor in wochen an
114 893 948 1024 einem myning zu huntzigen
129 977 978 1092 hab gholffen die schufflin
921 1037 1011 1095 ge
117 1039 1005 1171 waschen ✳ sig so mitt dem mei
134 1111 978 1248 tli vnd noch einer truwen
140 1202 986 1294 mitt eim laamenfuss im
113 1265 939 1390 staal übernacht glegen, do
132 1321 954 1470 stunde das meitli Elsbet
130 1387 993 1532 gegen tag uff ✳ gieng usz de
124 1448 1004 1621 stall, sumpte sich da usser
18 1508 991 1674 vnstrbi einer halben stund, de
109 1586 1028 1738 es wider zu Inen kham, nan
111 1655 1018 1792 es näben in sen rak dennen
85 1712 1014 1865 bettete von tnen anein sonder
77 1779 1005 1940 baren winckel darnach als
74 1845 1003 2000 heitter tag was, euffe si ge
75 1913 1027 2104 zuge Ime wire das meitlichia
94 1972 1022 2132 ain abendt darvon gepatten is
95 2038 1030 2222 zu wecken do antwuntet es
76 2110 1004 2306 jra nitt blibse liggen ✳ gien
115 2154 1003 2351 se gezügen wider an Ir ar¬
103 2241 1014 2411 beit, in dem so gezugen nu
89 2286 1013 2486 die schüsslen wusth khäme der
80 2348 1012 2540 mosen schwester Maigneth Kupffe
72 2410 1027 2599 eina, sagte so hätts ein kindl
60 2462 1022 2668 vor dem schwynen gängli für
73 2568 1014 2747 dem si sorgte es wäre der
80 2618 1015 2806 einer so uff den bum lägen
71 2693 1021 2887 was dans kindli wast einen
66 2724 1041 2963 halb ellen lang und ein knebli
76 2803 1019 3052 pienpendt mitt einädren hin
63 2887 1023 3091 vnd brachtends de penate me
69 2950 998 3187 tli und die fruw sprüch
1088 64 2060 230 Im meinli, gsich was du gmacht
1101 136 1971 297 hast, do vernemets dmitli
1122 164 2068 345 es ware nit sen, do sedte dfur
1123 249 2048 423 nichts, Es solte mur mitt vyl sige
1120 349 2028 511 s hättens funden es wäre sins
1131 409 2018 555 solte sagen wie es genacht hätte
1118 485 1996 624 do sagte 26 ab wäre nuwen
1150 553 2028 690 ab dem bum abhan grytten
1145 619 1995 779 vnd sich gwürset. Wielers
1130 678 1983 860 sig ira nütt zu wüssen
1101 1770 2038 1935 vff montag dem 25. tag Julii
1132 1873 2020 2012 in gegenwintigkheytt daenen
1126 1922 2035 2053 Sulpitius Brügglers dis thars
1137 2001 2078 2135 Michel Ongspingers vn Burgern
1125 2094 2029 2213 Ist zu Marchzilli nun zum
1130 2176 2033 2286 dietten mal der strenge nach
1302 2263 2042 2384 Christan zur hutten
1145 2368 2061 2490 pierbech befingt worden vnd
1163 2439 2080 2553 anghaltten muntlich zu vor¬
1123 2515 2025 2628 Juchen das an Im selbst als
1135 2577 2003 2688 wyl als gantz kundeler
1148 2632 2091 2765 ist, namlich das er Christen
1139 2711 2082 2840 dem Hansen studer zuͦ Aschlist
1130 2799 2040 2902 mat den frauwen hengst
1137 2860 1987 2990 so er Nielans Cuntzen fu
1147 2926 2056 3063 polligen umb qui kronr
