1034 3501
880 5 1024 127 2
71 68 968 219 sollichs misseharen, habe er funst
59 179 951 304 mitt demselbigen man von dem
68 271 948 421 se khaufft hatt gmachen, das
58 363 735 538 erwol zufriden syn.
92 674 972 832 erstlich Ist er auch anred das
62 774 924 923 ir die armen wittfrouwen zu
56 892 982 1037 Münstingen, ir fenster ingfellt
75 998 778 1144 unnd zu dra hinm pstag
68 1104 891 1240 doch sich also begeben. Als
81 1198 980 1347 namlich, das er by franz Berte,
80 1272 958 1446 ii dem wagner zu Munsting
82 1367 928 1517 ein schlaff trunck shan vnnd
76 1484 916 1631 derselb Bezeuer mitt sine
68 1567 926 1715 frauwen zeinfeiden worden
90 1676 934 1843 alß das sy hinnß glüffen
82 1790 957 1958 deren stige er verer Cristan
88 1855 984 2010 nachgeyln vermeinende er wolte
102 1973 951 2116 y wider hinn tlädig und
86 2063 946 2218 als er breißs zu der obgenampn
82 2155 928 2306 wittwen huße khaumen, habe
92 2236 987 2416 er ettwann ghört mit derselbigen
83 2336 980 2505 wirwen reden, deßhalb er ghoschen
92 2423 986 2584 unnd als im niemand nizt grant
84 2520 965 2664 munter, sonndes statts mitt ir
97 2601 1006 2783 ghoren reden, sic er zum pfenster
97 2702 992 2846 gang unnd hinm gwollen
110 2778 984 2920 da sig das pfenster impfallen
122 2873 986 3027 vnnd zeibesohn deßhalb die
133 2939 978 3104 selbige wirtwen uffgstanden
127 3036 912 3167 unnd luch greychnn andes
139 3104 877 3261 sig es mit ergang
