1119 3500
151 41 1023 195 tettet als sy beyde aber allein acht
135 147 1037 307 tag ey ein annderen gwonen, hab die
128 246 1016 395 selb ein wyb ime aupfangen seine
128 343 1031 497 bleyder, einragen versetzen, vnnd das
123 460 1050 621 pill unntzenklich umb wyn verhun
428 549 551 633 erst
134 582 1045 717 do habt erauch vernommen von der
121 675 1046 826 luchen vernommen das gesagte bisy
98 788 1043 917 apt sin eefrouw bosen limbdens
106 885 1043 1013 wäre, inn dem dz sy hin unnd wider
117 984 1072 1131 viln zugs entfrimbdete unnd zugrifft
118 1089 1072 1250 deßplychen ouch schantliche hurytile
134 1197 1033 1345 dardurch er dann bewegt sy zube¬
116 1303 1014 1458 schalle, deßhalb sy ein mal von
111 1382 1006 1538 Im abzofen, doch ettwan vberacht
122 1467 1022 1640 wuchen widerumb zu im khei und
105 1574 1057 1731 glych daruff abermals von Im greich
119 1662 1068 1846 das er spa sydcher mit psachen nochtein
117 1767 1069 1930 von ira vernammen thönden haumb
112 1867 1053 2044 er die sach also sein lassen aupfangen
117 1949 1076 2116 widerumb sinem handwerckt nachziehe
116 2032 1017 2227 vmb deßshalb bißhar hin vnnd wider
96 2146 1033 2305 gedienen als namlich zun der, by
117 2214 1033 2388 der wägmuli, dannenhin zu Gäßli
810 2300 887 2373 en
91 2330 1004 2488 Im Ammenthaal unnd lerstlich
120 2420 1023 2587 ze ihnn by dost zmoß, da es
104 2505 1051 2691 sich kurtzlich zutragen, das er vnnd
105 2614 1033 2735 eine sara Sigli genampt mut
89 2661 989 2819 ein annderen Felicher pflicht halb
82 2746 1007 2923 zu Red khommen(dieselb doch
94 2850 997 3012 von sinen handell der der Elsy
83 2924 970 3124 apthalb wol gwüßt) unnd als
73 3027 1072 3167 er nun vermeint (diewyl sein vordrge
