977 3500
105 67 895 233 dem guten veselben ußbracht
81 165 925 339 unnd noch bisschermit erlegt sey
82 295 900 434 aber willens imme dieselbigen
71 385 944 578 bald es vß pfangenschafft khomne.
75 531 953 682 widerzegëben, auch die annderen
62 625 933 818 Irer ansprachen halb, zufrden z¬
109 839 344 935 fellen.
62 966 930 1170 Vber sollichs alles auch brkhenn
90 1083 922 1224 das er einem landtman am
77 1172 975 1379 Buholter Berg ein puehi ist alein
94 1294 913 1462 ein Hüßli und Hoffstettli, etwer
95 1361 939 1531 einer Jucharen wche Inhaltende
97 1451 939 1662 umb 1f Gabkhanfft, vnnd auch
85 1580 950 1765 mitze ghept, das er den marne
74 1673 881 1836 waren khönden Aber solches
93 1781 908 1955 sige diser gstalln zugangen.
92 1893 906 2050 Namlich sicge er von einem gut
97 1981 868 2157 freunder darzu beredt worden
120 2067 940 2212 diewyln er ein armer gsell wire
98 2158 932 2321 mochte er doch lichlich, wenn er des
97 2243 908 2403 gutet daselbst am ansolter berg
101 2308 915 2513 khaufft, hatte vff der allmend
104 2411 921 2545 buwen das er sich erneren
118 2497 917 2645 unnd kunlich usbrngen macht
94 2582 911 2735 darzu hab er sich vff sin go¬
110 2662 893 2828 schwig trösten, vermeinde, die
112 2741 846 2897 wyl dieselbig rych, wurde sy
91 2837 903 2979 im gälle fürsetzen unnd hierin
106 2926 892 3062 behilfflich sin, biß er mittler
122 3004 891 3148 zytt dasselbig im wider gaben
112 3085 893 3218 möchen unnd als im aber
