2081 3501
110 82 949 321 Regenle dm Lengsahe
113 201 944 427 hof by einem megli gstend
120 334 947 503 so des Hanns Bigles zu Al¬
124 426 929 603 mending Junckfrouw Ist
137 520 952 697 unnd mitt demselbigen inn aben
116 640 932 829 dern ertwas geschreyen, da
121 760 908 922 stige Ulli Käller zu dim
127 862 883 1044 khon vnnd das meytli von
100 973 925 1136 Im fyssen wollen, deßhalt
117 1089 921 1247 das Meyeli gsteyt sy mano
128 1184 927 1369 lassend mit buwig, irhü
124 1315 905 1466 mitt mir mit zeschaffen
131 1403 953 1550 unnd nitt mitt im gwöllen
120 1511 894 1688 derwegen er Ludi gseyn
152 1617 939 1791 du mustes mir han, daruf
138 1739 947 1878 der Meytli hinttag gang
158 1837 926 1997 unnd gredt ✳ ich har doch
137 1947 920 2065 mitt entwäderene nun her¬
150 2051 939 2217 schaffent er Ulli gee
132 2158 912 2304 wuetet Ich wills mi
125 2250 882 2422 hr hen, daruff er Lud
124 2288 930 2490 abermals prede die musts
113 2435 933 2600 alsbald nüt han, vnnd Ims
129 2527 896 2724 deshalb mit gwallt uss
128 2637 925 2782 den henden gschwungen, hie¬
139 2730 920 2918 zwüschen das meli hinrig
131 2850 928 3011 gangen unnd gsteyt, ich hen
137 2949 956 3108 doch mit entwederm mitzu
158 3043 930 3242 geschaffen, Daruber er
1480 27 2027 175 angriffen und 107
1046 90 2038 314 Ludi inne Ullin wycher b
1045 225 2044 439 sprechen vnnd gfraffen ob er mit
1066 322 1979 527 ein frouwen hatt vnnd vß
1075 427 2026 642 was meynung er im solches
1059 568 2011 754 deß wolte er ein wüssen von im
1085 674 2007 879 haben. hiemit habe er Ulli sich
1096 799 2029 982 von im gschwunsen unnd predt
1082 933 2024 1092 Ich Han ein Batzger, da erlud
1101 1044 2022 1215 geantwurtet, Er hat ouch einen
1106 1179 2002 1316 unnd im ein wenig nachgangen
1107 1292 1945 1445 da sih Ulli zum hoff turli
1112 1389 1956 1540 ußzogen, vnnd also ein man
1121 1504 1981 1658 von ein andern gscheyden, die
1100 1614 1991 1761 wil aber er Ludi noch ein we¬
1111 1729 1951 1891 nich verharret, hab er ghörn
1112 1811 1980 1978 des Ulli geholet unnd ge¬
1110 1919 1986 2093 sprochen Ludi Werli wo bis
1114 2044 1947 2194 da er widersprochen. Hie bin
1107 2125 1951 2315 Ich, vff das hin habe vll
1109 2241 1994 2416 Inne ertlicher gstallt, geladen
1119 2337 2010 2561 doch mit ergentlich versten khin
1110 2442 1923 2609 den mit was wortten
1105 2526 1925 2702 Deßhalb er Lndt mitt
1116 2634 1944 2812 sampt Andres Ganwantt
1114 2723 1966 2954 unnd Hans Wylanden nach
1112 2884 1935 3063 gengen, do sige schon Ulli
1104 2968 1902 3137 gewichen, vnnd mit meer
