2066 3500
96 62 919 248 in einem wynkeller sitzende
73 97 853 324 den weyblen verzeigt
857 218 942 339 dis
93 191 895 391 er fridli mitt konne absin
97 273 932 466 den das er dem andern die
90 366 929 536 genante Auffmenschafft von
82 459 940 623 kufft hab, deßhalb wol zu
103 548 944 680 vermutten er habe die truck
96 624 941 763 uffbrochen selbst ✳ und oder mict
98 701 929 843 anderer sines glichens gsellen
75 783 885 911 hilff solches mißhandlett
53 877 944 1042 Dorumb er erstlich anzeigen
106 969 955 1097 soll wannenlar er mitt dem
84 1039 961 1181 gstolnen zügen kömme woren
92 1133 975 1250 er den habe ußtragen, danen
82 1214 963 1336 hin sene mitthafften nampti
90 1271 952 1394 dan gutt zugedencken derselb¬
90 1339 948 1475 ettlich diß merits zyrs allis in
79 1416 566 1538 der statt zu sin
88 1501 969 1624 Hierumb ist diß gfangeen an
74 1569 948 1688 wortt, Er hab uffhüttig
100 1642 970 1767 Guttigs tags am morgen vmb
110 1707 955 1835 die vi bei zyttgloggen thurn
115 1770 925 1921 an füyer straaß ein sack
105 1845 996 1994 funden uff der erden ligen
104 1921 957 2031 wunderet In das den mi¬
94 1985 983 2115 mands vffnam, gieng datzu
92 2070 954 2186 vermeint anfang es ward
78 2125 966 2258 brott im sack griff etwas
78 2189 982 2319 drinnen sin als wan es lump¬
94 2261 939 2382 pen waren, fragts zwen
73 2314 977 2447 Buren so nechst darbi stundend
67 2397 960 2529 wein dey blunden zuͦ ghortt
87 2470 956 2584 do des niemands wolt an
89 2527 978 2677 sprächen, hab er den zu sie
85 2604 970 2741 hand guon, doch noch wol zwo
99 2656 957 2777 stund den offentlich vff
101 2701 943 2847 sineachttor teag ain hals
108 2784 942 2895 tragen darnach ouch ein
102 2813 993 2972 fast mitt wyn ander vorder
101 2890 906 3023 gassen helffen uszziechen
121 2948 949 3075 vnd den sack onuersolen
76 2990 983 3128 von im glegt und wider
94 3059 993 3208 als gfundnen zug zu jmr
1038 29 1992 267 guon, darüber gangen huß
1037 82 1996 366 sandt deren 1 sh shb
1049 202 2022 442 i welsche und 2 tütsch pare
1049 279 2036 507 ter die er einennderen
1048 353 1937 594 dem so ine verzeigt habe
1037 446 1955 683 vmb 1 bronen hingaben
1403 595 1475 682 sol
1049 556 1989 792 doch sige der eme vnzebhaget
1044 674 1992 891 vnd sonst in gferdt zu Iun
1043 745 1988 935 khommen und ime den
1054 822 2009 1024 zu wolfeil abguen, vnd mitt
1033 932 1942 1093 darnach gfragt wannen er
1045 998 1977 1161 darmitt khönnne will auc
1054 1066 1970 1227 nitt aured sin das er zu
1046 1125 1988 1298 dem andern so im den jütt ab¬
1052 1213 1988 1384 khufft hatt, gsprochen habe,
1049 1308 2013 1466 das mehr solches zug vorhan¬
1059 1391 2032 1532 den sige, Es sig auch beine
1064 1476 2023 1597 bey ander knanee ley kraun
1039 1544 2038 1692 darbi glegen dan wie gemeldt
1063 1652 2011 1791 Dins thun vnd lassen halben
1074 1738 1994 1881 stricht er begange sich hin¬
1050 1827 2022 1953 vnd wider mitt thauwmen
1068 1899 2028 2037 habe sin nütsch zu Colmar ge¬
1087 1975 2022 2094 lernet, do er lange zytt in
1070 2056 1812 2166 den raben gwerthet
1094 2096 1921 2236 wüsse von keinen boser
1075 2189 1967 2304 gselschafft, hab nie für
1068 2264 1956 2379 eins nestel werts gstolen
1090 2328 1965 2438 noch anders mißhandlirt
1085 2409 2030 2557 Ist einest lähr uffzogen
1099 2482 2017 2620 vnd der kleinst stein zu
1137 2564 1975 2703 gsteltt anbunden, doch
1119 2626 1862 2769 fnne Ime getruwt
