2316 3500
128 45 1049 237 vnd deßhalb die warheitt
159 137 1084 322 von ine usz zuͦbringen zer
126 199 1054 399 dersten, hatt er gsagn
133 307 1072 469 er wolle seib der sachen be¬
141 368 1087 556 kauttlich sen, nummen das
124 452 1086 632 man In grosser marter ex
111 524 1071 680 lasse, vnd hiemitt ver
111 605 1073 747 Jächen Er habe mit Adam
133 707 1094 854 kynen etman 4 malen 4is
109 761 1072 905 handlet, deren ein mal zu
116 853 1094 983 Minchringen wie obgemeltt
155 925 1087 1060 vnd in mal do heimen im
121 995 754 1120 stell am bett.
124 1109 1079 1262 zum fünfften ist im für
157 1213 1074 1342 ghaltten, wie nach dem Vyn¬
132 1298 1111 1418 von im gmussen ein andere
136 1362 1106 1493 dech gedinget der sich Breyt
137 1435 1122 1563 Hans genentpt ✳ dem habe er
124 1506 1105 1640 ouch etwas der dinge zugmutt
96 1566 1116 1692 wellen, dan das der selb als er
134 1649 1123 1768 des an ime speychen gwar war¬
147 1700 1084 1826 de, mitt mehr dißhalb biime
145 1789 714 1923 plixen wellen
148 1822 1114 1983 vff diß hatt er angfenglich ge¬
160 1911 1120 2043 antwant wuhttden dersob
138 1972 1134 2110 breythaus habe 3 Jar bism
182 2040 1136 2207 eßgedienet, liessen faaren dan
173 2079 1048 2239 er im Zerstli wolten sin
163 2130 1123 2321 doch zu legst blantlich worde
167 2219 1133 2370 das er sprych an einem mor¬
191 2270 1133 2447 gen wie er der Rlssen fur
344 2327 1034 2491 wilt, sich zu dem
72 2392 1147 2611 geutknecht vffs bett glegt, Aber
163 2471 1117 2626 der Breithaus, habs nitt
505 2515 1081 2652 thun, hab deßhalb
137 2546 1142 2760 geeetzenen vnd gar mitt mitt Im Ischafft
154 2603 412 2690 wellen
204 2637 928 2820 zuum Rechsten Ihan
173 2704 1158 2945 Zum Sächsten befragt worden
167 2789 1120 2970 was er mitt einem der sich
180 2862 1086 3066 Baderhansen sun nempt
180 2922 1136 3146 so vyl zuschaffen that ghan
197 2984 1120 3183 vnd dermassen aor arzvo
174 3042 1110 3237 nisch tag vnd nacht bilime¬
173 3121 1133 3324 drein gewonet das ein ge¬
451 3168 1130 3318 bos gschrey der un¬
193 3279 410 3360 mei
204 3217 1116 3422 wbaren sachen halb, uff sy
1145 15 2188 273 ußgangen das man nitt mehr
1156 127 2191 382 furkhan, dan das sy für das
1108 230 1279 316 Konsiel
1184 191 2212 439 Hongricht zu Irgen storff be¬
1212 307 2231 506 eufft, sy beid von einale
1202 489 1522 577 gwernet
1200 471 2219 679 einigh so vyl ergerlichs mitt
1219 544 2255 742 einandren triben, das man des
1217 627 2246 824 Baderhausen sun, Sins spey¬
1223 729 2230 919 chen bulschafft vnuerholen
1210 862 1666 1010 genant hatt
1212 886 2190 1074 uff disz wendt er für ✳ sy
1208 969 2178 1151 zwen sigindt von einer Jung
1218 1044 2211 1215 dienstmagt wegen für das
1204 1117 2200 1293 Bongricht beschickt, vnd Inen
1219 1186 2232 1357 ntzit den dengen furghaltte
1214 1276 2154 1431 doch bald daruff bkauttlich
1234 1355 2214 1518 er sige tags vyl bi dem Bader
1230 1411 2248 1585 hansen gsin, der selb aber habes
1246 1504 2110 1642 nie wollen mitt Im Nun
1239 1526 2243 1716 man habe wol wyl druß gseit
1263 1663 1884 1778 aber nitt beschächt
1223 1752 2196 1894 vff Selichs ist ime zu de
1275 1841 2177 1978 sbinden fürgeworffen ✳ was
1271 1910 2183 2052 sy zwen dann ob dem tisch
1228 1971 2112 2101 wie er mitt senen yetriges
1247 2044 2154 2181 fruwen hochzytt gehalteen
1283 2126 2213 2231 einandren in dis Oren gru¬
1276 2192 2248 2297 net habindt vnd hiemitt Inen
1243 2251 2226 2380 beiden die ougen übergangen
1261 2331 2235 2456 harzu gipt der die antwurtt
1295 2408 2230 2520 y zwen habindt zur rasz uff
1265 2473 2261 2587 die acher zuehren zusamen ge¬
1276 2544 2256 2651 spannet dan Bader Haus nur
1299 2597 2262 2708 ein voß hatt, der hab zu Ine
1289 2674 2243 2788 Rytzen inghei domalen gru¬
1266 2737 2263 2861 nit Er sorge sin yetzige frun¬
1276 2798 2042 2907 worde nit wollen das
1301 2869 2282 2962 wurden, es nit mehr gstatten
1270 2912 2095 3033 das er mitt Ime caxe
1282 2984 2249 3119 hernach aber batte er speych
1289 3048 2249 3163 an seyl vmb gnad, dann
1748 3117 1881 3169 wide
1300 3111 2252 3245 es sige leiders gschachen, einest
1283 3174 2264 3293 bi starchyß huß nachts, vnd
1273 3240 2111 3351 das andernel h eine
1286 3288 1488 3397 heg,
