2150 3500
127 76 1021 271 uff frytag dem xxl tag juli
127 192 1020 340 im 1569 Jar hatt nun herr
97 233 1022 402 grosw w vō stein unden in
115 325 1034 484 der Bropsty ein Jungewel¬
114 386 1038 566 sche fruw vff Bylame saley
154 480 1012 632 von Martinach purtip exam
95 569 1006 686 mmieit als von wegen
89 616 1022 756 das ir mann Hans Canian
70 688 1019 832 ub yfferden sampt noch ein
103 764 1022 891 anderen Landstryher vnd sin
73 833 1014 977 wybe vor achtagen zu Belp
79 904 1000 1045 dem bendicht springe ein
89 981 1008 1095 triligen landthuchinen rock
104 1061 1005 1183 mitt einer blauwen lonschen
87 1136 1021 1253 blegt, ouch in nuws lintahen
80 1186 993 1318 und eine kusch ziechen sampt
113 1283 992 1384 niwem eystinem tuch nit
119 1332 1022 1446 erkubdet habindt, dasselbig
112 1414 1025 1523 zu dyermcheren nechst ver
102 1474 989 1598 schynen sontag fryl botten
95 1547 971 1664 doch nitt verkufft ✳ undd
100 1601 1030 1739 yrtz Zinstag gedachter Bandiht
97 1659 994 1823 pringo, sie die beyde wyben
96 1719 1025 1881 zu Hersatz betrawen ✳ und frag
67 1793 994 1938 wo ire nännet waren, do
99 1874 1015 2002 an sy mitt der vndarheit
60 1919 1006 2083 fürgäͤben ine menner gan so¬
79 1991 995 2147 rothuen zu sigindt, das aber
99 2035 1021 2175 nitt dan des tag vffem abendt
91 2103 1020 2259 die iwen je meiner widem
86 2157 1030 2327 zu Inen gan khursat khomen
86 2217 991 2377 mitt dem gestolnen Zue Als
87 2287 993 2438 nun der fryweibel zu Belp
88 2355 947 2497 solches vernommen sab w
88 2405 1009 2592 sich vam Chärsatz verfugt, die
97 2518 558 2653 zubahendig,
1961 48 2050 136 91
1094 109 2047 282 uff montag dem 18. tag junli
1146 224 2084 361 im 1569. jar in prpenwurtig
1148 306 2086 446 kheit herren Adnan Bonmpartenn
1129 350 2067 521 diß Thats, Wilhelm vom Stein
1151 429 2087 609 gstwebels  ist uff der preb¬
1148 511 2042 687 stey ernstlich befragt worde
1376 668 1872 806 Tylame Saley
1102 791 2064 934 von Marinach purtig will aber
1133 859 2081 1016 nach langen anfalten nitt brkant
1116 955 2007 1088 lich werden das sy nuwen
1125 1002 2047 1132 darbi vnd mitt gsein siß noch
1132 1060 2040 1210 gächen yeneg gesähen hab das
1116 1158 1986 1266 ga man Hans Camian von
1105 1210 2052 1337 yfferdin vnd der ander von
1109 1280 2082 1386 Lensane so miIuen sampt sine
1118 1335 2075 1448 wys mitt inen zogen ist, etwas
1105 1394 2063 1507 zu pelp oder anderwo gestolen
1112 1455 2045 1577 habe, noch wie aber die clegt
1134 1525 2021 1639 fürkompt, sy habindt de
1139 1584 2017 1707 Brndicht springe zu Belp ein
1131 1657 1991 1767 bandtuchinen fruwen vork
1133 1719 2070 1829 in tilechen, j erischzirchen samet
1129 1777 2059 1889 vistinem aich zu eine hembdlin
1138 1835 1485 1931 einfrombdet
1123 1898 2016 2019 zigt wither wendet sia fur
1145 1959 2031 2074 s sigind zu Thun da hat In
1135 2026 2065 2123 mann einem andern murer
1132 2079 2073 2190 daselbst gelet ghuschen darnan
1138 2136 2094 2265 sich er vff tutsch land zu gange
1117 2197 1510 2287 in die erndt
1636 2214 2055 2315 mit in hie
1113 2259 2101 2386 Im land glassen diewil Ir khinden
1127 2309 1727 2402 erst vij wochen alt
1120 2369 2082 2507 zu Carsatz als Jra gsteyli ersee
1126 2437 2067 2564 des nuwer kham vnd meirer
1097 2513 2029 2618 das men sie fachen wölte
1144 2559 2047 2704 sich die selbige gflochen aber s
1120 2630 2029 2755 mitt wollen entwichen, do
1111 2682 2105 2819 habindt die selbigen mannen
1126 2735 2012 2862 einseckt etwes eunders
1135 2800 2071 2928 us einem secke in derstaben
1128 2853 2021 2977 ußgschuttet das so darvor
1138 2919 2051 3056 nie gsachen hatt, die sagten
1138 2967 2071 3126 sygeren in konn funden
