<?xml version="1.0" encoding="UTF-8" standalone="yes"?>
<PcGts xmlns="http://schema.primaresearch.org/PAGE/gts/pagecontent/2013-07-15" xmlns:xsi="http://www.w3.org/2001/XMLSchema-instance" xsi:schemaLocation="http://schema.primaresearch.org/PAGE/gts/pagecontent/2013-07-15 http://schema.primaresearch.org/PAGE/gts/pagecontent/2013-07-15/pagecontent.xsd">
    <Metadata>
        <Creator>prov=University of Rostock/Institute of Mathematics/CITlab|PLANET AI GmbH/Gundram Leifert/gundram.leifert@planet-ai.de:name=German_Kurrent_XVI-XVIII_M1(htr_id=19584)::::v=2.6.7
prov=University of Rostock/Institute of Mathematics/CITlab|PLANET AI GmbH/Tobias Gruening/tobias.gruening@planet-ai.de:name=de.uros.citlab.module.baseline2polygon.B2PSeamMultiOriented:v=2.6.7
prov=University of Rostock/Institute of Mathematics/CITlab|PLANET AI GmbH/Gundram Leifert/gundram.leifert@planet-ai.de:name=Turmbücher Anna Witschi V2(htr_id=27066)::::v=2.6.7
prov=University of Rostock/Institute of Mathematics/CITlab|PLANET AI GmbH/Tobias Gruening/tobias.gruening@planet-ai.de:name=de.uros.citlab.module.baseline2polygon.B2PSeamMultiOriented:v=2.6.7
prov=University of Rostock/Institute of Mathematics/CITlab|PLANET AI GmbH/Gundram Leifert/gundram.leifert@planet-ai.de:name=German_Kurrent_XVI-XVIII_M1(htr_id=19584)::::v=2.6.6
prov=University of Rostock/Institute of Mathematics/CITlab|PLANET AI GmbH/Tobias Gruening/tobias.gruening@planet-ai.de:name=de.uros.citlab.module.baseline2polygon.B2PSeamMultiOriented:v=2.6.6
prov=University of Rostock/Institute of Mathematics/CITlab|PLANET AI GmbH/Gundram Leifert/gundram.leifert@planet-ai.de:name=German_Kurrent_XVI-XVIII_M1(htr_id=19584)::::v=2.6.6
prov=University of Rostock/Institute of Mathematics/CITlab|PLANET AI GmbH/Tobias Gruening/tobias.gruening@planet-ai.de:name=de.uros.citlab.module.baseline2polygon.B2PSeamMultiOriented:v=2.6.6
prov=University of Rostock/Institute of Mathematics/CITlab|PLANET AI GmbH/Tobias Gruening/tobias.gruening@planet-ai.de:name=/net_tf/LA73_249_0mod360.pb:de.uros.citlab.segmentation.CITlab_LA_ML:v=2.6.6
prov=University of Rostock/Institute of Mathematics/CITlab|PLANET AI GmbH/Tobias Gruening/tobias.gruening@planet-ai.de:name=/net_tf/LA73_249_0mod360.pb:de.uros.citlab.segmentation.CITlab_LA_ML:v=2.6.6
Transkribus</Creator>
        <Created>2020-10-05T11:47:38.351+02:00</Created>
        <LastChange>2022-09-09T16:43:48.053+02:00</LastChange>
        <TranskribusMetadata docId="1334775" pageId="52353418" pageNr="69" tsid="114634973" status="IN_PROGRESS" userId="9570" imgUrl="https://files.transkribus.eu/Get?id=NUIAAEHHSSCPBCTOHPERQPCJ&amp;fileType=view" xmlUrl="https://files.transkribus.eu/Get?id=FBSSOSLLLJFRLZFOFXDEJGUH" imageId="16046206"/>
    </Metadata>
    <Page imageFilename="20201005_093550346_iOS.jpg" imageWidth="2125" imageHeight="3500">
        <ReadingOrder>
            <OrderedGroup id="ro_1687514052978" caption="Regions reading order">
                <RegionRefIndexed index="0" regionRef="r1"/>
                <RegionRefIndexed index="1" regionRef="r2"/>
            </OrderedGroup>
        </ReadingOrder>
        <TextRegion orientation="0.0" id="r1" custom="readingOrder {index:0;}">
            <Coords points="71,107 71,3086 1038,3086 1038,107"/>
            <TextLine id="r1l1" custom="readingOrder {index:0;} NN {offset:4; length:7;} NN {offset:20; length:6;}">
                <Coords points="97,143 181,185 353,163 462,222 551,177 1024,258 1035,219 845,149 616,140 563,102 479,126 428,87 355,112 324,80 234,84 166,113 104,86"/>
                <Baseline points="104,134 150,135 196,138 242,142 288,144 334,149 380,153 426,156 472,161 518,165 565,170 611,176 657,183 703,189 749,195 795,201 841,209 887,216 933,224 979,233 1026,242"/>
                <TextEquiv>
                    <Unicode>vff Zinstag dem 24. Meyens im</Unicode>
                </TextEquiv>
            </TextLine>
            <TextLine id="r1l2" custom="readingOrder {index:1;} NN {offset:21; length:6;}">
                <Coords points="124,240 207,263 287,223 348,282 692,259 910,332 1018,324 1024,270 753,209 612,232 517,186 457,222 349,164 180,186 132,158"/>
                <Baseline points="132,216 176,219 220,222 264,225 308,228 352,231 396,234 440,238 484,242 528,245 573,249 617,254 661,260 705,264 749,270 793,276 837,282 881,288 925,296 969,302 1014,311"/>
                <TextEquiv>
                    <Unicode>xp lxix ✳ jar in bywäsen herrn</Unicode>
                </TextEquiv>
            </TextLine>
            <TextLine id="r1l3" custom="readingOrder {index:2;} NE {offset:0; length:13;} person {offset:0; length:13;} NN {offset:18; length:5;} NE {offset:25; length:7; continued:true;} person {offset:25; length:7; continued:true;}">
                <Coords points="132,322 300,313 377,365 531,314 649,330 690,370 727,347 898,370 925,402 1011,395 1018,326 696,306 576,256 521,289 479,261 378,293 283,245 138,253"/>
                <Baseline points="140,294 183,297 226,300 270,302 313,305 356,308 400,311 443,313 486,317 530,320 573,323 616,328 660,332 703,335 746,340 790,346 833,352 876,359 920,365 963,373 1007,381"/>
                <TextEquiv>
                    <Unicode>Ballus geldis des Rhats, Wilholm</Unicode>
                </TextEquiv>
            </TextLine>
            <TextLine id="r1l4" custom="readingOrder {index:3;} NE {offset:0; length:9; continued:true;} person {offset:0; length:9; continued:true;} NN {offset:10; length:11;}">
                <Coords points="101,366 268,412 434,393 493,436 534,419 555,439 796,431 801,353 690,371 601,333 542,367 430,348 383,366 336,322 262,356 104,321"/>
                <Baseline points="108,357 142,362 176,366 210,370 244,372 278,375 312,378 347,381 381,383 415,384 449,387 483,389 517,390 551,392 586,395 620,396 654,399 688,401 722,404 756,407 791,411"/>
                <TextEquiv>
                    <Unicode>vom stein groszweybels</Unicode>
                </TextEquiv>
            </TextLine>
            <TextLine id="r1l6" custom="readingOrder {index:4;} NE {offset:0; length:13;} person {offset:0; length:13;}">
                <Coords points="286,441 359,452 415,502 468,516 574,500 661,544 717,523 762,552 876,524 904,539 907,497 820,479 749,431 680,455 617,431 571,450 525,427 480,457 400,406 289,396"/>
                <Baseline points="290,468 320,471 351,474 381,477 412,481 442,483 473,486 503,489 534,491 564,494 595,497 625,498 656,501 686,503 717,506 747,507 778,510 808,511 839,513 869,515 900,516"/>
                <TextEquiv>
                    <Unicode>Gallus Lehman</Unicode>
                </TextEquiv>
            </TextLine>
            <TextLine id="r1l7" custom="readingOrder {index:5;} NN {offset:11; length:5;} NE {offset:17; length:13;} person {offset:17; length:13;}">
                <Coords points="63,601 112,621 187,588 386,590 445,632 526,599 1009,651 1013,593 944,569 891,598 781,548 710,572 601,522 488,546 420,514 359,539 289,519 207,546 69,503"/>
                <Baseline points="71,573 117,578 164,580 210,583 257,585 304,588 350,590 397,591 444,593 490,594 537,596 584,597 630,599 677,603 724,606 770,609 817,613 864,618 910,625 957,631 1004,639"/>
                <TextEquiv>
                    <Unicode>Ist in der keffi Callus Lohman den</Unicode>
                </TextEquiv>
            </TextLine>
            <TextLine id="r1l8" custom="readingOrder {index:6;} NN {offset:0; length:5;} vpar {offset:12; length:7;} VFINAUX {offset:20; length:6;}">
                <Coords points="97,682 298,660 409,697 462,666 590,726 721,679 1002,707 1004,646 952,660 898,630 833,655 781,618 737,644 520,603 446,642 371,600 274,628 231,597 98,633"/>
                <Baseline points="104,657 148,660 193,662 237,663 282,665 327,666 371,666 416,668 460,668 505,668 550,669 594,669 639,669 683,671 728,672 773,675 817,678 862,681 906,684 951,690 996,695"/>
                <TextEquiv>
                    <Unicode>wäber alhig befragt worden, vnd</Unicode>
                </TextEquiv>
            </TextLine>
            <TextLine id="r1l9" custom="readingOrder {index:7;} PRON {offset:0; length:3;} vpar {offset:4; length:11;} PRON {offset:25; length:5;}">
                <Coords points="82,738 207,750 240,785 329,752 400,783 444,743 594,768 638,734 702,765 839,742 960,799 992,782 993,733 764,680 619,722 578,696 533,717 467,668 354,702 290,663 223,711 83,695"/>
                <Baseline points="89,728 133,729 178,731 223,731 268,732 313,732 358,732 402,732 447,734 492,734 537,734 582,735 627,737 672,738 716,740 761,741 806,743 851,747 896,750 941,754 986,759"/>
                <TextEquiv>
                    <Unicode>ing furghaltten, wie das minen</Unicode>
                </TextEquiv>
            </TextLine>
            <TextLine id="r1l10" custom="readingOrder {index:8;} ADJ {offset:0; length:8;} NN {offset:9; length:6;} ADJ {offset:16; length:7;}">
                <Coords points="85,853 157,817 240,856 336,801 390,823 570,795 696,853 844,813 1004,842 1005,795 952,805 830,743 708,771 630,735 554,782 359,779 329,752 240,790 170,749 87,769"/>
                <Baseline points="92,806 137,805 182,804 228,803 273,803 318,801 364,800 409,800 454,798 500,798 545,798 590,799 636,800 681,801 726,803 772,805 817,808 862,811 908,816 953,821 999,827"/>
                <TextEquiv>
                    <Unicode>gnedigen herren klagwyß fürkom</Unicode>
                </TextEquiv>
            </TextLine>
            <TextLine id="r1l11" custom="readingOrder {index:9;} vpar {offset:0; length:3; continued:true;} PRON {offset:4; length:2;} VFINAUX {offset:7; length:4;} NE {offset:12; length:17;} person {offset:12; length:17;}">
                <Coords points="91,882 241,909 289,865 450,893 540,862 577,894 1036,903 989,840 846,859 783,818 693,854 599,804 553,831 353,803 281,854 92,852"/>
                <Baseline points="98,870 144,869 191,869 237,869 284,867 331,867 377,866 424,866 471,866 517,866 564,866 611,866 657,867 704,869 751,870 797,873 844,876 891,879 937,883 984,889 1031,894"/>
                <TextEquiv>
                    <Unicode>men er habe Hansen Dietterich den</Unicode>
                </TextEquiv>
            </TextLine>
            <TextLine id="r1l12" custom="readingOrder {index:10;} textStyle {offset:0; length:4;strikethrough:true;} ADJ {offset:15; length:9;}">
                <Coords points="89,944 157,939 189,969 240,933 301,968 398,927 565,915 663,933 708,974 788,937 978,948 962,898 813,881 675,907 90,891"/>
                <Baseline points="95,930 138,929 182,929 226,929 270,929 314,927 358,927 401,927 445,927 489,927 533,927 577,927 621,927 665,929 708,929 752,930 796,933 840,934 884,938 928,940 972,944"/>
                <TextEquiv>
                    <Unicode>tage thauwner vngutlich vnd</Unicode>
                </TextEquiv>
            </TextLine>
            <TextLine id="r1l13" custom="readingOrder {index:11;} work {offset:0; length:31; continued:true;} ADV {offset:0; length:11;} vpar {offset:12; length:7;} PRON {offset:24; length:3;}">
                <Coords points="78,1045 213,999 389,1014 432,986 518,1033 553,1005 648,1032 709,980 980,1010 1002,961 789,939 705,972 599,923 503,961 399,926 305,975 209,951 159,985 77,948"/>
                <Baseline points="84,998 129,998 175,998 220,998 266,997 312,996 357,995 403,993 448,992 494,991 540,990 585,989 631,987 676,987 722,987 768,987 813,987 859,989 904,990 950,993 996,996"/>
                <TextEquiv>
                    <Unicode>hinderrucks vßklagt, als vil als</Unicode>
                </TextEquiv>
            </TextLine>
            <TextLine id="r1l14" custom="readingOrder {index:12;} work {offset:0; length:33; continued:true;} NN {offset:11; length:6;} PRON {offset:21; length:3;} PRON {offset:30; length:3; continued:true;}">
                <Coords points="84,1071 245,1075 324,1109 450,1051 740,1084 788,1046 887,1094 934,1060 1011,1065 1010,1026 950,995 796,1014 763,991 654,1031 518,1033 478,999 428,1031 213,1009 158,1050 83,1047"/>
                <Baseline points="90,1067 135,1067 181,1067 227,1065 273,1064 318,1062 364,1061 410,1059 456,1056 501,1055 547,1053 593,1050 639,1049 684,1047 730,1047 776,1046 822,1046 867,1047 913,1049 959,1051 1005,1053"/>
                <TextEquiv>
                    <Unicode>umb zechen krouen ✳ so ime doch der</Unicode>
                </TextEquiv>
            </TextLine>
            <TextLine id="r1l15" custom="readingOrder {index:13;} work {offset:0; length:26; continued:true;} PRON {offset:0; length:6; continued:true;} PRON {offset:7; length:6;} ADJ {offset:14; length:8;} VFINAUX {offset:23; length:3;} PRON {offset:31; length:2;}">
                <Coords points="102,1149 417,1169 504,1115 566,1161 627,1160 708,1110 955,1120 964,1077 885,1092 787,1045 694,1086 656,1055 608,1078 562,1051 442,1058 323,1110 187,1073 100,1116"/>
                <Baseline points="107,1136 149,1134 192,1133 234,1130 277,1128 320,1125 362,1123 405,1120 448,1117 490,1115 533,1112 576,1110 618,1107 661,1106 704,1104 746,1104 789,1104 832,1104 874,1106 917,1108 960,1110"/>
                <TextEquiv>
                    <Unicode>selbig untzit schuldig si, vnd er onch</Unicode>
                </TextEquiv>
            </TextLine>
            <TextLine id="r1l16" custom="readingOrder {index:14;} PRON {offset:0; length:3;} PRON {offset:4; length:6;}">
                <Coords points="87,1214 582,1181 644,1212 721,1170 794,1202 842,1175 1013,1195 1011,1153 846,1107 703,1115 662,1154 579,1163 506,1119 430,1171 321,1150 221,1185 83,1119"/>
                <Baseline points="92,1199 137,1199 183,1197 228,1197 274,1194 320,1193 365,1190 411,1188 457,1184 502,1181 548,1179 594,1176 639,1172 685,1170 731,1169 776,1167 822,1167 868,1167 913,1168 959,1169 1005,1173"/>
                <TextEquiv>
                    <Unicode>me nütit ordenlich durch den ver¬</Unicode>
                </TextEquiv>
            </TextLine>
            <TextLine id="r1l17" custom="readingOrder {index:15;} NN {offset:0; length:3; continued:true;} VINFZU {offset:7; length:6;} PRON {offset:24; length:5;}">
                <Coords points="74,1309 305,1250 383,1284 526,1249 577,1277 707,1226 971,1249 1011,1240 1009,1194 215,1196 70,1225"/>
                <Baseline points="77,1254 123,1256 169,1256 216,1254 262,1253 308,1251 355,1248 401,1245 447,1241 494,1239 540,1235 586,1232 633,1228 679,1226 725,1223 772,1221 818,1220 864,1220 911,1220 957,1221 1004,1224"/>
                <TextEquiv>
                    <Unicode>bel zuwüssen than, wie miner se</Unicode>
                </TextEquiv>
            </TextLine>
            <TextLine id="r1l18" custom="readingOrder {index:16;} NN {offset:0; length:6;}">
                <Coords points="89,1361 176,1337 280,1360 324,1321 397,1313 499,1342 665,1283 769,1331 849,1323 902,1284 899,1236 717,1224 634,1233 570,1277 528,1249 388,1284 305,1250 237,1292 85,1296"/>
                <Baseline points="92,1319 132,1319 172,1317 212,1316 252,1314 293,1312 333,1310 373,1307 413,1305 453,1302 494,1299 534,1296 574,1293 614,1290 654,1288 695,1285 735,1283 775,1281 815,1280 855,1278 896,1277"/>
                <TextEquiv>
                    <Unicode>hewen stattrecht vnd bruch ist</Unicode>
                </TextEquiv>
            </TextLine>
            <TextLine id="r1l19" custom="readingOrder {index:17;} PRON {offset:4; length:9;} VFINAUX {offset:23; length:6;} PRON {offset:30; length:2;}">
                <Coords points="90,1497 214,1439 358,1477 434,1428 592,1438 621,1413 687,1446 773,1400 840,1424 1002,1402 999,1360 865,1329 750,1366 599,1379 535,1351 445,1390 357,1368 306,1398 176,1383 84,1413"/>
                <Baseline points="93,1452 138,1448 183,1444 228,1439 273,1436 318,1433 363,1428 408,1425 453,1422 498,1419 544,1416 589,1411 634,1409 679,1406 724,1402 769,1400 814,1395 859,1393 904,1390 949,1386 995,1383"/>
                <TextEquiv>
                    <Unicode>vff seinlichen fürtige wendet er</Unicode>
                </TextEquiv>
            </TextLine>
            <TextLine id="r1l20" custom="readingOrder {index:18;} NE {offset:0; length:13;} person {offset:0; length:13;}">
                <Coords points="81,1520 999,1463 995,1403 931,1425 787,1400 717,1450 502,1460 430,1430 381,1469 210,1453 79,1484"/>
                <Baseline points="87,1515 132,1510 177,1506 222,1502 268,1497 313,1493 358,1489 403,1485 449,1482 494,1479 539,1475 584,1472 630,1469 675,1466 720,1463 765,1461 811,1459 856,1456 901,1454 946,1452 992,1449"/>
                <TextEquiv>
                    <Unicode>Calles Lehman fur, Ersevf</Unicode>
                </TextEquiv>
            </TextLine>
            <TextLine id="r1l21" custom="readingOrder {index:19;} PRON {offset:0; length:2;} VFINAUX {offset:3; length:4;} PRON {offset:8; length:4;} textStyle {offset:13; length:7;strikethrough:true;} ADV {offset:25; length:6;} comment {offset:32; length:4; continued:true;comment:vergangener;} ADJ {offset:32; length:4; continued:true;}">
                <Coords points="72,1587 157,1561 197,1591 254,1559 314,1600 429,1543 583,1524 794,1520 887,1555 940,1509 1022,1539 1017,1474 906,1463 843,1493 478,1483 417,1519 362,1494 68,1534"/>
                <Baseline points="77,1571 123,1566 170,1560 217,1556 264,1551 311,1545 358,1541 404,1537 451,1533 498,1530 545,1526 592,1523 639,1520 686,1517 732,1515 779,1514 826,1512 873,1511 920,1511 967,1511 1014,1511"/>
                <TextEquiv>
                    <Unicode>Es habe sich zuertgen an nechst vor¬</Unicode>
                </TextEquiv>
            </TextLine>
            <TextLine id="r1l22" custom="readingOrder {index:20;} comment {offset:0; length:7; continued:true;comment:vergangener;} ADJ {offset:0; length:7; continued:true;} ADJ {offset:8; length:6;} NN {offset:14; length:10;}">
                <Coords points="103,1639 157,1655 260,1620 343,1649 400,1602 452,1624 529,1587 608,1619 738,1566 1015,1578 992,1534 839,1555 752,1520 380,1588 211,1592 157,1562 99,1586"/>
                <Baseline points="107,1622 152,1619 197,1614 242,1611 287,1608 332,1604 377,1599 422,1594 467,1590 512,1587 557,1583 602,1579 647,1576 692,1573 737,1570 782,1568 827,1566 872,1565 917,1563 962,1563 1007,1563"/>
                <TextEquiv>
                    <Unicode>thyner jungen fastnacht zutegen</Unicode>
                </TextEquiv>
            </TextLine>
            <TextLine id="r1l23" custom="readingOrder {index:21;} textStyle {offset:15; length:14;strikethrough:true;}">
                <Coords points="78,1680 242,1695 312,1670 366,1696 455,1665 495,1688 556,1645 644,1677 755,1635 809,1656 897,1617 993,1621 990,1583 943,1567 746,1607 683,1578 612,1622 541,1590 455,1627 397,1603 327,1648 76,1646"/>
                <Baseline points="84,1679 129,1677 174,1674 219,1671 264,1668 309,1665 354,1661 400,1657 445,1653 490,1649 535,1645 580,1641 625,1637 670,1633 716,1629 761,1627 806,1624 851,1620 896,1619 941,1617 987,1616"/>
                <TextEquiv>
                    <Unicode>das in bywäsen furor Ehfruren</Unicode>
                </TextEquiv>
            </TextLine>
            <TextLine id="r1l24" custom="readingOrder {index:22;} NN {offset:11; length:7;} NN {offset:23; length:5;}">
                <Coords points="75,1781 138,1739 282,1759 434,1700 650,1721 716,1684 959,1704 1022,1674 1016,1609 643,1676 580,1643 497,1687 310,1673 187,1706 66,1673"/>
                <Baseline points="78,1739 124,1734 171,1729 218,1725 265,1721 312,1716 358,1713 405,1709 452,1705 499,1700 546,1696 592,1692 639,1688 686,1685 733,1681 780,1678 826,1674 873,1670 920,1667 967,1664 1014,1661"/>
                <TextEquiv>
                    <Unicode>fin zweyer wäberen vom dorff</Unicode>
                </TextEquiv>
            </TextLine>
            <TextLine id="r1l25" custom="readingOrder {index:23;} ADJ {offset:7; length:7;} ADJ {offset:15; length:11;}">
                <Coords points="88,1792 326,1781 366,1813 430,1761 720,1729 829,1748 1003,1716 1001,1686 793,1680 641,1725 441,1712 330,1724 297,1757 230,1735 86,1769"/>
                <Baseline points="93,1782 138,1781 183,1778 228,1776 274,1772 319,1769 364,1764 409,1760 455,1755 500,1751 545,1747 590,1742 636,1737 681,1734 726,1730 771,1727 817,1724 862,1722 907,1721 952,1719 998,1719"/>
                <TextEquiv>
                    <Unicode>vnd so gutter funntlicher mei</Unicode>
                </TextEquiv>
            </TextLine>
            <TextLine id="r1l26" custom="readingOrder {index:24;} PRON {offset:9; length:2;} PRON {offset:16; length:5;}">
                <Coords points="77,1871 184,1845 264,1873 385,1824 428,1855 515,1803 679,1784 715,1808 999,1773 991,1715 916,1749 721,1729 614,1743 588,1775 434,1760 395,1796 356,1768 184,1826 71,1812"/>
                <Baseline points="81,1845 126,1843 172,1840 217,1836 263,1832 308,1828 354,1824 399,1819 445,1813 490,1809 536,1804 582,1799 627,1794 673,1790 718,1786 764,1782 809,1778 855,1775 900,1772 946,1770 992,1769"/>
                <TextEquiv>
                    <Unicode>mung zu im vnd sinen volck</Unicode>
                </TextEquiv>
            </TextLine>
            <TextLine id="r1l27" custom="readingOrder {index:25;} PRON {offset:4; length:2;} PRON {offset:7; length:3;} NN {offset:11; length:3;} VINFZU {offset:15; length:5;} ADJ {offset:26; length:3; continued:true;}">
                <Coords points="90,1915 303,1889 354,1923 449,1872 549,1886 580,1849 1000,1841 996,1795 866,1776 789,1816 674,1785 493,1812 429,1856 372,1829 266,1870 86,1869"/>
                <Baseline points="95,1899 139,1896 184,1892 229,1887 274,1883 319,1879 364,1875 408,1870 453,1865 498,1861 543,1856 588,1851 633,1847 678,1843 722,1839 767,1835 812,1833 857,1829 902,1828 947,1825 992,1824"/>
                <TextEquiv>
                    <Unicode>zum ven sein hust komen, des ge¬</Unicode>
                </TextEquiv>
            </TextLine>
            <TextLine id="r1l28" custom="readingOrder {index:26;} ADJ {offset:0; length:7; continued:true;} NE {offset:8; length:17;} person {offset:8; length:17;}">
                <Coords points="82,1974 177,1951 222,1978 335,1930 375,1958 454,1930 501,1954 652,1900 878,1934 994,1885 990,1844 902,1829 773,1871 587,1848 549,1887 517,1864 348,1920 220,1890 77,1920"/>
                <Baseline points="86,1952 131,1949 176,1946 221,1943 266,1940 311,1935 356,1932 401,1927 446,1922 491,1918 536,1913 581,1908 626,1904 671,1899 716,1895 761,1891 806,1887 851,1884 896,1881 941,1880 987,1878"/>
                <TextEquiv>
                    <Unicode>dachten Hansen Dietterich fruw</Unicode>
                </TextEquiv>
            </TextLine>
            <TextLine id="r1l29" custom="readingOrder {index:27;} PRON {offset:3; length:3;} textStyle {offset:11; length:14;strikethrough:true;}">
                <Coords points="92,2037 576,1967 673,2004 795,1945 957,1964 1032,1937 1025,1864 887,1923 635,1903 589,1941 443,1932 398,1965 230,1987 187,1963 88,1995"/>
                <Baseline points="96,2018 142,2013 189,2010 235,2006 282,2000 328,1995 375,1991 421,1986 468,1980 514,1976 561,1970 607,1965 654,1960 700,1955 747,1950 793,1947 840,1941 886,1938 933,1935 979,1932 1026,1929"/>
                <TextEquiv>
                    <Unicode>so Iue einaltter Schele mitt gunst</Unicode>
                </TextEquiv>
            </TextLine>
            <TextLine id="r1l30" custom="readingOrder {index:28;} VINFZU {offset:4; length:5;} ADJ {offset:14; length:5;} NN {offset:20; length:8;} vpar {offset:29; length:8; continued:true;}">
                <Coords points="103,2120 507,2028 699,2054 883,2000 960,2029 1032,2005 1025,1939 911,1969 798,1944 674,2003 576,1967 513,2010 438,1995 365,2036 266,2003 180,2062 98,2071"/>
                <Baseline points="105,2085 150,2079 196,2072 242,2065 288,2059 334,2053 380,2047 426,2042 472,2036 518,2030 564,2025 609,2020 655,2016 701,2011 747,2006 793,2001 839,1998 885,1994 931,1990 977,1988 1023,1983"/>
                <TextEquiv>
                    <Unicode>zuͦ reden ein alten schelmen geschel¬</Unicode>
                </TextEquiv>
            </TextLine>
            <TextLine id="line_1603021582385_175" custom="readingOrder {index:29;} vpar {offset:0; length:3; continued:true;} PRON {offset:9; length:3;} ADV {offset:18; length:9;} ADJ {offset:28; length:4;}">
                <Coords points="79,2147 232,2153 380,2110 433,2131 513,2082 844,2087 888,2046 1050,2040 1009,1997 948,2030 781,2009 751,2045 515,2066 439,2044 77,2124"/>
                <Baseline points="83,2130 183,2119 283,2109 383,2100 483,2089 683,2065 783,2057 883,2051 983,2047 1044,2044"/>
                <TextEquiv>
                    <Unicode>ten, das Ine nitt vnbillich woll</Unicode>
                </TextEquiv>
            </TextLine>
            <TextLine id="r1l32" custom="readingOrder {index:30;} vpar {offset:0; length:11;} comment {offset:0; length:11;comment:kränken,\u0020beleidigen;} PRON {offset:17; length:2;} ADV {offset:20; length:9;} comment {offset:20; length:9;comment:ehemals;}">
                <Coords points="95,2218 250,2228 597,2127 634,2147 665,2120 724,2138 962,2095 1014,2116 1045,2100 1039,2050 88,2162"/>
                <Baseline points="99,2202 148,2194 197,2188 247,2181 296,2173 346,2166 395,2160 444,2153 494,2147 543,2139 593,2134 642,2128 692,2122 741,2117 790,2112 840,2107 889,2102 939,2097 988,2094 1038,2091"/>
                <TextEquiv>
                    <Unicode>beschwachet, dan sy vormalenn wehr</Unicode>
                </TextEquiv>
            </TextLine>
            <TextLine id="r1l33" custom="readingOrder {index:31;} PRON {offset:9; length:2;} NE {offset:12; length:5;} person {offset:12; length:5;} PRON {offset:18; length:3;} vpar {offset:22; length:7;} PRON {offset:31; length:4;} unclear {offset:31; length:3;}">
                <Coords points="104,2277 208,2246 254,2273 398,2222 466,2242 551,2207 622,2227 698,2188 750,2213 850,2158 1023,2143 1019,2115 945,2108 760,2119 713,2150 596,2127 525,2175 374,2204 266,2182 197,2231 97,2226"/>
                <Baseline points="108,2262 153,2254 198,2246 244,2239 289,2231 335,2225 380,2218 425,2211 471,2204 516,2198 562,2192 607,2186 652,2180 698,2174 743,2169 789,2163 834,2157 879,2151 925,2147 970,2141 1016,2135"/>
                <TextEquiv>
                    <Unicode>der zytt er galli sia behuset, zuer</Unicode>
                </TextEquiv>
            </TextLine>
            <TextLine id="r1l34" custom="readingOrder {index:32;} ADJ {offset:0; length:9;} NN {offset:10; length:5;} vpar {offset:16; length:5;} VFINAUX {offset:22; length:3;} ADV {offset:27; length:7;}">
                <Coords points="108,2327 222,2307 316,2330 377,2274 524,2251 592,2277 705,2240 757,2260 920,2202 977,2232 1036,2199 1028,2137 889,2176 855,2154 747,2213 657,2197 372,2257 301,2242 254,2273 208,2251 104,2293"/>
                <Baseline points="114,2319 159,2311 205,2303 251,2295 297,2288 342,2280 388,2272 434,2266 480,2259 525,2252 571,2245 617,2239 663,2232 708,2227 754,2222 800,2216 846,2211 891,2206 937,2201 983,2197 1029,2193"/>
                <TextEquiv>
                    <Unicode>anlessige wortt geben hab, deßhabb</Unicode>
                </TextEquiv>
            </TextLine>
            <TextLine id="r1l35" custom="readingOrder {index:33;} PRON {offset:0; length:2;} vpar {offset:12; length:6;} ADV {offset:19; length:5;}">
                <Coords points="103,2379 167,2362 221,2388 303,2341 346,2367 684,2281 743,2313 766,2287 871,2300 999,2254 918,2203 860,2248 679,2249 521,2292 314,2281 254,2325 221,2307 97,2338"/>
                <Baseline points="107,2367 151,2362 195,2356 239,2351 284,2344 328,2337 372,2332 416,2326 461,2319 505,2312 549,2307 593,2300 638,2294 682,2287 726,2281 770,2276 815,2270 859,2264 903,2259 947,2255 992,2250"/>
                <TextEquiv>
                    <Unicode>er zu zorn bewigt gegen Im</Unicode>
                </TextEquiv>
            </TextLine>
            <TextLine id="r1l36" custom="readingOrder {index:34;} VFINAUX {offset:10; length:10;}">
                <Coords points="89,2456 387,2380 429,2410 941,2306 1024,2326 1017,2268 744,2311 697,2286 518,2345 463,2323 362,2374 303,2342 227,2390 79,2387"/>
                <Baseline points="92,2429 138,2422 184,2416 230,2409 276,2402 323,2395 369,2388 415,2381 461,2374 507,2367 554,2360 600,2353 646,2347 692,2340 738,2335 785,2328 831,2322 877,2317 923,2312 969,2306 1016,2303"/>
                <TextEquiv>
                    <Unicode>zu wiltt sprechende wan es da</Unicode>
                </TextEquiv>
            </TextLine>
            <TextLine id="r1l37" custom="readingOrder {index:35;} ADV {offset:6; length:5;} VFINAUX {offset:12; length:4;} VFINAUX {offset:21; length:3;}">
                <Coords points="94,2497 230,2474 307,2497 357,2446 542,2442 617,2397 776,2408 857,2370 913,2392 982,2348 977,2315 813,2356 685,2346 627,2388 550,2370 426,2409 386,2382 286,2438 132,2429 88,2459"/>
                <Baseline points="98,2483 144,2477 190,2470 236,2464 283,2456 329,2449 375,2442 421,2435 468,2427 514,2420 560,2413 606,2406 653,2398 699,2392 745,2385 791,2378 838,2372 884,2365 930,2360 977,2354"/>
                <TextEquiv>
                    <Unicode>lanne gnut wär des nam sie</Unicode>
                </TextEquiv>
            </TextLine>
            <TextLine id="r1l38" custom="readingOrder {index:36;} PRON {offset:0; length:2;} NE {offset:8; length:9;} person {offset:8; length:9;} VFINAUX {offset:25; length:4;}">
                <Coords points="86,2579 357,2500 515,2487 599,2514 705,2446 1023,2421 1023,2361 694,2429 624,2398 570,2444 407,2432 303,2498 123,2481 75,2505"/>
                <Baseline points="87,2541 133,2534 180,2527 227,2520 274,2513 321,2507 367,2499 414,2492 461,2485 508,2478 555,2471 601,2465 648,2458 695,2451 742,2445 789,2439 835,2432 882,2426 929,2419 976,2413 1023,2406"/>
                <TextEquiv>
                    <Unicode>Ir mann Dieterich an vnd wolt</Unicode>
                </TextEquiv>
            </TextLine>
            <TextLine id="r1l39" custom="readingOrder {index:37;} NN {offset:4; length:4;} PRON {offset:14; length:3;} NE {offset:18; length:6;} VINFZU {offset:25; length:6;}">
                <Coords points="90,2611 211,2582 284,2612 353,2555 535,2569 792,2498 884,2521 1033,2487 1024,2424 759,2436 599,2512 474,2489 85,2577"/>
                <Baseline points="93,2588 139,2583 186,2579 232,2574 279,2567 326,2562 372,2555 419,2548 465,2542 512,2534 559,2528 605,2521 652,2514 698,2508 745,2501 792,2495 838,2490 885,2485 931,2481 978,2477 1025,2474"/>
                <TextEquiv>
                    <Unicode>die acht vber Ime Ballus zucken</Unicode>
                </TextEquiv>
            </TextLine>
            <TextLine id="r1l40" custom="readingOrder {index:38;} VFINAUX {offset:5; length:5;} PRON {offset:11; length:2;}">
                <Coords points="74,2686 162,2673 201,2632 488,2618 526,2584 758,2594 856,2545 1008,2537 1000,2485 890,2527 795,2497 734,2541 65,2618"/>
                <Baseline points="77,2661 123,2652 169,2643 215,2635 261,2628 308,2619 354,2612 400,2606 446,2600 492,2593 539,2586 585,2581 631,2575 677,2570 723,2564 770,2558 816,2552 862,2546 908,2540 954,2534 1001,2528"/>
                <TextEquiv>
                    <Unicode>also kamen sy aneinender und</Unicode>
                </TextEquiv>
            </TextLine>
            <TextLine id="r1l41" custom="readingOrder {index:39;} VFINAUX {offset:0; length:3;} PRON {offset:20; length:3;} PRON {offset:24; length:5;}">
                <Coords points="91,2760 204,2698 333,2724 532,2636 1018,2597 1017,2530 853,2550 792,2595 664,2576 287,2652 202,2633 80,2690"/>
                <Baseline points="90,2714 136,2706 182,2698 229,2690 275,2683 321,2675 368,2668 414,2661 460,2654 507,2648 553,2640 599,2635 646,2627 692,2621 738,2613 785,2607 831,2600 877,2592 924,2585 970,2578 1017,2571"/>
                <TextEquiv>
                    <Unicode>gab ein gstüchel in dem suer gatt</Unicode>
                </TextEquiv>
            </TextLine>
            <TextLine id="r1l42" custom="readingOrder {index:40;} NN {offset:0; length:7;} ADJ {offset:13; length:4;}">
                <Coords points="78,2817 369,2730 433,2749 481,2712 600,2699 841,2705 898,2659 1021,2643 1008,2578 951,2614 807,2600 772,2630 663,2630 522,2686 425,2668 369,2720 284,2697 67,2742"/>
                <Baseline points="78,2774 124,2767 171,2760 218,2753 265,2746 312,2738 358,2731 405,2724 452,2716 499,2709 546,2700 592,2693 639,2687 686,2679 733,2672 780,2666 826,2661 873,2654 920,2648 967,2642 1014,2637"/>
                <TextEquiv>
                    <Unicode>gerden ehren b sg nd</Unicode>
                </TextEquiv>
            </TextLine>
            <TextLine id="r1l44" custom="readingOrder {index:41;} DIWO {offset:0; length:4;} NN {offset:12; length:3;} unclear {offset:15; length:3;} textStyle {offset:15; length:3;strikethrough:true;}">
                <Coords points="91,2840 232,2850 292,2796 331,2810 406,2775 956,2717 990,2706 985,2672 690,2723 547,2706 355,2767 259,2753 88,2820"/>
                <Baseline points="96,2831 140,2823 184,2817 229,2810 273,2802 317,2796 362,2787 406,2780 450,2772 495,2764 539,2757 583,2750 628,2743 672,2737 716,2730 761,2724 805,2718 849,2711 894,2706 938,2700 983,2696"/>
                <TextEquiv>
                    <Unicode>uff an ein Krit vn von</Unicode>
                </TextEquiv>
            </TextLine>
            <TextLine id="r1l45" custom="readingOrder {index:42;} NE {offset:0; length:10;} vpar {offset:11; length:7;} VFINAUX {offset:19; length:6;}">
                <Coords points="92,2909 290,2861 341,2892 384,2835 431,2859 468,2823 540,2853 619,2795 957,2766 967,2724 891,2709 806,2744 697,2736 658,2768 418,2778 239,2850 81,2845"/>
                <Baseline points="93,2880 136,2877 180,2871 223,2867 267,2859 311,2851 354,2844 398,2836 442,2827 485,2819 529,2810 573,2801 616,2793 660,2786 704,2779 747,2772 791,2766 835,2761 878,2757 922,2754 966,2753"/>
                <TextEquiv>
                    <Unicode>diett arich zuugfugt wurden</Unicode>
                </TextEquiv>
            </TextLine>
            <TextLine id="r1l46" custom="readingOrder {index:43;} PRON {offset:0; length:6;} PRON {offset:7; length:3;} person {offset:14; length:8;} NN {offset:15; length:3;} ADJ {offset:19; length:4;}">
                <Coords points="84,2972 244,2925 371,2935 463,2881 1037,2835 1025,2759 888,2765 790,2815 617,2795 539,2853 386,2835 346,2888 301,2864 76,2921"/>
                <Baseline points="87,2948 136,2940 185,2931 235,2923 284,2915 334,2906 383,2897 432,2889 482,2880 531,2871 581,2863 630,2855 680,2847 729,2840 778,2833 828,2826 877,2822 927,2816 976,2812 1026,2808"/>
                <TextEquiv>
                    <Unicode>darvor Im der Krinhoch vffge¬</Unicode>
                </TextEquiv>
            </TextLine>
            <TextLine id="r1l47" custom="readingOrder {index:44;} vpar {offset:0; length:6; continued:true;} NN {offset:15; length:9;} person {offset:15; length:9;}">
                <Coords points="102,3026 154,3043 347,2955 489,2957 616,2916 784,2934 830,2898 966,2893 971,2829 873,2861 730,2847 592,2891 540,2875 511,2902 464,2881 307,2955 195,2941 155,2975 92,2969"/>
                <Baseline points="105,3009 148,3002 191,2993 235,2985 278,2977 321,2967 365,2958 408,2951 451,2943 495,2934 538,2927 581,2919 625,2913 668,2905 711,2899 755,2894 798,2888 841,2883 885,2880 928,2877 972,2874"/>
                <TextEquiv>
                    <Unicode>Coffan vnd der Schureren</Unicode>
                </TextEquiv>
            </TextLine>
            <TextLine id="r1l48" custom="readingOrder {index:45;} unclear {offset:6; length:8;} ADV {offset:17; length:4;} ADJ {offset:22; length:7;}">
                <Coords points="101,3102 274,3062 445,3069 489,3019 599,2987 750,3011 905,2956 1002,2956 988,2879 749,2939 616,2917 549,2961 399,2961 320,3016 92,3053"/>
                <Baseline points="102,3074 146,3068 190,3062 235,3055 279,3047 324,3038 368,3030 412,3021 457,3014 501,3005 546,2995 590,2986 634,2978 679,2968 723,2960 768,2953 812,2945 856,2938 901,2932 945,2927 990,2922"/>
                <TextEquiv>
                    <Unicode>nott nefftig ✳ und noch huttige</Unicode>
                </TextEquiv>
            </TextLine>
            <TextEquiv>
                <Unicode>vff Zinstag dem 24. Meyens im
xp lxix ✳ jar in bywäsen herrn
Ballus geldis des Rhats, Wilholm
vom stein groszweybels
Gallus Lehman
Ist in der keffi Callus Lohman den
wäber alhig befragt worden, vnd
ing furghaltten, wie das minen
gnedigen herren klagwyß fürkom
men er habe Hansen Dietterich den
tage thauwner vngutlich vnd
hinderrucks vßklagt, als vil als
umb zechen krouen ✳ so ime doch der
selbig untzit schuldig si, vnd er onch
me nütit ordenlich durch den ver¬
bel zuwüssen than, wie miner se
hewen stattrecht vnd bruch ist
vff seinlichen fürtige wendet er
Calles Lehman fur, Ersevf
Es habe sich zuertgen an nechst vor¬
thyner jungen fastnacht zutegen
das in bywäsen furor Ehfruren
fin zweyer wäberen vom dorff
vnd so gutter funntlicher mei
mung zu im vnd sinen volck
zum ven sein hust komen, des ge¬
dachten Hansen Dietterich fruw
so Iue einaltter Schele mitt gunst
zuͦ reden ein alten schelmen geschel¬
ten, das Ine nitt vnbillich woll
beschwachet, dan sy vormalenn wehr
der zytt er galli sia behuset, zuer
anlessige wortt geben hab, deßhabb
er zu zorn bewigt gegen Im
zu wiltt sprechende wan es da
lanne gnut wär des nam sie
Ir mann Dieterich an vnd wolt
die acht vber Ime Ballus zucken
also kamen sy aneinender und
gab ein gstüchel in dem suer gatt
gerden ehren b sg nd
uff an ein Krit vn von
diett arich zuugfugt wurden
darvor Im der Krinhoch vffge¬
Coffan vnd der Schureren
nott nefftig ✳ und noch huttige</Unicode>
            </TextEquiv>
        </TextRegion>
        <TextRegion orientation="0.0" id="r2" custom="readingOrder {index:1;}">
            <Coords points="1082,94 1082,3193 2057,3193 2057,94"/>
            <TextLine id="r2l1" custom="readingOrder {index:0;} NN {offset:0; length:4;} VINFZU {offset:5; length:11;} PRON {offset:17; length:2;} VFINAUX {offset:20; length:4;}">
                <Coords points="1105,217 1226,220 1285,185 1341,207 1402,163 1526,193 1598,146 1871,135 1975,172 2034,138 2030,83 1956,70 1891,111 1824,69 1672,123 1568,98 1513,136 1336,103 1101,162"/>
                <Baseline points="1109,197 1154,189 1200,183 1246,177 1292,171 1338,165 1384,161 1430,156 1476,152 1522,149 1568,146 1613,143 1659,140 1705,138 1751,135 1797,134 1843,132 1889,129 1935,128 1981,126 2027,123"/>
                <TextEquiv>
                    <Unicode>segs zu besorgen sy muß den sche</Unicode>
                </TextEquiv>
            </TextLine>
            <TextLine id="r2l2" custom="readingOrder {index:1;} PRON {offset:9; length:3;} NN {offset:23; length:5;}">
                <Coords points="1093,278 1392,223 1708,231 1832,188 1884,229 1961,186 2020,193 2015,140 1928,174 1884,137 1825,175 1615,147 1519,199 1401,163 1229,230 1088,216"/>
                <Baseline points="1098,266 1143,258 1189,251 1235,245 1281,239 1326,233 1372,229 1418,224 1464,219 1509,216 1555,213 1601,210 1647,206 1692,203 1738,201 1784,197 1830,194 1875,191 1921,188 1967,185 2013,182"/>
                <TextEquiv>
                    <Unicode>dem mitt Ira vnder den hendt</Unicode>
                </TextEquiv>
            </TextLine>
            <TextLine id="r2l3" custom="readingOrder {index:2;} VINFZU {offset:0; length:6;} textStyle {offset:12; length:6;strikethrough:true;} PRON {offset:24; length:2;}">
                <Coords points="1092,338 1175,362 1328,294 1513,332 1656,284 1727,316 1828,262 2050,271 2061,222 1960,188 1904,232 1833,195 1755,206 1666,258 1557,222 1448,263 1390,225 1331,285 1087,274"/>
                <Baseline points="1097,321 1145,316 1193,313 1241,308 1289,305 1337,300 1385,295 1433,291 1481,287 1529,284 1577,280 1625,276 1673,273 1721,269 1769,266 1817,263 1865,258 1913,256 1961,253 2009,251 2057,248"/>
                <TextEquiv>
                    <Unicode>tagen, Der sachenhalb er dem</Unicode>
                </TextEquiv>
            </TextLine>
            <TextLine id="r2l4" custom="readingOrder {index:3;} NE {offset:0; length:11;}">
                <Coords points="1093,414 1212,393 1269,423 1432,359 1530,390 1628,344 1757,335 1830,377 1864,338 1933,335 1927,270 1875,264 1764,322 1652,283 1597,325 1555,298 1512,338 1277,331 1173,365 1088,344"/>
                <Baseline points="1098,392 1139,387 1180,381 1222,377 1263,373 1304,369 1346,366 1387,361 1428,359 1470,355 1511,352 1552,350 1594,347 1635,343 1676,341 1718,337 1759,335 1800,332 1842,329 1883,326 1925,321"/>
                <TextEquiv>
                    <Unicode>diettericht mitt fur dem schaden</Unicode>
                </TextEquiv>
            </TextLine>
            <TextLine id="r2l5" custom="readingOrder {index:4;}">
                <Coords points="1107,506 1212,463 1285,486 1374,423 1457,450 1667,419 1737,454 1865,398 1964,428 2028,391 2022,328 1954,323 1825,378 1769,343 1724,378 1679,349 1563,393 1429,357 1374,407 1099,425"/>
                <Baseline points="1110,473 1155,465 1201,455 1246,448 1292,441 1337,435 1383,430 1428,425 1474,420 1519,416 1565,413 1611,409 1656,406 1702,402 1747,400 1793,396 1838,394 1884,390 1929,387 1975,383 2021,380"/>
                <TextEquiv>
                    <Unicode>schmeitzen kosten vnd scharerlohn</Unicode>
                </TextEquiv>
            </TextLine>
            <TextLine id="r2l6" custom="readingOrder {index:5;} vpar {offset:0; length:8;} person {offset:8; length:10;} NE {offset:9; length:10;}">
                <Coords points="1114,585 1205,546 1290,565 1443,504 1551,541 1602,483 1660,518 1783,493 1833,526 2032,484 2027,421 1994,414 1750,459 1572,435 1492,467 1368,430 1296,491 1108,505"/>
                <Baseline points="1116,540 1161,533 1206,525 1252,519 1297,513 1343,507 1388,501 1433,497 1479,492 1524,489 1570,486 1615,482 1660,479 1706,476 1751,474 1797,471 1842,469 1887,467 1933,464 1978,462 2024,461"/>
                <TextEquiv>
                    <Unicode>genant₎ dietterich mitt recht ange¬</Unicode>
                </TextEquiv>
            </TextLine>
            <TextLine id="r2l7" custom="readingOrder {index:6;} vpar {offset:0; length:5; continued:true;} ADV {offset:7; length:6;} PRON {offset:19; length:2;} PRON {offset:22; length:3;} ADV {offset:26; length:3;}">
                <Coords points="1093,633 1211,644 1252,603 1278,623 1360,587 1483,608 1551,562 1721,559 1763,585 1832,543 1987,552 1984,458 1851,525 1794,496 1660,519 1613,490 1552,542 1514,512 1344,523 1311,562 1089,592"/>
                <Baseline points="1098,620 1142,612 1186,605 1231,597 1275,591 1319,586 1364,580 1408,576 1452,571 1497,566 1541,562 1585,558 1630,556 1674,552 1718,551 1763,548 1807,546 1851,543 1896,542 1940,540 1985,539"/>
                <TextEquiv>
                    <Unicode>leugt, doruff aber er Inn mie</Unicode>
                </TextEquiv>
            </TextLine>
            <TextLine id="r2l8" custom="readingOrder {index:7;} vpar {offset:13; length:8;} VFINAUX {offset:22; length:3;}">
                <Coords points="1094,684 1382,666 1490,629 1631,668 1667,634 1755,619 1857,647 1880,631 1874,569 1832,546 1782,592 1363,598 1334,622 1090,648"/>
                <Baseline points="1098,669 1136,665 1175,662 1213,656 1252,653 1291,649 1329,646 1368,643 1407,639 1445,635 1484,633 1523,629 1561,627 1600,623 1639,620 1677,617 1716,614 1755,611 1793,608 1832,603 1871,599"/>
                <TextEquiv>
                    <Unicode>mitt antwurt begegnet syg</Unicode>
                </TextEquiv>
            </TextLine>
            <TextLine id="r2l9" custom="readingOrder {index:8;} PRON {offset:3; length:2;} PRON {offset:25; length:2;}">
                <Coords points="1106,751 1349,702 1764,711 1857,662 1942,696 2014,676 2008,612 1923,604 1861,651 1755,620 1561,677 1513,645 1100,684"/>
                <Baseline points="1110,735 1154,730 1199,726 1244,722 1289,717 1334,712 1378,708 1423,705 1468,699 1513,696 1558,691 1602,688 1647,683 1692,680 1737,676 1782,672 1826,668 1871,663 1916,659 1961,655 2006,651"/>
                <TextEquiv>
                    <Unicode>So er doch das gitt vff im clagt</Unicode>
                </TextEquiv>
            </TextLine>
            <TextLine id="r2l10" custom="readingOrder {index:9;} NE {offset:4; length:13;} person {offset:4; length:13;}">
                <Coords points="1084,806 1208,797 1265,829 1404,770 1508,806 1633,746 1922,762 2013,721 2010,685 1941,696 1865,662 1752,722 1507,737 1437,705 1395,748 1338,712 1241,770 1183,735 1080,767"/>
                <Baseline points="1089,794 1134,792 1180,790 1226,788 1272,784 1318,780 1364,776 1409,772 1455,768 1501,763 1547,758 1593,753 1639,748 1685,743 1730,739 1776,734 1822,728 1868,724 1914,720 1960,716 2006,711"/>
                <TextEquiv>
                    <Unicode>vnd Joder Bitzins ein s betzen</Unicode>
                </TextEquiv>
            </TextLine>
            <TextLine id="r2l11" custom="readingOrder {index:10;} VINFZU {offset:0; length:5;} VINFZU {offset:13; length:10;}">
                <Coords points="1104,883 1232,847 1309,882 1419,838 1549,854 1624,814 1970,797 1985,749 1841,772 1806,751 1694,788 1582,755 1503,809 1410,771 1259,834 1172,797 1099,827"/>
                <Baseline points="1107,858 1150,854 1194,851 1238,849 1282,844 1325,840 1369,836 1413,833 1457,829 1500,824 1544,820 1588,816 1632,812 1675,808 1719,803 1763,799 1807,796 1850,792 1894,788 1938,785 1982,782"/>
                <TextEquiv>
                    <Unicode>geben pfandt zusuchen, das er</Unicode>
                </TextEquiv>
            </TextLine>
            <TextLine id="r2l12" custom="readingOrder {index:11;} ADJ {offset:0; length:7;} unclear {offset:13; length:14;} NE {offset:13; length:12;}">
                <Coords points="1102,942 1387,906 1570,927 1625,891 1699,913 1757,870 1877,883 1966,856 1945,786 1889,821 1740,816 1614,869 1519,838 1455,879 1096,874"/>
                <Baseline points="1106,923 1148,920 1191,916 1233,913 1276,909 1319,906 1361,902 1404,899 1447,895 1489,890 1532,886 1575,883 1617,879 1660,875 1703,870 1745,866 1788,863 1831,858 1873,854 1916,849 1959,846"/>
                <TextEquiv>
                    <Unicode>heitter mitt fupor sutor vnd</Unicode>
                </TextEquiv>
            </TextLine>
            <TextLine id="r2l13" custom="readingOrder {index:12;} NE {offset:0; length:15;} person {offset:0; length:8;} unclear {offset:8; length:7;} VINFZU {offset:16; length:9;}">
                <Coords points="1110,995 1286,1003 1353,963 1471,988 1505,961 1738,933 1827,964 1897,928 1892,884 1757,870 1699,913 1664,900 1565,934 1444,919 1396,941 1311,913 1106,945"/>
                <Baseline points="1115,980 1153,978 1192,977 1231,975 1269,974 1308,970 1347,968 1385,965 1424,962 1463,959 1502,956 1540,952 1579,948 1618,943 1656,939 1695,935 1734,930 1772,926 1811,920 1850,915 1889,909"/>
                <TextEquiv>
                    <Unicode>Vi dolff verwern bibringe</Unicode>
                </TextEquiv>
            </TextLine>
            <TextLine id="r2l14" custom="readingOrder {index:13;} VFINAUX {offset:0; length:4;} NN {offset:9; length:5;} VINFZU {offset:15; length:9;}">
                <Coords points="1078,1068 1418,1031 1464,1066 1553,1023 1755,1005 1795,1032 1912,995 1961,1023 2019,992 2015,935 1961,923 1763,971 1073,992"/>
                <Baseline points="1082,1037 1128,1037 1175,1037 1221,1035 1268,1033 1314,1031 1361,1028 1407,1025 1454,1022 1500,1018 1547,1015 1593,1011 1640,1008 1686,1003 1733,1000 1779,996 1826,992 1872,990 1919,986 1965,983 2012,981"/>
                <TextEquiv>
                    <Unicode>well und pfand verruffen lasse</Unicode>
                </TextEquiv>
            </TextLine>
            <TextLine id="r2l15" custom="readingOrder {index:14;} NE {offset:6; length:17;} person {offset:6; length:17;}">
                <Coords points="1083,1122 1199,1150 1339,1098 1417,1110 1506,1081 1643,1119 1747,1072 1887,1070 1884,1033 1853,1027 1716,1049 1543,1028 1469,1070 1419,1031 1237,1079 1208,1055 1180,1079 1079,1068"/>
                <Baseline points="1088,1104 1127,1103 1167,1101 1206,1100 1246,1098 1286,1097 1325,1094 1365,1092 1404,1090 1444,1088 1484,1085 1523,1082 1563,1079 1602,1077 1642,1074 1682,1070 1721,1068 1761,1065 1800,1063 1840,1059 1880,1058"/>
                <TextEquiv>
                    <Unicode>durch Hansen Bumpartenn</Unicode>
                </TextEquiv>
            </TextLine>
            <TextLine id="r2l16" custom="readingOrder {index:15;} vpar {offset:0; length:6;} DIWO {offset:0; length:6;} ADV {offset:7; length:7;} PRON {offset:15; length:4;} vpar {offset:20; length:6;}">
                <Coords points="1110,1199 1308,1168 1415,1200 1511,1145 1657,1150 1709,1184 1791,1145 1823,1170 1854,1141 1906,1162 1939,1151 1932,1043 1857,1099 1753,1074 1668,1122 1505,1087 1374,1126 1313,1107 1207,1162 1107,1147"/>
                <Baseline points="1116,1184 1156,1180 1197,1176 1238,1173 1279,1169 1319,1166 1360,1163 1401,1160 1442,1157 1482,1154 1523,1151 1564,1149 1605,1146 1645,1144 1686,1142 1727,1140 1768,1138 1808,1137 1849,1136 1890,1134 1931,1133"/>
                <TextEquiv>
                    <Unicode>getuuwe deszhalb nütt gfält ze</Unicode>
                </TextEquiv>
            </TextLine>
            <TextLine id="r2l17" custom="readingOrder {index:16;} VINFZU {offset:0; length:3;} PRON {offset:4; length:2;} VFINAUX {offset:7; length:3;} ADV {offset:11; length:6;}">
                <Coords points="1100,1294 1222,1232 1329,1258 1474,1221 1551,1244 1636,1208 1782,1202 1824,1233 1895,1193 2007,1204 1984,1153 1900,1178 1857,1141 1755,1186 1519,1150 1415,1201 1340,1176 1312,1208 1096,1228"/>
                <Baseline points="1104,1250 1148,1243 1193,1238 1238,1233 1283,1229 1328,1224 1372,1220 1417,1217 1462,1214 1507,1211 1552,1209 1596,1206 1641,1204 1686,1202 1731,1200 1776,1200 1820,1199 1865,1197 1910,1196 1955,1196 2000,1194"/>
                <TextEquiv>
                    <Unicode>gen er hab alzytt den lohn gen</Unicode>
                </TextEquiv>
            </TextLine>
            <TextLine id="r2l18" custom="readingOrder {index:17;} NE {offset:0; length:4;} VFINAUX {offset:5; length:3;} PRON {offset:13; length:2;} vpar {offset:16; length:8;}">
                <Coords points="1113,1359 1430,1288 1749,1316 1824,1278 1980,1275 1978,1242 1748,1241 1700,1207 1632,1251 1498,1234 1414,1270 1294,1244 1109,1290"/>
                <Baseline points="1116,1314 1158,1309 1201,1304 1244,1300 1287,1296 1330,1292 1373,1289 1415,1285 1458,1283 1501,1280 1544,1277 1587,1276 1630,1274 1673,1272 1715,1271 1758,1269 1801,1268 1844,1268 1887,1266 1930,1266 1973,1265"/>
                <TextEquiv>
                    <Unicode>gott geb wie es versorgt worde</Unicode>
                </TextEquiv>
            </TextLine>
            <TextLine id="r2l19" custom="readingOrder {index:18;} VFINAUX {offset:6; length:2;} PRON {offset:10; length:3;} NE {offset:14; length:6;} vpar {offset:21; length:10;}">
                <Coords points="1098,1494 1323,1469 1402,1507 1528,1446 1719,1440 1821,1486 1941,1432 2014,1439 2010,1368 1948,1350 1867,1396 1584,1374 1507,1421 1364,1387 1242,1447 1093,1395"/>
                <Baseline points="1103,1475 1148,1472 1193,1470 1238,1468 1283,1465 1329,1462 1374,1460 1419,1457 1464,1455 1509,1451 1555,1448 1600,1446 1645,1443 1690,1440 1735,1438 1781,1436 1826,1434 1871,1433 1916,1431 1961,1431 2007,1431"/>
                <TextEquiv>
                    <Unicode>Denne ist Ime balles fürghalten</Unicode>
                </TextEquiv>
            </TextLine>
            <TextLine id="r2l20" custom="readingOrder {index:19;} PRON {offset:0; length:2;} VFINAUX {offset:3; length:3;} ADJ {offset:11; length:5;} NE {offset:17; length:14;} person {offset:17; length:14;}">
                <Coords points="1101,1552 1476,1543 1576,1504 1887,1541 2020,1504 2017,1443 1942,1433 1821,1486 1741,1444 1621,1456 1535,1495 1470,1459 1405,1507 1273,1468 1099,1510"/>
                <Baseline points="1107,1542 1152,1539 1197,1536 1242,1533 1288,1530 1333,1527 1378,1524 1424,1521 1469,1518 1514,1515 1560,1513 1605,1511 1650,1508 1695,1506 1741,1504 1786,1502 1831,1501 1877,1499 1922,1499 1967,1499 2013,1497"/>
                <TextEquiv>
                    <Unicode>er hab den alten wilhelm hender</Unicode>
                </TextEquiv>
            </TextLine>
            <TextLine id="r2l21" custom="readingOrder {index:20;} NE {offset:3; length:6;} place {offset:3; length:6;} ADJ {offset:15; length:5;}">
                <Coords points="1093,1631 1404,1575 1506,1611 1566,1590 1612,1627 1768,1572 2008,1595 2005,1536 1955,1528 1770,1549 1650,1518 1602,1549 1533,1518 1359,1563 1290,1530 1207,1573 1090,1551"/>
                <Baseline points="1098,1596 1143,1595 1188,1593 1233,1592 1278,1589 1323,1587 1368,1584 1413,1583 1458,1581 1503,1578 1549,1577 1594,1575 1639,1572 1684,1572 1729,1569 1774,1569 1819,1568 1864,1568 1909,1568 1954,1568 2000,1568"/>
                <TextEquiv>
                    <Unicode>zu wabren ùber gutt erlangts</Unicode>
                </TextEquiv>
            </TextLine>
            <TextLine id="r2l22" custom="readingOrder {index:21;} ADJ {offset:7; length:7;}">
                <Coords points="1104,1669 1184,1657 1254,1704 1504,1694 1609,1648 1791,1681 1965,1633 1963,1586 1937,1603 1889,1573 1618,1627 1554,1589 1479,1623 1404,1575 1311,1639 1204,1615 1102,1632"/>
                <Baseline points="1110,1659 1152,1661 1194,1659 1237,1659 1279,1658 1322,1656 1364,1656 1407,1654 1449,1652 1492,1650 1534,1648 1576,1646 1619,1643 1661,1641 1704,1638 1746,1636 1789,1633 1831,1631 1874,1628 1916,1626 1959,1625"/>
                <TextEquiv>
                    <Unicode>rechte, glichen gstalt vngutlich</Unicode>
                </TextEquiv>
            </TextLine>
            <TextLine id="r2l23" custom="readingOrder {index:22;} vpar {offset:0; length:7;}">
                <Coords points="1089,1751 1109,1763 1121,1757 1150,1767 1193,1735 1216,1758 1238,1744 1253,1744 1252,1674 1224,1684 1183,1657 1177,1663 1168,1660 1147,1679 1133,1676 1088,1696"/>
                <Baseline points="1095,1722 1120,1720 1145,1719 1171,1718 1196,1718 1221,1719 1247,1718"/>
                <TextEquiv>
                    <Unicode>ußclagt</Unicode>
                </TextEquiv>
            </TextLine>
            <TextLine id="r2l24" custom="readingOrder {index:23;} VFINAUX {offset:0; length:5;} ADV {offset:6; length:7;} PRON {offset:14; length:5;}">
                <Coords points="1104,1800 1156,1833 1202,1811 1237,1831 1322,1784 1654,1771 1755,1812 1815,1765 1905,1774 1903,1708 1741,1684 1646,1726 1591,1690 1347,1733 1277,1702 1224,1754 1194,1733 1103,1766"/>
                <Baseline points="1110,1790 1149,1787 1188,1784 1228,1781 1267,1779 1307,1777 1346,1776 1386,1773 1425,1772 1465,1772 1504,1770 1543,1769 1583,1768 1622,1767 1662,1766 1701,1764 1741,1763 1780,1763 1820,1761 1859,1760 1899,1758"/>
                <TextEquiv>
                    <Unicode>dipt hierumb disen bscheydt</Unicode>
                </TextEquiv>
            </TextLine>
            <TextLine id="r2l25" custom="readingOrder {index:24;} PRON {offset:0; length:4;} DIWO {offset:0; length:4;} NE {offset:5; length:6;} VFINAUX {offset:21; length:7;}">
                <Coords points="1103,1872 1186,1861 1234,1898 1390,1838 1552,1868 1621,1848 1698,1884 1839,1841 2006,1857 2004,1782 1962,1759 1902,1794 1806,1768 1748,1816 1643,1776 1600,1805 1549,1770 1474,1819 1324,1793 1161,1840 1102,1804"/>
                <Baseline points="1109,1856 1153,1853 1198,1851 1242,1848 1287,1845 1331,1844 1376,1842 1420,1841 1465,1841 1509,1839 1554,1839 1599,1838 1643,1838 1688,1836 1732,1836 1777,1835 1821,1835 1866,1833 1910,1832 1955,1832 2000,1829"/>
                <TextEquiv>
                    <Unicode>Sine gallus vrkhunde habindt des</Unicode>
                </TextEquiv>
            </TextLine>
            <TextLine id="r2l26" custom="readingOrder {index:25;} NE {offset:0; length:7;} vpar {offset:23; length:6;}">
                <Coords points="1106,1956 1172,1923 1379,1921 1440,1956 1481,1921 1575,1930 1603,1904 1654,1921 1773,1891 1875,1936 1967,1903 1965,1858 1918,1875 1877,1847 1691,1886 1639,1853 1569,1881 1523,1842 1232,1899 1185,1860 1103,1872"/>
                <Baseline points="1110,1917 1152,1917 1195,1917 1237,1916 1280,1916 1322,1914 1365,1914 1407,1913 1450,1911 1492,1910 1535,1908 1578,1907 1620,1905 1663,1904 1705,1902 1748,1901 1790,1899 1833,1898 1875,1896 1918,1896 1961,1893"/>
                <TextEquiv>
                    <Unicode>jenders urkhünde durch gethan</Unicode>
                </TextEquiv>
            </TextLine>
            <TextLine id="r2l27" custom="readingOrder {index:26;} person {offset:16; length:10;} ADJ {offset:16; length:3;} NE {offset:20; length:6;}">
                <Coords points="1098,1986 1345,2003 1725,1955 2025,1985 2039,1928 1863,1938 1764,1893 1596,1943 1538,1912 1439,1956 1377,1920 1308,1953 1164,1928 1097,1954"/>
                <Baseline points="1104,1977 1150,1977 1196,1976 1243,1976 1289,1974 1336,1973 1382,1971 1429,1970 1475,1968 1522,1967 1568,1965 1614,1964 1661,1963 1707,1962 1754,1961 1800,1961 1847,1961 1893,1961 1940,1961 1986,1962 2033,1964"/>
                <TextEquiv>
                    <Unicode>vnd vmb das der alt Zeuder mitt</Unicode>
                </TextEquiv>
            </TextLine>
            <TextLine id="r2l28" custom="readingOrder {index:27;} NE {offset:9; length:17;} person {offset:9; length:17;} PRON {offset:27; length:3;}">
                <Coords points="1102,2069 1183,2036 1459,2067 1558,2016 2039,2039 2039,1981 1958,1998 1883,1961 1782,2000 1727,1955 1677,1994 1470,1978 1322,2013 1262,1984 1212,2008 1101,1988"/>
                <Baseline points="1107,2033 1153,2031 1199,2030 1245,2029 1292,2028 1338,2027 1384,2025 1431,2024 1477,2024 1523,2022 1570,2022 1616,2022 1662,2021 1708,2021 1755,2021 1801,2021 1847,2021 1894,2021 1940,2021 1986,2021 2033,2021"/>
                <TextEquiv>
                    <Unicode>bystandt gorgias wincklers Ine mitt</Unicode>
                </TextEquiv>
            </TextLine>
            <TextLine id="r2l29" custom="readingOrder {index:28;} vpar {offset:6; length:9;}">
                <Coords points="1110,2116 1162,2138 1216,2092 1295,2141 1425,2087 1506,2122 1619,2112 1652,2080 1701,2111 1818,2079 1965,2104 1995,2083 1993,2021 1843,2021 1784,2056 1698,2032 1659,2064 1553,2021 1454,2070 1337,2046 1109,2073"/>
                <Baseline points="1116,2099 1159,2096 1203,2094 1246,2093 1290,2090 1334,2088 1377,2087 1421,2085 1464,2084 1508,2084 1552,2082 1595,2081 1639,2081 1682,2079 1726,2079 1770,2078 1813,2078 1857,2078 1900,2078 1944,2078 1988,2078"/>
                <TextEquiv>
                    <Unicode>recht angelangt, den hupthandel</Unicode>
                </TextEquiv>
            </TextLine>
            <TextLine id="r2l30" custom="readingOrder {index:29;} vpar {offset:0; length:8;} PRON {offset:13; length:2;} NE {offset:16; length:6;} ADV {offset:23; length:5;}">
                <Coords points="1104,2171 1192,2159 1233,2188 1540,2149 1592,2195 1736,2141 1847,2188 2002,2166 2000,2117 1876,2115 1819,2080 1507,2122 1432,2087 1390,2127 1295,2141 1213,2092 1163,2138 1103,2120"/>
                <Baseline points="1110,2154 1154,2154 1198,2156 1242,2154 1287,2154 1331,2153 1375,2152 1419,2151 1464,2149 1508,2147 1552,2146 1596,2144 1641,2143 1685,2141 1729,2141 1773,2139 1818,2139 1862,2139 1906,2140 1950,2141 1995,2142"/>
                <TextEquiv>
                    <Unicode>verloren vnd er galtns ledig von</Unicode>
                </TextEquiv>
            </TextLine>
            <TextLine id="r2l31" custom="readingOrder {index:30;} NE {offset:0; length:7;} person {offset:0; length:7;} vpar {offset:8; length:8;} ADV {offset:17; length:7;} PRON {offset:25; length:2;} NE {offset:28; length:5;}">
                <Coords points="1101,2238 1322,2215 1420,2259 1601,2203 1724,2243 1871,2198 2009,2257 2052,2231 2051,2146 1931,2179 1840,2140 1671,2151 1617,2194 1542,2152 1429,2155 1334,2202 1100,2172"/>
                <Baseline points="1107,2211 1156,2214 1205,2215 1255,2216 1304,2216 1354,2216 1403,2216 1452,2214 1502,2213 1551,2211 1601,2209 1650,2208 1700,2207 1749,2205 1798,2204 1848,2204 1897,2204 1947,2205 1996,2207 2046,2210"/>
                <TextEquiv>
                    <Unicode>zendern ekhendt, deßhalb er batte</Unicode>
                </TextEquiv>
            </TextLine>
            <TextLine id="r2l32" custom="readingOrder {index:31;} NE {offset:4; length:7;}">
                <Coords points="1103,2283 1224,2316 1476,2281 1631,2301 1773,2277 1816,2309 1925,2270 2003,2289 2003,2255 1843,2213 1716,2258 1638,2215 1543,2259 1472,2234 1420,2261 1325,2216 1272,2250 1240,2226 1103,2239"/>
                <Baseline points="1109,2274 1153,2277 1197,2280 1242,2282 1286,2283 1331,2285 1375,2285 1419,2283 1464,2283 1508,2282 1553,2280 1597,2279 1641,2278 1686,2277 1730,2276 1775,2276 1819,2276 1863,2276 1908,2277 1952,2279 1997,2280"/>
                <TextEquiv>
                    <Unicode>den zendern umb den costen in</Unicode>
                </TextEquiv>
            </TextLine>
            <TextLine id="r2l33" custom="readingOrder {index:32;} PRON {offset:0; length:3;} PRON {offset:4; length:2;} PRON {offset:7; length:3;} vpar {offset:11; length:6;} ADV {offset:18; length:11;} unclear {offset:30; length:6;}">
                <Coords points="1097,2350 1264,2346 1313,2379 1483,2335 1552,2386 1600,2343 1660,2387 1825,2357 1862,2388 1944,2345 2024,2383 2024,2294 1950,2277 1855,2309 1760,2277 1626,2320 1476,2280 1404,2306 1341,2286 1298,2321 1097,2284"/>
                <Baseline points="1103,2325 1148,2330 1194,2333 1240,2336 1286,2339 1331,2340 1377,2342 1423,2342 1469,2342 1514,2342 1560,2340 1606,2340 1652,2339 1697,2339 1743,2337 1789,2337 1835,2337 1880,2337 1926,2337 1972,2338 2018,2340"/>
                <TextEquiv>
                    <Unicode>den er Ine bracht ongefarlich bi. vie</Unicode>
                </TextEquiv>
            </TextLine>
            <TextLine id="r2l34" custom="readingOrder {index:33;} NN {offset:0; length:6;} ADJ {offset:7; length:9;}">
                <Coords points="1097,2414 1196,2396 1480,2439 1530,2399 1630,2426 1830,2407 1901,2442 1982,2409 1943,2345 1861,2388 1824,2355 1786,2382 1548,2385 1484,2336 1409,2380 1160,2377 1098,2349"/>
                <Baseline points="1103,2391 1146,2393 1190,2396 1233,2397 1277,2397 1321,2399 1364,2400 1408,2401 1452,2402 1495,2402 1539,2403 1583,2403 1626,2403 1670,2404 1714,2405 1757,2405 1801,2406 1845,2406 1888,2408 1932,2410 1976,2411"/>
                <TextEquiv>
                    <Unicode>brouen frruklih wie recht ist</Unicode>
                </TextEquiv>
            </TextLine>
            <TextLine id="r2l35" custom="readingOrder {index:34;} vpar {offset:0; length:7;}">
                <Coords points="1103,2454 1122,2457 1149,2485 1191,2468 1255,2502 1333,2440 1405,2470 1433,2462 1434,2446 1387,2448 1330,2410 1305,2427 1259,2431 1195,2395 1145,2413 1105,2412"/>
                <Baseline points="1109,2445 1135,2448 1162,2451 1188,2453 1215,2456 1241,2456 1268,2459 1294,2459 1321,2460 1347,2460 1374,2462 1400,2462 1427,2465"/>
                <TextEquiv>
                    <Unicode>ußklagt</Unicode>
                </TextEquiv>
            </TextLine>
            <TextLine id="r2l36" custom="readingOrder {index:35;} VFINAUX {offset:0; length:4;} person {offset:5; length:13;}">
                <Coords points="1436,2487 1507,2470 1651,2506 1756,2470 1839,2515 1902,2488 2034,2486 2035,2416 1989,2397 1883,2450 1830,2406 1747,2441 1691,2411 1655,2416 1608,2449 1563,2436 1513,2452 1437,2425"/>
                <Baseline points="1443,2462 1472,2463 1501,2463 1530,2465 1560,2465 1589,2465 1618,2465 1647,2465 1677,2466 1706,2466 1735,2466 1764,2466 1794,2466 1823,2468 1852,2468 1881,2469 1911,2470 1940,2471 1969,2473 1998,2474 2028,2477"/>
                <TextEquiv>
                    <Unicode>Habe Oßwald galdin</Unicode>
                </TextEquiv>
            </TextLine>
            <TextLine id="r2l37" custom="readingOrder {index:36;} PRON {offset:17; length:2;} NE {offset:20; length:7; continued:true;} person {offset:20; length:7; continued:true;}">
                <Coords points="1109,2530 1249,2551 1316,2527 1359,2571 1460,2524 1568,2552 1704,2525 1757,2553 1810,2532 1932,2553 1946,2494 1837,2516 1737,2471 1675,2513 1506,2469 1320,2506 1292,2476 1255,2503 1111,2462"/>
                <Baseline points="1115,2510 1156,2513 1197,2517 1238,2520 1279,2522 1320,2524 1361,2525 1403,2526 1444,2526 1485,2528 1526,2528 1567,2528 1608,2529 1649,2529 1691,2530 1732,2531 1773,2532 1814,2535 1855,2537 1896,2540 1938,2543"/>
                <TextEquiv>
                    <Unicode>den lohn gen das er Corgiis</Unicode>
                </TextEquiv>
            </TextLine>
            <TextLine id="r2l38" custom="readingOrder {index:37;} NE {offset:0; length:8; continued:true;} person {offset:0; length:8; continued:true;} NE {offset:17; length:7;} NN {offset:25; length:9;}">
                <Coords points="1100,2582 1218,2611 1583,2593 1626,2630 1666,2599 1810,2600 1908,2657 1966,2615 2053,2631 2056,2564 1976,2532 1864,2543 1802,2587 1695,2525 1582,2558 1454,2534 1345,2579 1284,2535 1164,2558 1102,2531"/>
                <Baseline points="1106,2571 1153,2576 1200,2580 1247,2584 1294,2587 1341,2590 1388,2591 1435,2592 1482,2594 1529,2594 1577,2595 1624,2595 1671,2595 1718,2597 1765,2598 1812,2600 1859,2603 1906,2607 1953,2610 2000,2616 2048,2622"/>
                <TextEquiv>
                    <Unicode>Winckler als des Jenders bisfender</Unicode>
                </TextEquiv>
            </TextLine>
            <TextLine id="r2l39" custom="readingOrder {index:38;} VINFZU {offset:4; length:6;} VFINAUX {offset:11; length:4;} PRON {offset:16; length:2;} VFINAUX {offset:19; length:5;} person {offset:22; length:7;}">
                <Coords points="1102,2659 1372,2659 1428,2692 1528,2649 1664,2704 1725,2657 1766,2693 1869,2667 2019,2685 2020,2646 1863,2649 1800,2607 1622,2634 1583,2593 1534,2617 1473,2596 1359,2629 1301,2596 1184,2616 1104,2582"/>
                <Baseline points="1109,2628 1154,2634 1199,2638 1244,2643 1289,2646 1335,2649 1380,2651 1425,2652 1470,2652 1515,2652 1561,2654 1606,2654 1651,2654 1696,2655 1741,2655 1787,2657 1832,2660 1877,2663 1922,2665 1967,2669 2013,2675"/>
                <TextEquiv>
                    <Unicode>zuwüssen thu er lasse Jendern</Unicode>
                </TextEquiv>
            </TextLine>
            <TextLine id="r2l40" custom="readingOrder {index:39;} VINFZU {offset:15; length:10;}">
                <Coords points="1103,2708 1238,2739 1500,2713 1681,2772 1748,2728 1802,2765 1853,2725 1965,2758 2012,2747 2013,2714 1842,2678 1765,2693 1726,2658 1677,2696 1589,2690 1533,2650 1428,2693 1250,2653 1104,2668"/>
                <Baseline points="1109,2696 1153,2702 1198,2706 1243,2710 1288,2712 1333,2714 1378,2715 1422,2717 1467,2717 1512,2718 1557,2718 1602,2718 1647,2718 1692,2718 1736,2719 1781,2720 1826,2722 1871,2724 1916,2727 1961,2731 2006,2738"/>
                <TextEquiv>
                    <Unicode>umb den costen fürpietten</Unicode>
                </TextEquiv>
            </TextLine>
            <TextLine id="r2l41" custom="readingOrder {index:40;} textStyle {offset:0; length:21;strikethrough:true;} unclear {offset:0; length:21;}">
                <Coords points="1118,2770 1293,2810 1706,2792 1768,2831 1874,2792 1977,2848 2030,2836 2032,2755 1906,2768 1851,2725 1803,2764 1777,2739 1680,2773 1484,2713 1408,2760 1119,2735"/>
                <Baseline points="1124,2769 1169,2774 1214,2780 1259,2781 1304,2784 1349,2786 1394,2786 1439,2787 1484,2786 1529,2786 1574,2786 1619,2786 1664,2784 1709,2786 1754,2786 1799,2787 1844,2789 1889,2792 1934,2796 1979,2801 2024,2808"/>
                <TextEquiv>
                    <Unicode>menter geldi halauf derglih</Unicode>
                </TextEquiv>
            </TextLine>
            <TextLine id="r2l42" custom="readingOrder {index:41;} VFINAUX {offset:0; length:3;} PRON {offset:4; length:2;} NE {offset:7; length:8;} person {offset:7; length:8;}">
                <Coords points="1114,2860 1262,2858 1321,2828 1365,2858 1402,2834 1432,2860 1804,2844 1902,2879 1968,2866 1900,2804 1872,2824 1834,2797 1769,2831 1703,2795 1620,2819 1555,2784 1329,2816 1116,2771"/>
                <Baseline points="1121,2825 1163,2829 1205,2833 1247,2837 1289,2839 1331,2840 1373,2841 1415,2841 1457,2843 1499,2843 1541,2843 1583,2843 1625,2843 1667,2843 1709,2843 1751,2844 1793,2846 1835,2847 1877,2850 1919,2853 1962,2858"/>
                <TextEquiv>
                    <Unicode>hab er Oßwalden den lohn</Unicode>
                </TextEquiv>
            </TextLine>
            <TextLine id="r2l43" custom="readingOrder {index:42;} unclear {offset:11; length:10;} VINFZU {offset:11; length:10;}">
                <Coords points="1128,2905 1219,2903 1305,2942 1401,2901 1583,2950 1770,2916 1946,2949 1998,2930 2000,2876 1943,2861 1901,2885 1856,2850 1702,2876 1506,2842 1461,2867 1403,2836 1232,2876 1129,2854"/>
                <Baseline points="1134,2879 1176,2885 1219,2888 1262,2892 1305,2895 1348,2897 1391,2898 1434,2900 1477,2900 1520,2901 1563,2901 1605,2901 1648,2901 1691,2902 1734,2903 1777,2904 1820,2906 1863,2907 1906,2911 1949,2914 1992,2919"/>
                <TextEquiv>
                    <Unicode>gen pfandt zustuhen und ze</Unicode>
                </TextEquiv>
            </TextLine>
            <TextLine id="r2l44" custom="readingOrder {index:43;}">
                <Coords points="1131,2934 1169,2954 1199,2944 1223,2967 1243,2958 1264,2976 1284,2961 1316,2986 1342,2963 1355,2975 1381,2960 1423,2972 1474,2956 1476,2926 1445,2935 1401,2901 1352,2910 1315,2942 1285,2934 1267,2914 1227,2926 1188,2908 1133,2907"/>
                <Baseline points="1137,2930 1162,2935 1187,2941 1213,2944 1238,2948 1263,2950 1289,2952 1314,2954 1340,2954 1365,2955 1390,2955 1416,2957 1441,2957 1467,2960"/>
                <TextEquiv>
                    <Unicode>verruffen</Unicode>
                </TextEquiv>
            </TextLine>
            <TextLine id="r2l45" custom="readingOrder {index:44;} VFINAUX {offset:5; length:4;} person {offset:17; length:6;} NE {offset:18; length:6;}">
                <Coords points="1121,3007 1199,3044 1299,3008 1588,3013 1617,3044 1749,3037 1792,3076 2051,3055 2052,2998 1965,2960 1906,2987 1870,2956 1801,2998 1674,2952 1313,2986 1123,2941"/>
                <Baseline points="1128,2991 1173,2998 1219,3001 1265,3005 1311,3008 1357,3009 1403,3011 1448,3011 1494,3012 1540,3012 1586,3012 1632,3012 1678,3012 1724,3014 1769,3014 1815,3017 1861,3018 1907,3023 1953,3027 1999,3032 2045,3039"/>
                <TextEquiv>
                    <Unicode>Alß habe der all Zeuder gleiset</Unicode>
                </TextEquiv>
            </TextLine>
            <TextLine id="r2l46" custom="readingOrder {index:45;} unclear {offset:4; length:2;} PRON {offset:7; length:2;}">
                <Coords points="1129,3063 1242,3082 1269,3101 1330,3090 1374,3061 1433,3085 1527,3077 1529,3043 1456,3044 1413,3017 1372,3032 1299,3009 1263,3037 1213,3029 1188,3040 1132,3012"/>
                <Baseline points="1136,3045 1161,3048 1187,3050 1213,3052 1238,3055 1264,3057 1290,3060 1315,3061 1341,3063 1367,3065 1392,3066 1418,3066 1444,3066 1469,3066 1495,3065 1521,3065"/>
                <TextEquiv>
                    <Unicode>und fro den</Unicode>
                </TextEquiv>
            </TextLine>
            <TextLine id="r2l48" custom="readingOrder {index:46;} VINFZU {offset:0; length:6; continued:true;}">
                <Coords points="1137,3113 1668,3130 1728,3156 1828,3138 1949,3185 2024,3157 2028,3075 1899,3050 1747,3111 1656,3074 1338,3099 1138,3075"/>
                <Baseline points="1143,3092 1186,3099 1230,3104 1274,3108 1318,3113 1361,3115 1405,3117 1449,3119 1493,3120 1536,3121 1580,3122 1624,3122 1668,3123 1711,3125 1755,3126 1799,3128 1843,3131 1886,3134 1930,3138 1974,3144 2018,3150"/>
                <TextEquiv>
                    <Unicode>nge mitt erbiettung zu bisi</Unicode>
                </TextEquiv>
            </TextLine>
            <TextLine id="r2l49" custom="readingOrder {index:47;} ADJ {offset:0; length:10;} NN {offset:11; length:8;}">
                <Coords points="1124,3195 1246,3185 1306,3221 1437,3192 1484,3227 1614,3188 1657,3229 1704,3226 1722,3217 1726,3127 1591,3163 1516,3131 1478,3157 1377,3155 1275,3103 1237,3129 1196,3102 1155,3137 1126,3132"/>
                <Baseline points="1131,3153 1160,3158 1189,3162 1219,3165 1248,3169 1277,3171 1307,3174 1336,3176 1365,3177 1395,3179 1424,3179 1453,3180 1483,3180 1512,3180 1541,3180 1571,3180 1600,3180 1629,3180 1659,3180 1688,3180 1718,3180"/>
                <TextEquiv>
                    <Unicode>findlicher rechnnung</Unicode>
                </TextEquiv>
            </TextLine>
            <TextEquiv>
                <Unicode>segs zu besorgen sy muß den sche
dem mitt Ira vnder den hendt
tagen, Der sachenhalb er dem
diettericht mitt fur dem schaden
schmeitzen kosten vnd scharerlohn
genant₎ dietterich mitt recht ange¬
leugt, doruff aber er Inn mie
mitt antwurt begegnet syg
So er doch das gitt vff im clagt
vnd Joder Bitzins ein s betzen
geben pfandt zusuchen, das er
heitter mitt fupor sutor vnd
Vi dolff verwern bibringe
well und pfand verruffen lasse
durch Hansen Bumpartenn
getuuwe deszhalb nütt gfält ze
gen er hab alzytt den lohn gen
gott geb wie es versorgt worde
Denne ist Ime balles fürghalten
er hab den alten wilhelm hender
zu wabren ùber gutt erlangts
rechte, glichen gstalt vngutlich
ußclagt
dipt hierumb disen bscheydt
Sine gallus vrkhunde habindt des
jenders urkhünde durch gethan
vnd vmb das der alt Zeuder mitt
bystandt gorgias wincklers Ine mitt
recht angelangt, den hupthandel
verloren vnd er galtns ledig von
zendern ekhendt, deßhalb er batte
den zendern umb den costen in
den er Ine bracht ongefarlich bi. vie
brouen frruklih wie recht ist
ußklagt
Habe Oßwald galdin
den lohn gen das er Corgiis
Winckler als des Jenders bisfender
zuwüssen thu er lasse Jendern
umb den costen fürpietten
menter geldi halauf derglih
hab er Oßwalden den lohn
gen pfandt zustuhen und ze
verruffen
Alß habe der all Zeuder gleiset
und fro den
nge mitt erbiettung zu bisi
findlicher rechnnung</Unicode>
            </TextEquiv>
        </TextRegion>
    </Page>
</PcGts>
