1318 3500
61 70 1150 212 frn blsy dorst ✳ an imm der sehab
72 162 1135 288 neinwloß ouch by Cristan felber zu ve
84 236 1145 396 Pegistorff bebrüchig an der that erfunden
84 357 1119 482 worden vnnd er zu Solohurn der be¬
72 444 1137 592 schidigung halb, (wiewol er etliche mal
75 531 1094 692 derumb alde erschinen) khein schyn
83 624 1139 764 ußbenigen mahn, do sonnders ime
88 726 1121 899 alda zugnuttet worden er solte sich
73 806 1078 961 Inschriben lassen vnnd mitt Inen
61 899 1121 1061 inn kieg ziechn, das wurde dann
68 1029 1121 1183 sin bester schyn sin dann die herren
75 1116 1080 1262 von Bern hättind sunst luch
70 1213 1143 1372 gung) wurd im sollichs mit schaden
82 1315 1081 1467 mögen unnd da er nun von thun
57 1401 1117 1554 hein gwöllen sin venrachen zerychn
64 1479 1084 1642 spräche gesagte Sara Sigli zu im
64 1595 1092 1718 was er Jra doch kramen wollt
66 1659 1090 1817 do gäbe er ire zwen frauckreycher
65 1726 1062 1894 diebpfe sprächende sy soller ettwas
63 1828 1048 1991 vff dem mant drumb khouffen
68 1925 1128 2081 was ira geliebts  daruff sy im
65 2000 1137 2131 wyher geantwurtet, Ja wenn er nu¬
51 2091 1143 2246 hinwag khäme wird man sy hiezwüsch
57 2175 1135 2344 für Ehepreicht bschicken, ob sy dann
66 2276 1130 2405 sagen solle, er hatte dra die zwen
53 2341 1104 2514 Francklycher diekpfanng uff die dr
64 2461 1070 2589 geben Serächte er Ja, sy soltes
66 2522 1104 2656 mirs sagn unnd als er nun
57 2627 1110 2762 wider khommen, habe er Ira der
57 2706 1130 2835 ee halb mmt wycher ingan wöllen
62 2784 1148 2935 Erwüßte dann vorhin ob sie vordife
70 2867 1138 2990 frouw Elsy apt tod oder abendg
80 2949 1137 3109 ware, Da sigt dm anzigt wechen
80 3056 1119 3182 das dieselb sin vordege frouw
