3024 4032
90 219 136 301 .
140 193 236 284 10
164 343 316 475 frag
165 511 312 611 Antb
171 1048 340 1188 fache
174 1298 323 1421 Aelb
140 1693 331 1785 Iustiert
364 315 1468 486 Ob es niemand gezeiget, was von
349 419 839 557 ihm gegangen.
377 502 1431 640 Nein, der Hans Rath aber, deßen
1081 604 1129 659 sey
344 586 1425 742 Weil seine halb Schwester habe am
614 663 714 740 Wagen
339 675 1445 822 Nehijahrs ihme hier in der Stadt gesagt
338 755 1454 891 sein Weib habe etwas in dem Zeit ho
337 838 1428 1015 ad Ingl. geschloßen, gefunden, so
346 919 1229 1079 einem Kind ähnlich gewesen.
363 1022 1440 1178 So habe seither auch über Colie geklaget
349 1128 1461 1262 ob es nicht etwann damahl eines kinde
330 1204 633 1316 genesen.
364 1276 1444 1439 ken, es seye damahl für und der
318 1393 1454 1548 Stuben gegangen, der H. Doctor Her¬
319 1495 1438 1631 zog habe ihm befohlen, ob Landlen
321 1566 762 1694 die trincken
361 1669 1443 1834 Es solle doch nicht so hartnäckig in sei¬
334 1787 1429 1916 nem Ablaugnen verharren, sonder
329 1854 1440 1997 seine greuliche That nach einer auf¬
322 1941 1463 2100 rrichtigen Bekantnuß herzlich bereien
329 2025 1461 2174 dere beleidigten Bott um Gnad an¬
318 2112 1443 2264 schlehen, und eine Hohe Obrigkeit und
325 2222 1453 2372 eine gnädige Urtheil bitten; indeme
325 2304 1430 2462 durch alle eingeholte Berichten, durch¬
334 2373 1411 2537 das allgemeine Gerücht aus der
313 2476 1448 2646 Muter Milch, so in seinen Greisten
314 2554 1443 2727 gefunden worden, und und seiner
314 2640 1420 2850 übrigen leibs Beschoffenheit, ja and¬
319 2744 1439 2901 deren Kleideren, so es auf dem leib
314 2844 1473 3010 träge, und aus denen Hembderen
311 2944 1461 3089 die in seinen eigenen Schafft gelegen
303 3022 1430 3230 gauch entweifelhafft erwahret werde,
308 3123 1442 3342 daß es schwänger gewesen, und ohn¬
315 3233 1450 3408 llengst ein Kind zur Stelt gebohren,
302 3317 1449 3521 folglich seye allerdings zu verruchten,
1206 3464 1366 3595 daß
1559 2586 1684 2709 felich
1539 2724 1683 2878 Mits.
1563 3026 1684 3173 frag
1551 3269 1694 3399 Ruts
2727 288 2837 393 22.
1697 432 2805 587 daß es dasjenige unschuldige Kind
1703 529 2851 667 segen werde, so in dem S. H. Ehe Graben
1696 614 2829 743 gleich unter der Diensten heimlichkeit
2645 682 2818 767 Solle
1693 694 2316 838 gefunden worden.
1693 772 2839 917 also zu seiner Seele Teil sein abschei¬
1687 842 2831 989 rliches verbrechen offenbahren, und Gotter
1675 955 2808 1070 Horne nicht noch mehr auf sich ziehen.
1689 1045 2836 1181 Nach einer Buchen Weil viele es nieder
1695 1114 2830 1269 auf die Kine, sagte, es wolle in Gottes
1683 1202 2839 1336 Nahme alles offenbahren, und machte
1686 1298 2630 1437 darauf folgende bekan̄tnuß.
1677 1361 2814 1529 Als es auf den Schienacht Tag zu seinen
1696 1475 2763 1606 Leuten in das Lohn gegangen, und
1692 1555 2805 1720 daselbst einen starcken Blut Verlurst
1696 1634 2794 1791 gehabt, auch am zinstag Morgens
1693 1725 2751 1881 wieder in die Stadt gekommen, habe
1700 1838 2779 1958 es am Mitwochen am Morgen inn
1706 1899 2808 2059 6. Ihr noch vor Tag ein starcker Bauch
1701 2005 2820 2160 wehe gehabt, darüber es aufgestan¬
1909 2107 1946 2161 .
1686 2083 2780 2219 dden und auf die Zeimlichkeit ge-
1695 2162 2832 2325 ggangen, allwo es ohne sein Vermuhten
1699 2266 2811 2421 Kinder geriesen, und das Kind wieder
1707 2350 2809 2497 seinen Willen das Secret hinab in den
1701 2456 2338 2598 Ehr Graben gefallen.
1738 2550 2794 2692 Bbed die Nacht hindurch nicht Kinder
1714 2638 2185 2789 lche geführet.
1723 2720 2803 2897 Nein, habe die gantze Nacht geschlaffen
1688 2829 2821 2970 biß fast am Morgen vom 8. Ehr, da d
1694 2912 2611 3059 mir dauch Schmiechen verspühret.
1725 3023 2820 3149 Ob es seinen Nebens diensten nichts
1714 3093 2764 3237 von seinen Schmerzen gesaget, oder
1708 3173 2469 3321 selbige im Hülf gereifen.
1721 3290 1894 3400 Nein.
2451 3385 2621 3535 s
