3024 4032
103 269 243 354 193.
258 2157 319 2252 Ir
185 2241 317 2346 Autlo.
262 3034 332 3151 ihr.
630 289 1044 443 Hauses
597 396 664 463 .
327 390 1318 533 Werths zum Trinkgeld gegeben, anderes
327 478 1298 598 Geld habe weder er noch seine frau von
324 527 1251 657 diesen Leuten nicht empfangen noch
1012 608 1219 667 amhandern Tag
322 604 1298 715 gesehene seine Frau aber habes gewähret,
334 670 1335 784 daß der hochzeiter gleich ob dem Wirtshausli
325 739 1244 841 in Hl. Anzen Erdrich der Hochzeiterin
327 787 1266 919 Geld in das furtuch gezehlet, habe es
327 857 1286 983 für neue R. angesehen, und möchten
324 928 1263 1056 10. bis 15. Stuk gewesen seyn. Actum
330 997 904 1108 den 1tn 9bris 1768.
526 1174 1118 1320 Examen.
749 1283 891 1376 mit
246 1316 1210 1471 Hadlena Hauser von
310 1428 1242 1561 Sigriswyl bey 25. Jahren Alters
323 1500 1274 1627 verheiratet seit einem Monat mit
314 1563 1327 1715 Andreas Zürcher von Trapelwald, so
315 1649 1025 1780 in der Stadtwacht diene.
312 1723 1289 1876 Sein Vater seye schon vor 12. Jahren
332 1798 1366 1933 gestorben, und die Muter Margaretha
320 1868 1259 1994 Sauster seye zu Barisbyl, habe noch
325 1945 1329 2061 einen älteren verheüratheten Bruder
318 2021 1268 2138 und verheürathete Schloester, gehenn
327 2078 1038 2190 nennten Monat schwänger.
353 2135 1075 2272 Wo Er aller Orten gedienet.
333 2222 1290 2366 Nach des Vaters Tod seye er auf dann
330 2318 1284 2438 zu Joseph Engel gekommen, wol auch
328 2391 1363 2509 von Herrn Vicario Martin in der Religion
340 2466 1384 2571 unterwiesen worden, daselbst Er in paar
315 2522 1292 2646 Monat über zwey Jahr verblieben,
342 2591 1367 2708 nachwerts seye Es wieder heim gegangen,
332 2657 1301 2790 und darauf zu Msr. Diebi auf Thun,
336 2727 1322 2864 wo Er ein halb Jahr gedienet, darnach
342 2801 1295 2930 anderthalb Jahr bey H. Herman̄
330 2854 1385 2999 zum Offen alhier, und von da zu Herrn
337 2922 1329 3071 wardem Jenner in der Münz, welches
330 2998 1233 3146 künfftige Liechtmeß 3. Jahr seye.
352 3066 1332 3203 Es seye nunmehr ernstlich ermant zu
335 3149 1372 3270 seinem eigenen besten, und damit Er
339 3202 1334 3345 noch einiche Gnad hoffen könne, von
327 3272 1368 3415 selbst aufrichtig an den Tag zu geben und
337 3349 1326 3489 wie weit er sich bey Herr Jenner in der
332 3404 986 3534 Müntz vergriffen habe?
1154 3465 1336 3588 Antlo¬
2594 207 2779 325 194.
1943 213 2311 373 Salisir.
1646 337 2764 485 Es werde alles freymühtig bekennen, was es leider
1529 389 1639 490 Autl.
1613 417 2715 514 verübet, ein weib nammens schmid, so sich ver
1611 467 2764 568 am Stalden aufhalte und aus den Tassen wahrstage,
1607 528 2744 641 habe ihm zuerst von Stühlen den Antrag gethan,
1610 586 2761 709 und ihns versicheret, es werde nicht offenbahr werden.
1617 655 2663 748 Sie wolle einen Passe partent machen laßen.
1605 718 2698 831 vor 7. oder 8. Wochen nun an einem Sontag
1611 797 2712 913 während der Morgenpredigt, als niemand zu
1605 864 2755 988 Haus wäre, seye diese Schmid zu ihm gekommen,
1616 931 2662 1053 da sie dann mit einander, beileides Geld
1605 1001 2689 1130 benötiget gewesen, in des Herrn Jenners
1607 1087 2761 1205 Stuben gegangen, und die Thur verschloßens
1602 1149 2757 1274 Als sie im Begrifft waren das Bureau zu
1608 1226 2746 1341 behren, selber hinterwerts anzugreiffen,
1624 1298 2678 1416 seye die Thür von selbst aufgesprungen.
1617 1363 2779 1490 daraus sie dann bey den 160. Werths entwendet,
1617 1447 2767 1571 welches sie mit einander getheilt haben, ihme
1611 1518 2494 1642 seye also beÿ D. 80. zugekommen.
1557 1596 2693 1732 Fr. Ob Er nicht mit seiner Schwester hier im
1609 1680 2028 1800 Spithal geredet:
1533 1752 1770 1865 Ant. Ja¬
1538 1807 2296 1952 Fr. Was der mit ihr geredet.
1525 1906 2783 2043 Antliche habe ihr gesagt, ob Er die Frau Schmid an
1566 1986 2049 2088 den tag geben solle?
1529 2034 2812 2206 r. Es habe laut eingelangten Gerichts von Meine gnädigen Herr
1616 2124 2799 2259 Schultheiß zu thun seiner Schwester die darun
1616 2223 2740 2342 ber verhört worden, gesagt, eine gewiße
1614 2266 2807 2422 Maria Tanner so sich zu Sigriswyl aufhalten,
1617 2340 2790 2459 habe ihns zu diesem diebstahl eingeführt,
1613 2404 2776 2563 folglich rede Er jetzt die Unwahrheit oder es
1623 2494 2724 2632 habe seiner Schwester nicht die Wahrheit
1623 2543 1961 2641 vorgegeben?
1504 2635 1635 2755 Antl
1662 2658 2797 2796 zversichere, daß Er solches seiner Schwester
1641 2738 2767 2856 niemal gesaget: kenne die Maria Tanner
1641 2794 2771 2940 nur nicht: die Schwester müße Er nicht wohl
1634 2867 2738 3009 verstanden haben, einmal beharre es
1622 2915 2789 3077 darauf, daß die Scheid mit Ihme den dieb¬
1620 2998 2073 3121 stahl begangen.
1642 3057 2761 3213 Nachdeme hierauf diese Maria Jammer,
1639 3127 2782 3288 welche Meine gnädige Herren schultheiß von Thun, gefänglich
1641 3207 2767 3352 alher geschikt, ihme vorgestelt worden, hat
1639 3272 2776 3431 Es solche gäntzlich als unschuldig erkläret,
1651 3356 2683 3491 mit Verdenten Er habe solche niemal
2601 3457 2795 3557 geten
