3024 4032
114 174 243 234 102.
171 1603 267 1697 4.
310 335 362 402 .
505 207 1010 357 Dam
375 295 1407 501 aus der Arbeit auch zu ihnnen gekommen
375 393 1432 579 den Er alsobald dem Art nachgeschikt, und
372 460 1402 622 zu schauen, ob er ihm etwann sein Pferde
369 541 1411 705 oder Stieren ab der weid entwenden
377 608 589 697 wollen.
378 678 1402 860 darauf der Knecht sich eiligst nach der
376 757 1391 907 weid begeben, und habe nach seinem
375 823 1410 973 abgestateten Bericht den Adam Arn
381 906 1433 1076 würklich bey dem Zaum stehen gestehen
371 961 1385 1131 Worauf der Knecht sich alsobald auf
359 1028 1425 1220 den Roden geleget, wo Er dann gestehen,
362 1113 1417 1271 daß der Arni die Zaunlegi aufgebro¬
355 1186 1376 1338 chen, und dem Pferdt in der Weid
352 1252 1408 1434 nachgeloffen, welches den Knecht zum
352 1341 1415 1480 schreyen veranlaßet, so daß der Arn
357 1407 1395 1556 sich davon gemachet, das mehrere
352 1468 1345 1628 werde der Knecht selbst Zeugen.
329 1583 1429 1747 Hans Kuntz von Ersingen 8 Jahren.
348 1698 1372 1834 in diensten beym Grichtstad Hans
340 1754 936 1887 Witschi sagt aus¬
323 1826 1385 1958 Sein Meister habe am Abens vor dem
330 1923 1382 2057 sättag etwann um 8. Uhr ihne zu der
324 1994 1393 2127 weys geschiket, zu schauen, ob der david
316 2069 1431 2194 Arn, so kurz zuvor da vorbey gegangen
327 2152 1346 2272 seyn solle, ihme nicht etwann das
306 2220 1407 2356 Pferdt oder die Stieren ab der Rei
318 2299 1410 2423 entwenden wolle? Als er Dept. gegen
321 2400 1366 2503 die Weid zugekommen, habe er einen
309 2446 1414 2582 Kerl an der Zaunera stehen gestehen
324 2542 1406 2671 welchen Er gar nicht gereuet. Er Dept.
297 2612 1348 2749 habe sich alsobald auf den Boden
314 2679 1356 2827 geleget, und wie Er gestehen, daß der
302 2736 1415 2906 Kerl die Zaunlage angefangen auf zu¬
302 2833 1330 2969 brechen, und in die Weid gegen das
293 2897 1421 3069 Pferckt zugegangen, seye er aufgestanden,
314 2985 1327 3122 und zu der Weid geloffen, und habe
297 3049 1404 3211 geschrauen, der Schelm solle das Pferdt
312 3156 1323 3314 seyn laßen. Worüber derselbe
292 3187 1412 3383 davon gegen Hindelbank zu geflohen.
281 3259 1396 3433 er Dept, dann habe das Pferdt mit sich
288 3327 1391 3540 heimgeführt, wiße nicht ob es den Art
296 3446 1190 3591 oder ein andrer dieb gewesen.
1217 3470 1325 3590 5.
1489 3209 1677 3328 befragt.
1476 3293 1638 3400 Autl.
2672 309 2788 395 283.
2126 322 2427 491 Rtl.
1539 401 2796 570 s. Solobet eher Christoff Weisters
1695 504 2755 620 de Ehfrau aus dem Raßanischen 40 Jahren
1704 572 2804 688 Alters Wirthin in dem Pintenschenk zu Hindel¬
1715 627 2081 738 bank sagt aus¬
1701 656 2795 804 Am Mitwochen vor dem Battag des Abends
1720 767 2794 863 ein wenig vor 9. Uhr, seye der Adam Arn
1725 817 2776 935 in das Pintenschenk gekommen, den stie
1713 878 2757 995 nicht gekennt, bis daß der Niklaus Meyer
1705 949 2782 1064 von Matsteten ihr gesagt, es seye der dieb,
1713 1013 2754 1132 so am tag zuvor zu Bern ausgestrichen
1715 1077 2786 1194 worden, habe da bey ihr getrunken, und seye
1709 1149 2766 1262 nach 10 Uhr mit Männern weggegangen, die
1625 1182 1673 1274 6
1719 1203 2785 1311 Sie geboten, ihne mit zu nemmen, weilen Sie
1733 1270 2752 1386 mit ihrer Magd allein neben einem
1716 1338 2741 1464 solchen dieben in dem Haus nicht häte
1711 1421 2231 1521 verbleiben dorfen.
1741 1462 2583 1624 H. Abgelesen und bestätiget.
1618 1655 2766 1811 Pactum den 28. Octobris 1769.
1846 1821 1999 1953 Her
2032 1852 2573 2012 Examen.
1659 1937 2700 2207 Ein Mann der
1699 2157 2726 2277 von Rütigen Amts-Frienisperg, ver-
1702 2214 2744 2348 führt durch den Wohlgebohrnen.
1696 2298 2748 2437 Meinen gnädigen Herren Rathsherrn Daxelho
1685 2370 2748 2496 Ein als wohlverordneten Herrn Ober
1707 2465 2776 2576 xaminatoren mit zu ziehung Meine gnädige Herren
1707 2522 2765 2646 Großweibel und Grichtschreiber
1805 2603 2762 2739 Nachdeme derselbe auf das kräf¬
1710 2696 2755 2827 tigsten ermahnt worden, Gott die Ehre
1695 2782 2772 2890 zu geben, und durch eine wahre Bekant¬
1717 2837 2731 2976 nuß und aufrichtige Rei seiner
1704 2918 2765 3046 verbrechen sein heil zu bewürken, ihme
1712 2988 2775 3109 auch sein voriges Examen wörtlich vorge¬
1707 3039 2749 3203 lesen worden, und Er solches bestätiget,
1712 3131 1898 3245 ward er
1719 3208 2699 3337 Wie Er heiße, woher, und wie alt Er seyn.
1701 3300 2761 3430 Er heiße Adam Arn, gebürtig von Gütigen
1707 3369 2297 3494 und seye 21. Jahr alt.
2509 3479 2650 3587 Fr.
