3024 4032
311 332 458 475 a
721 340 959 496 Hellen
366 434 1491 620 Jacobs Tag wiße nicht, ob von aber
457 535 1493 648 nach, mit einem Handlanger in
426 607 1500 735 Hr. Wyttenbachs Apotheck obendan dem
432 678 1509 810 Zeit glocken thuen, deßen Nahmen
442 750 1448 893 et nicht wiße, ein einziges mahl
432 818 1502 957 Umgang gehabt, Sinthero aber, habe
422 906 1499 1048 er seine Zeiten ordentl. gehabt, biß
418 996 1480 1149 en herbst, da sie Kabit eingemacht,
425 1085 1094 1223 wie es vorher gesagt:
450 1178 1468 1318 Ob er behaubten dorffe, daß er
327 1231 407 1338 In
434 1282 1358 1413 niemahl schwanger gewesten.
466 1358 1468 1535 Ja es seye zu allen Zeiten die
310 1405 426 1533 Ant
429 1469 1506 1604 und aufgetrieben gewesen, so daß
396 1555 1481 1716 schon vor ohngeferd S. Jahren zu
402 1643 1477 1807 Graffenries seine Meisterleuth ihne
399 1739 1461 1884 zugemuthet schwänger zu seyn
409 1812 1506 1989 welches sich aber nicht befunden, indemne
426 1917 1492 2083 es damals seine Monat Zeiten
410 2023 937 2175 noch nicht gehabt.
287 2091 1466 2284 Er Ob es sint der Zeit dard mit
405 2221 1498 2330 bemeltem mand bild sich vergeßen
402 2310 1459 2453 keine Schwangerschafft verführet.
450 2414 644 2519 Nem
289 2428 407 2530 Antl
421 2478 1435 2636 Ob es niemahl gestürt, daß es
282 2525 385 2631 In.
387 2577 1426 2730 Milch habe, und ihme die brüste
387 2666 929 2801 anige schwollen.
270 2762 401 2877 Amts
432 2771 1496 2919 kein, habe niemals Milch verspürt¬
368 2862 1467 3008 und seine drüst segen auch allzeit
380 2953 838 3103 gleich gewesen.
273 3051 1487 3195 ihe, ob er nicht etwan an seinem hembd
380 3140 1512 3294 oder sonsten zeichen von Milch verstürt.
258 3260 384 3363 Act
418 3234 876 3386 Stein auch nicht
268 3342 1482 3475 er. Wie es komm komme, daß die hebammen
379 3425 1451 3568 also Milch in steinen Cristen gefunden.
1244 3527 1409 3615 Satl
2727 328 2858 440 .
2026 353 2302 480 Bellen.
1614 465 2824 619 Auth. Die habe an die Grust gedruckt und
1681 554 2829 709 darauf gesagt, es komme Milch heraus
1624 649 2829 811 er. Da eine richtig seye und am Tag lige
1677 719 2845 869 daß er Milch habe, so ergebe sich daraus
1678 797 2802 941 daß es entweders schwangen seye
1690 889 2796 1034 oder würcklich Kindt gewesen, solle
1670 973 2807 1152 also seinem gewißen nicht zwung
1677 1060 2824 1234 enthun, sondern die keine Wahrheit
1676 1145 2818 1321 ohne anders bekennen, als welches dar¬
1685 1238 2859 1413 nntzige Mittel stehe, gnad zu erlangen.
1639 1336 2802 1521 Rat. Es köne bezeugen, daß es weder
1693 1452 2881 1610 Schwänger gewesen, noch gebind bettet
1670 1566 1846 1712 habe.
1634 1624 2888 1784 Er. Wann es nicht schwangen stehe. Worum
1684 1729 2846 1868 es dann zu der fra. Hanze, da die die
1662 1819 2879 1968 gebamme abholen laßen wollen, gesorgt,
1669 1904 2450 2057 es seye noch nicht nöthig.
1599 2004 2778 2168 Aull. Es habe der Fr. Hanze gesagt, die
1665 2092 2861 2242 gebamme stege nicht nöthig, weden er
1680 2183 2819 2322 nie ein bluthen habe, und nicht
1680 2267 2191 2421 schwänger seye.
1601 2338 1670 2455 le.
1696 2371 2886 2531 Ob es dann niemahl verstührt, daß in
1664 2447 2356 2595 ihme sich etwas wehre.
1624 2527 2892 2699 Ant. Stein, habe gar nichts verstuet:
1613 2640 2920 2789 Hn. Ob er stick bemelter Zeit mich keinem
1652 2745 2911 2911 anderen Mand Bild bekanntschafft gehabt.
1599 2813 2204 2950 Anth. Klein gar nicht.
1604 2893 2873 3103 Er: Ob er nicht noch andere Mittel, als
1655 2990 2857 3173 die von dem Nachrichten gebrauchet:
1608 3080 2909 3272 Ants. Nein. Wohl aber habe es am letzten
1645 3190 2904 3356 Montag Abends ein fuß waßer genommen.
1587 3230 1693 3367 fu
1685 3246 2884 3452 da es das Varier tranck gebraucht
1681 3331 2913 3548 was es der fr. Leemann Magd gesagt
1598 3407 2860 3579 Antl. Richts anders, als daß er keine
1656 3475 2204 3634 Würckung gehabt.
2617 3610 2771 3722 He
