3024 4032
175 1055 205 1161 d
235 284 349 373 685.
676 249 1088 388 Anna
400 356 1268 491 Was Er vorgegeben, das ihm fehle.
301 384 380 467 fr.
251 458 385 540 Aullo
393 439 1457 581 Es habe ihn berichtet, Es seye erkältet, und
372 510 1059 629 habe nichts anderes gesagt.
295 585 1172 693 Er: Ob Er keine Mitel gebraucht:
271 652 1449 775 Antlichs habe den Bruder, so auch hier seye, auf
360 718 1450 865 Langnau geschiket, und habe ihm sein Waßer
353 786 592 894 gegeben.
378 818 1253 984 Was Er seinem Bruder gesagt:
247 837 353 942 A
1332 897 1401 979 .
237 928 362 1029 Anto
395 931 1450 1074 den gleichen Bescheid, der halbe Leib seye
362 996 590 1089 erkaltet.
260 1062 359 1162 fr.
361 1062 1473 1189 War der Doctor dem Bruder zur Antwort
338 1133 601 1253 gegeben.
1288 1213 1319 1286 l
1376 1198 1429 1281 .
223 1183 1461 1353 Antl. Er habe ihm gesagt. Es seyn ankunge und
349 1271 940 1378 Liberen angegriffen.
252 1341 1449 1493 Fr. Ob Er die Mitel gebrauchet, so sein Bruder
334 1416 754 1531 ihm gebracht?
209 1469 338 1591 Antl
353 1480 1426 1622 Es habe wohl Mitel gehabt, Er wiße aber
338 1555 1125 1690 nicht, ob Es solche gebraucht.
222 1624 332 1737 In
359 1635 1453 1793 Ob Er nicht verdacht gehabt, er möchte etwann
310 1702 787 1833 schwänger seyn?
189 1784 344 1888 Ants.
362 1796 1450 1947 der H. Predigkant habe ihne Dept. beschei¬
320 1861 1432 2002 den und ihm anbefohlen seiner Schwester
303 1937 1413 2077 zustagen, Es solle zu ihm kommen. Dieses
293 2036 1398 2149 habe Er dem Anneli verrichtet, welches
314 2100 1414 2223 aber geantwortet, es seye ihm nicht möglich
295 2150 1432 2306 sto weit zu gehen, Er solle den Hl. Predigkant
315 2224 1374 2360 ersuchen, daß Er zu ihm hinaus komme.
308 2302 1460 2429 dieses habe Er dem H. Pfarrer Kinderbracht,
297 2392 1392 2504 der dann am Sontag nach der Kinderlehr
296 2444 1098 2579 zu ihm hinaus gegangen.
202 2501 1441 2670 Fr. Was der H. Predigkant mit ihm geredet.
181 2605 1364 2751 Auth. Er wiße es nicht. Er habe Sie abtreten
288 2702 599 2798 geheißen.
203 2733 1428 2884 Fr. Was er geglaubt, aus was Gründen, der
301 2838 1233 2976 Hr Predigkant zu ihm gegangen.
183 2895 1450 3051 Antl. Anfänglich haben Sie geglaubt. Er nichte
299 2987 1396 3110 in der That krank seyn, als der H. Pre¬
295 3056 1400 3150 digkeit aber ihn und seinen Bruder abtre¬
291 3133 1327 3254 ten geheißen, haben Sie vermuchtet, es
303 3197 1214 3327 möchte wegen schwängerschafft seyn.
319 3262 1387 3417 Was sie darnach der Schwester gesagt:
182 3277 290 3389 Fr.
343 3336 1418 3490 als der H. Predigkant weg gewesen, seyn
154 3367 314 3476 Autl.
1251 3446 1355 3564 Bie
2709 323 2842 410 386.
1943 301 2358 427 Bahlen
1653 374 2824 495 Wie beyde Bruder, wieder in die Stuben getreten,
1674 465 2811 576 und haben die Schwester gefragt, ob der Hl. Predig¬
1672 519 2815 624 kant ihns etwan wegen Schwängerschafft zu Rad
1659 571 2770 684 gestellet, welches ihnen bezahet, Er habe ihm
1656 636 2787 758 welches zugemachtet, Er habe Ihm über gesagt,
1662 702 2281 808 es seye nichts an der Sach
1574 743 2798 899 Fr. Ob Er sund sein Bruder ihns nicht auch gefraget, ob
1639 836 2111 955 Er schwanger seye?
1568 877 2807 1044 Antl. dar Es habe ihnen aber auch geantwortet, es seye
1647 984 1774 1059 andt.
1557 1000 2834 1163 Er: Ob die ihns nicht gefraget: Ob Er nicht etwan könte
1640 1106 2107 1221 schwänger seyn.
1566 1163 2847 1289 Antl. Er habe ihns lediglich gefraget. Ob Er schwänger
1627 1251 1790 1334 stege
1557 1284 2798 1421 Fr. Ob Er nicht gesagt. Es seye mit jemand versprochen.
1557 1377 2351 1504 Ants. Ja, das habe es ihme gesagt.
2455 1436 2587 1518 nicht
1570 1457 2777 1587 fr. ob er es dann nicht gefragt, Ob es etwann von
1647 1534 2469 1647 diesem Mannsbild schwänger seyn.
1669 1596 1841 1700 Rein
1539 1583 1653 1695 Antl
1536 1670 1626 1760 Pus
1647 1654 2799 1789 Ob Er ihm gesagt, wie Er versprochen seyn schrift¬
1627 1731 2059 1852 lich oder mündlich.
1546 1785 2683 1930 Ants, habe ihm gesagt schriftlich durch einen Brief¬
1542 1872 2823 2037 Fr. Ob er nichts an ihm geachtet, daß Er schwänger seyn
1621 1948 1815 2040 möchte
1527 2013 2748 2185 Anth. Nein, Er seye wenig und nur an den Sontagen
1608 2094 2572 2244 zu hand, so daß Er ihns wenig gestehen.
1532 2170 2648 2315 Fr. Ob Er nicht geachtet, daß Er größer werde
1532 2252 1620 2318 Aufl
1650 2240 1783 2325 sein.
1532 2286 2752 2440 Fr. Warum Er wieder alher in die Stadt gekommen.
1544 2377 2789 2523 Ants. Man habe ihm Botschaft geschiket. Der H. Pre¬
1627 2449 2296 2568 digkant habe ihn geheißen.
1524 2505 1614 2614 fr.
1632 2533 2807 2677 Ob ihm kein Verdacht wegen der Schwängerschafft
1626 2599 2046 2716 verblieben seye.
1522 2651 1644 2765 Antl.
1670 2656 2758 2816 Sain, weilen auf die Zumuchtung H. Pfarrers,
1619 2749 2234 2867 Es solche nicht bekennet.
1677 2812 2798 2959 Weiters wiße Er nichts und dieses seyn seinen
1682 2899 2293 3048 gewißenhafte außag.
1598 2986 2121 3118 Actum ut Supra.
2531 3328 2759 3463 Schreiber
