3024 4032
174 294 310 391 389.
279 417 316 500 .
555 291 1049 413 Da
766 379 804 431 .
336 396 1448 533 ihn empfangen, so begehrte Meine gnädigen Schultheißt
346 481 1431 625 selbst mit mir zu sprechen, und ersuchte mich nach
339 557 1436 674 dem Mitageßen, mich bey einer Unterredung
333 611 1443 743 mit Ihme und seiner Frau Ehegemahlin ein zu¬
341 674 1417 822 finden. Um nicht weitläuffig zu seyn, so
326 746 1349 884 wäre der bey der Unterredung abgefarte
1360 805 1413 865 .
322 821 1472 977 Entſchlus dieſer, daß ich anfänglich der Mensch
325 871 1387 1024 um seiner reputation zu schonen, heimlich
315 969 1395 1084 examinieren könte, der Erfolg des Examens
310 1042 1468 1161 wurde dann weiters zeigen was zu thun seyn.
418 1092 1389 1227 Bey meiner Ankunft zu Watenwyl,
314 1171 1427 1332 ließe ich noch der gleichen Abende der Fählerin
305 1243 1439 1406 durch ihren Bruder sagen, morndrigen Tagen
294 1312 1445 1455 zu mir zu kommen, vor der Predigt brachte
289 1388 1363 1556 Er die Antwort, seine Schwester seye zu
303 1469 1408 1606 schwach und könne nicht kommen, auf dieses
294 1550 1415 1674 begabe ich mich nach geendigtem Gotesdienst
298 1632 1407 1757 in ihrer Muter Haus, und fande, daß die
300 1703 1412 1835 in ihren Kleideren auf dem Beklage, von
286 1770 1441 1917 welchem Sie aber auf stuhnde. In Anstehe
288 1847 1424 1986 ihres Zustandes hat, sie auf mein befragen
286 1921 1395 2061 folgendes ausgesagt. Sie seye in einem
284 2004 1367 2132 elenden und brauklichen Zustand schon
275 2069 1396 2205 seit einiger Zeit, deme sie kein End stehe.
279 2144 1408 2253 ihre Bein seyen sehr geschwollen, alle Kreisten
270 2222 1371 2355 thuen ihr wehe, sie habe öffers auf seigende
267 2300 1422 2417 bizen und angstigungen, gar keinen Schlaf
268 2376 1406 2486 seye ohne Kraffen, und laße nichts beschend
1264 2446 1357 2554 Auf
249 2451 1262 2570 zu ihrem trost als gute Bücher
274 2529 1299 2662 die frag, ob sie Mitel gebrauche, das
282 2604 1350 2734 Bericht seye zu Bern, sie seye hie und
280 2672 1348 2801 da zu Doctoren gewesen, und auch zum
274 2754 1427 2881 Scharfrichter, hat sie geantwortet: Sie habe
275 2831 1388 2945 wenig Mitel gebrauchet, man werde zu
273 2910 1369 3033 viel stagen, sie dörfe jederman Tagen, wo
265 2971 1347 3107 sie gewesen seyn. Ob ihr Zustand nicht
286 3045 1354 3177 etwann von einer Schwängerschaft herkommen
286 3114 1346 3214 möchte? Sein, sie wiße ganz und gar von
280 3187 1346 3306 keiner Schwängerschaff nichts. Die Könnschte
292 3255 1284 3364 es wäre, so könte ihr geholfen werden.
1273 3266 1316 3350 .
291 3323 1371 3446 Ob Sie nicht vielleicht schwanger seyn könte,
282 3385 1334 3514 ohne es zu wißen, und ob sie nicht einiche
1202 3459 1415 3557 Vertraul.
2708 256 2849 338 390
1866 262 2388 407 Daler
2047 372 2078 447 h
1607 370 2770 526 vertrauliche Bekantschaft mit einem Knecht, in
1662 415 2821 598 ihres Herrn Hause gehabt habe? Das wolle sie
1662 507 2836 651 eben nicht tagen, aber es könne keine Schwan¬
1655 580 2605 683 gerschaft seyn, und seye auch keine
1653 628 2804 755 hals ich sie hierauf ereistlich befragte, ob die
1659 691 2818 816 dann keine Gemeinschaft mit dem Knecht
1656 768 2746 891 gehabt habe? Sie solle es mir, als ihrem
1637 837 2838 979 Pfarrer sagen, Ich wolle es wißen: so gienge
1660 898 2817 1019 sie und zeigte mir zwey Schriften, die eine
1647 975 2842 1105 eine Eheversprechung von Herr Stürler des Sohns¬
1638 1041 2812 1164 Knecht, einem Schafhauser, und die andere ei
1652 1103 2807 1241 Brief, den Er ihr aus Holland geschrieben, mit
1641 1164 2855 1287 Lieberbezeugungen. Hierauf drange ich darauf,
1646 1249 2809 1389 weil sie sich ohne Zweifel nicht aller Ge¬
1644 1330 2809 1454 meinschaft werde enthalten haben, so solle
1647 1435 2806 1501 die ohne weiters sagen, ob sie das gering¬
1638 1478 2796 1583 ste Zeichen und die geringste Mutmas¬
1635 1556 2818 1675 lung einer Schwängerschaft habe, sie habe
1631 1649 2777 1723 mit einer solchen Eheversprechung, keine
1633 1703 2825 1830 Ursach etwas zu verhalten. solte sie schon
1636 1776 2738 1872 ein kind bekommen, so habe daßelbige
1633 1849 2783 1945 einen Vater und werde ehelich. Worauf
1603 1915 2813 2044 sie nochmal bezeugte, sie wiße von keiner
1608 1998 2757 2136 Schwängerschaft. Nach diesem ermahntens
1623 2077 2807 2199 sie mit den stärksten Beweg gründen, wann
1595 2158 2833 2292 sie das geringste von einer Schwanger schafft
1615 2234 2728 2346 merken solte, so solle sie es mir alsobald
1623 2315 2795 2430 bekannt machen, im übrigen sich sorgfältig hüten,
1614 2387 2754 2499 etwa solche Mitel zu gebrauchen, die theils ihre
1610 2446 2760 2566 Krankheit vermehren, theils einem Kind, wenn sie
1618 2507 2813 2640 wieder vermuhten eines tragen solte, schaden möchte.
1597 2573 2738 2691 Sie solle nicht von jederman Mitel gebrauchen,
1590 2634 2797 2789 sondern erfahrne Doctoren zu Raht ziehen, zu
1602 2709 2759 2852 Bern, oder den Doctor zu Langnau: Sie thue
1608 2791 2772 2926 wohl, daß sie das Gurnigels von der nicht mehr
1600 2871 2780 2993 gebrauche, es seyn zu stark für ihren Zustand,
1611 2923 2785 3051 Aauf dieses hat sie nur versprochen mir in allem
1585 3003 2757 3123 zu folgen, sonderlich was eine unvermuhtete
1592 3067 2754 3176 Schwängerschafft anbetreffe. Darauf habe ich sie
1598 3123 2795 3255 verlaßen, ohne jemand weiters etwas zu sagen.
1754 3198 2785 3321 Als ich mich in der nemlichen Woche nach
1597 3267 2787 3409 Bern begeben müste, so war meine erste Sorge,
1602 3338 2804 3467 Bericht von allem Meine gnädigen Herren Schultheiß und der Frauen
1601 3390 2761 3557 abzustaten. Sie schienen mit meiner Informa¬
