3024 4032
116 154 250 259 117.
521 325 1043 491 erben ab
266 417 1379 646 Hemnnach Meine gnädigen Herren Schultheiß Steigen
257 545 1405 714 zu thun, durch Herrn Spittahl vogt Lohnen
254 617 1409 789 daselbst als Verwalten der Herrschafft
249 689 1423 882 Altendorff die gelichtmaßene Anzeich geschen
248 777 1416 932 chen, daß dem Stulans Kauenkrat und sein
241 838 1424 1001 mein Weib Christina Kahler in der Scheun
250 942 1403 1072 weid bedeüter Herrschafft seßhafft, in
240 1011 1430 1161 keinem Herr Appel drey Bist beygebracht
243 1097 1410 1228 worden, davon beyde gefährlich branden
237 1162 1398 1303 im Sedtligen. Und daß diesen
228 1252 1422 1408 Gistmischung halb die Antra Appen
239 1344 1415 1496 des Ullrich Dieses aus dem Schangnau
237 1431 1418 1562 Eheweib, so weit ihrem Mann auch dem
221 1511 1400 1645 Zeibel bey Artigen ohnweit der Scheun
245 1588 1322 1739 weid wohnhafft, in Verdacht seye.
228 1682 1336 1820 hat Wohlermelt Meine gnädiger Herrn Schultheiß.
1336 1743 1369 1821 .
234 1764 1405 1872 nicht mir alsobald einen erfahrnen
232 1846 1412 1981 Chirurgum zu den krancken Eheleuten
215 1961 1392 2054 zu ihrer Besorgung und Untersuchung
226 2006 1417 2121 abgeschickt, sonder diese Anna Cappen
183 2072 1335 2226 zugleich auch gewahrsamlich in 38 s
196 2167 1365 2312 Gnaden schloß thun bringen und
194 2250 1360 2377 auf erfindende Schwängerschafft in
201 2346 1337 2489 dem dortigen Spitahl verwahren
401 2409 1357 2550 Und wie darauf an den
193 2465 404 2559 laßen
185 2483 1402 2643 Tag gekommen, daß der Eheman Ullrig
192 2583 1367 2745 Dieri zu thun Gifft angekaufft, und
197 2645 1399 2841 dardurch als Mitthater sich verdächtig
194 2755 1394 2929 gemacht. So hat Meine gnädigen Herren Schultheiß
169 2818 1401 3021 denselben auch alsobald abholen und
174 2946 1135 3116 gefänglich ein sehen laßene
181 3006 1368 3201 da den Steine Gnädige Herren
201 3104 1372 3311 auf deßen erhaltnener Gericht anbefohlen
187 3168 1367 3359 die verdächtigen Eheleit als das Weib
172 3238 1414 3425 wegen seiner Schwangerschafft in hiesigen
161 3297 1317 3537 Spittahl, und den Man̄ in die Oberl
155 3374 1376 3598 Gefangenschafft zu lieferen, und beyde
2664 263 2811 343 118.
1609 387 2823 526 nachwerts behörig zu examinieren, wie
1598 473 2822 600 solches alles mier nachfolgenden eingelang¬
1601 526 2806 669 sten Schreiben, Schrifften und Befehlen
1597 628 2002 769 zu erstehen.
1800 688 2490 870 Copia Schreiben.
1945 813 2094 939 Obre
1802 929 1856 973 se
1597 904 2773 1059 Meine gnädigen Herren Schultheiß Weiger auch thun,
2002 1031 2133 1100 ver
1611 1044 2779 1199 Meine Gnädige Herren die Rats.
1790 1164 2317 1327 Wohlgebohrne
2746 1253 2783 1345 1
2055 1270 2720 1432 gnädige Herre
1598 1362 2775 1523 in der Vergifftung verdächtiges Weib
1583 1459 2671 1583 gibt den Anlas zu diesem Schreiben.
1578 1511 2797 1675 Sache bey Artigen wohnet Alleich dieris frau
2083 1595 2766 1730 Dieses Altigen lige
1587 1607 2072 1705 mit ihrem Man
1589 1671 2731 1808 in der Grafschafft thun, wo die Stadt
1581 1746 2500 1865 Ihnn die inderen Gerichte hat.
1627 1834 2788 1968 Dieses Weib ist überzeuget und gestan¬
1588 1914 2785 2043 ddie des Schulans Hauenkrats Eheweib Lenz¬
1595 1995 2776 2115 lich bestohlen zu haben, sie ist aber ver¬
1596 2055 2727 2185 nert verdächtig, diesen geleitten Schifft
1577 2125 2714 2265 beygebracht zu haben, wie haubtsächlich
1592 2199 2785 2309 aus beyligenden Erklärung des Grichts
1591 2270 2667 2389 Herrn Lohnen sei dido reperto Herrn
1588 2345 2659 2476 Chirurgi Schrancks zu erstehen ist
1666 2417 2716 2564 Reithen ist bekandt worden, daß der
1576 2500 2724 2637 Eheman̄ hier in Herr Kochs Apotheck der
1573 2576 2743 2714 29. May Manster Gifft gekauft hat,
1585 2647 2770 2769 daß das Weib solches in Stucken herdenen
1575 2722 2695 2853 Deschwes vermischet hat. Welches mit
1575 2794 2694 2929 übrigen Umständen nahe dringende
1571 2871 2768 2993 Anzeigen sind. Wie mir dieses bekannt
1579 2950 2737 3070 worden, dachte sich, daß zwar die That
1573 3018 2755 3155 in meinem Amts Bezirck nicht von
1566 3094 2703 3199 dere in dem Land Gricht als in der
1572 3179 2760 3315 Sichene beid in Kieners Senti geschehen,
1569 3262 2684 3380 da der Freyweibel das Criminale
1578 3336 2637 3481 unstreitig hat. Wie hingegen
2389 3428 2554 3550 das
