3024 4032
161 171 240 293 9.
230 3158 264 3219 1
393 314 1512 496 beeydigte Geb Ammen die Dienstmagd
376 400 1493 573 bey Herrn Obrist schwerer visitieren,
358 481 1508 621 zu laßen, da dann sie die Untermagd¬
371 552 1502 718 nahmens Maria Jurgi in solchen
368 644 1516 789 Umständen befunden, daß man einen
364 717 1509 897 bitlichen Verdacht auf dieses Mensch
353 825 1511 995 schopfen könnte. Zu mehrerer Sicher¬
357 908 1509 1060 rheit würde es noch durch Herrn Ope-
360 1005 1499 1160 ratoren Kuhn visitire, der aber sich
354 1094 1492 1268 Mühe gemachet, einen sich erwenden
358 1182 1506 1342 nicht auf der Stelle von sich zu geben
357 1287 1454 1433 sonder allerdings nöthig zu seyn.
340 1391 1497 1539 geglaubt, daß noch etwelche Visitati¬
331 1487 1492 1646 sonen von Tag zu Tag bey diesem
327 1580 943 1737 Mensch geschehen.
267 1690 1495 1851 Auf den Ihro Gnaden Herrn Schult¬
334 1812 1501 1974 Geißher über diese traurige Geschicht,
334 1910 1462 2054 ind was biß dahin veranstaltet
333 1997 1507 2137 worden, gemachten Rapport, würden
328 2087 1494 2229 auf doch de selben Befehl die dienst
304 2174 1405 2344 Magd in Herrn Oberkeren von
331 2266 1487 2433 Grafenried Hand durch die Geb Ammen
323 2338 1486 2524 auch disitire, aber nichts verdächtiges
317 2437 1473 2642 bey ihnen gefunden. Indeßen
317 2540 1416 2716 dann würde dieses Meinsch zue
293 2660 1464 2830 sicherer Verwahrtung in den Spittahl
308 2731 1462 2923 geführt, und dieser leidigen Sach
297 2857 1496 3046 halber folgende Informationen auf¬
295 3035 710 3139 genomen.
314 3087 1397 3274 Gristen Richsel von Biglen, ein
308 3147 1484 3357 Monrer 33. Jahren Alters, sagt und
299 3269 1441 3464 Er Deponient nebst Neclares Steiner
303 3379 1437 3546 tens Christen Moster seyen diesen
1096 3482 1409 3627 Morgen
1636 1994 1697 2131 2
1638 2701 1712 2827 3.
2834 271 2912 372 3.
1743 422 2915 576 Morgen im Begriff gewesen den S. R.
1752 512 2903 650 Ehe Graben bey Trunkertscharners von
1755 587 2906 726 Bellerne Behausung an der Juden Goß
1734 655 2866 776 zu räumen, um daselbst die Mann
1729 732 2874 883 auszubeßeren. Sie diesem End seye
1751 833 2907 968 er allein den Ehe Graber weiter hinauf
1727 921 2900 1063 gegangen, das Waßer auf zu schwellen,
1731 1025 2880 1158 darmit sie davon an ihrer Arbeit nicht
1729 1105 2809 1216 verhinderet werden, da habe er im
1731 1175 2890 1309 Mongst ein Kosten Kind gefunden, wel¬
1732 1279 2879 1437 sches er auf die Schaufel genommen, und
1738 1365 2879 1524 nachdeme er solches betrachtet, auch ge¬
1714 1464 2866 1625 stehen, daß es ein Knäblin seye, habe
1722 1555 2881 1693 er es wieder an das gleiche Ort gele¬
1725 1647 2842 1807 iget, und den Mosten zum Gueter
1726 1750 2881 1896 gestellet, alldieweil er gegangen, dene
1708 1841 2852 2003 Roherr Richten diese Sach anzuzeigen.
1722 1976 2786 2120 Niclaus Steiner von Wengi, ein
1723 2071 2816 2225 Handlangen, bey 40. Jahren Alters,
1714 2164 1969 2267 zeuget
1702 2256 2855 2397 daß so bald der Christen Richsel ge¬
1723 2334 2882 2472 sagt, er habe da in dem S. R. Ehe Gro¬
1722 2421 2866 2560 bben ein Rodens Kind gefunden, Er auch
1714 2501 2817 2644 so gleich dahin gegangen, und das
1714 2590 2842 2742 Kind in dem Morast ligen gestehen.
1739 2697 2775 2872 Mst. Andreas Jaggi den hiesige
1722 2802 2368 2938 Bachmeister, zeüget.
1698 2880 2868 3046 Als er aus Richterlichem Befehl zu dem
1711 2984 2867 3126 todten Kindlein durch den S. R. H. Graben
1720 3070 2873 3222 sich begeben, habe er daßelbe just unter
1719 3149 2852 3291 der unteren Heimlichkeit in Punckherr
1702 3241 2851 3377 Obrist Tscharniers Jares an der Fudero
1720 3323 2843 3472 Daß zwischen diesem und Herrn
2565 3432 2856 3588 Oberherren
