3024 4032
46 -37 310 85 1183
501 20 636 110 24
472 43 1101 218 L. Examen.
176 129 1348 419 Mit Anna Barren, Allei
181 237 1371 501 Dieres Eheweib aus dem Tschangenn
194 315 1378 561 verführt durch den zu Berebohrnen
450 389 494 458 H
184 389 1406 665 Meine gnädige Herren gengherrn von Giesbac
171 504 1399 737 mit zuziehung meine gnädige Herren herren Grobiren
168 582 1270 778 Edinger und Ihren Majoren¬
176 674 1348 871 Tschartners als die Gricht schreiben
265 754 1339 1002 Nach vorherigen kräfftiger Ver¬
177 896 1331 1081 mahnung zur Wahrheit, wurde ihm
177 943 1343 1148 sein erstes Examen wörtlich vorge¬
165 1056 1339 1240 elesen, und da es solches in seinen
165 1139 1338 1312 beyden Theilen, so wohl wegen den
183 1222 1332 1397 Beybringung des Gists als den
173 1315 1333 1489 vernebten Siebstählen halben durch
153 1406 1349 1573 aus der keiner Wahrheit gemäs zu
166 1501 1333 1670 seyn bestätiget, ward es weiters
144 1605 451 1736 befragt.
38 1723 147 1849 Ehr
197 1729 1228 1868 Obschon es sage, es habe alle
1223 1827 1258 1863 .
127 1804 1329 1957 Wahrheit angegeben, so scheine es
123 1906 1308 2043 dennoch, es erreiße mehr diß in den
121 1983 1301 2103 hero Apfelbtey gemischet haben, als
120 2077 532 2189 es bekannt.
9 2167 1291 2296 Antl. Stein, es versichere, daß es ein
123 2255 1178 2394 mehrers nicht dazu genommen.
147 2343 1276 2479 Auf welche Weise es habe weißen
11 2377 96 2483 Ihr
114 2422 1247 2576 ertogen, wo sein Man̄ das Gifft
109 2491 1301 2655 verborgen gehabt, und wo er da von
100 2592 550 2727 gebrauchet.
168 2658 1240 2811 Das Gifft habe es in dem Kellen
6 2683 115 2815 Ab
96 2744 1286 2895 auf dem Schmidels wohl gestehen, da
88 2811 1289 2984 es hin und her gegangen. Das
82 2895 1306 3055 übrige dan̄ habe es im Nebens Gaden
92 3002 1207 3184 das es mit einer Gersten den
66 3062 1260 3274 Raden abgewischet, da in einem Kladt
87 3148 1263 3349 in einem Pappelligen gefunden,
69 3253 1286 3458 darauf etwas geschrieben gewesen,
2691 170 2830 279 18.
1832 200 2252 364 dappen.
1561 288 2783 491 voraus er erkent, daß diß darin̄
1575 442 1703 543 sege
1504 470 2760 648 H. Ob es solches schon damal zur Hand
1526 590 1898 719 genommen.
1480 635 2780 804 Aub. Nein, es seye noch eine Zeitlang dort
1559 736 2089 869 ligen geblieben.
1571 788 2706 952 Welcher Tag es das Bist ab dem
1455 827 1537 970 I
1547 901 2101 1021 laden genommen.
1466 929 2749 1125 Acts. Es habe zweymal zuvor, als er sol¬
1534 1037 2743 1204 sches zu des Hauerkrater getragen,
1533 1122 2737 1290 ohne seines Mans Vorwißen, davon
1532 1195 2738 1337 genommen, und in dem Garten den
1515 1276 2678 1425 Mansten gebetzet. Das Pappell
1544 1355 2633 1492 aber gezweilen wieder auf den
1523 1454 1998 1582 laden geleget.
1555 1493 2680 1677 Wie lang vorher er das Gift ab
1456 1560 1524 1675 f.
1522 1608 2731 1752 dem Laden genommen, da es solches in
1513 1692 2715 1836 des Hauenbraten Haus getragen, und
1527 1774 2194 1900 in den Drey gethan:
1465 1848 2674 1981 Anth. Etwan eine Stund zu vor habe es
1512 1939 2716 2063 davon bey einem Meßer siz voll in ein
1512 2007 2708 2142 Pappels genommen, und seye damit in
1507 2088 2694 2208 des Hauenkraten Haus gegangen,
1518 2151 2581 2287 das übrige des dann habe er
1514 2226 1800 2353 verlachet.
1458 2290 2685 2442 fr. An welchem Ort es den Resten
1520 2391 2054 2468 verscharret habe.
1441 2482 1516 2578 Ver
1524 2456 2701 2611 18. Seyen S. H. Misthaußen, an einem
1507 2544 2000 2643 früchten Ort.
1424 2602 2667 2764 Ir. Er bekenne, daß er das Gest sie mit
1486 2714 2697 2808 Meine gnädigiren er ermischt in dem Kellen gewesen
1506 2772 2672 2905 wohl gestehen. Wie es dann komme, daß
1485 2848 2606 2981 solches daselbst immer gefunden
1472 2918 2663 3053 worden und hingegen das Schindell
1491 2984 2629 3132 vnter dem Zeit ein Boden gelegen.
1423 3068 2609 3231 Auth der Mann habe von gleichem Gifft
1502 3155 2389 3301 auch unter das Dect gethan
2212 3262 2367 3434 Hb. p.
