3024 4032
153 272 240 361 1755.
495 228 991 396 Babriel
333 363 1348 519 da er nicht Rechnung geben könne, über
224 418 304 532 Ihr
311 468 1276 585 das viele Gelt, so er empfangen, so
298 537 1285 670 seye zu vermuhten, Er müße einen
303 622 1286 729 Theil darvon verborgen, aber seiner
299 691 1161 830 Muter oder jemand anders in
290 769 1081 910 Verwahrung gegeben haben?
324 858 1357 992 Nein Er versichere, daß Er von mehreren
155 843 300 983 Ant.
1226 974 1259 1030 .
310 936 1225 1055 Beld nichts wiße, als was auf ihm
1258 1058 1329 1114 n
303 1011 1258 1127 gefunden worden, außert, daß Er
292 1091 1322 1214 dem Zimmerman̄ Schiltknecht auf
292 1171 1283 1304 seine Handschrifft d. 50. gelichen,
1298 1231 1328 1264 .
295 1252 1258 1376 welche Schrifft Er Inest dem Herr
287 1331 1282 1460 Landschreiber Stek hinterlegt habe.
301 1406 1289 1542 seye nicht zu zweiflen, da er mit
135 1432 267 1538 Dr.
280 1490 1204 1619 verdächtigen Leuten Umgang
280 1564 1314 1692 gepflogen, daß Er in seinen Betrügen
280 1635 1258 1758 nicht hulf und Rathgeb gehabt, und
283 1712 1286 1832 davon mitgetheilt habe, um so da
279 1779 1267 1912 mehr ungleublich, daß Er sie vieles
271 1852 1256 1970 Geld in dieser kurtzen Zeit allein
259 1917 1238 2043 häte verschwenden können, solle sein
283 1996 1076 2120 Gelaßen gänzlich entladen.
109 2055 260 2163 Ankl.
288 2045 1259 2192 Er versichere nochmal gantz aufrichtig,
286 2134 1165 2269 daß Er die einzige Sault seines
278 2206 1193 2342 Anglüks seye, daß Er niemand
283 2278 1240 2410 davon geredet, noch von jemand
267 2356 1285 2485 berathen worden. Er habe viele Schul¬
280 2429 1219 2561 den gehabt und seye freylich auch
277 2516 818 2641 liederlich gewesen.
179 2588 268 2731 In.
302 2596 1285 2726 Ob Er im Stand wäre, durch sich oder
276 2692 1334 2818 die weinigen diese Betrug zu erstehen,
285 2760 1270 2882 und die Creditoren zu entschadnen.
116 2822 1310 2960 Antwihr seye leider in solchen Umständen,
277 2916 1270 3039 daß er keine Entschädnuß versprechen
286 2985 1220 3120 könne. Der gnädige Gott wolle sich
279 3046 818 3167 seiner erbarmen.
182 3116 268 3226 fr.
297 3120 1248 3269 Ob er noch me in der Gefangenschafft
298 3199 498 3285 gewesen
124 3257 270 3359 Antl
301 3260 1077 3389 Nein das seye das erstemal.
1051 3383 1154 3467 Er
2694 146 2822 235 176.
1804 194 2418 393 Genselman
1621 274 2710 486 Ey berene von Grund seines Hertens stein
1622 372 2796 531 schweres verbrechen und bate Bott und Eine
1609 460 2704 611 Hohe Oberkeit und Gnad und Erberind.
1717 521 2463 685 abgelesen und bestätiget:
1602 647 2809 816 Actum in der obern Gefangenschafft
1609 784 2319 906 den 15ten Decembris 1769.
1578 986 2730 1160 3) hierauf wurden folgende zwey Pitschier
1572 1101 2683 1235 stecher bescheiden und vernommen. Als
1598 1186 2752 1348 Johan Christoff Heler aus Sächsten
1605 1277 2766 1422 gebürtig, weit 15. Jahren als Pitschier Gra¬
1605 1379 2212 1502 ber in hier wohnhafft.
1594 1447 2749 1598 dieser wolte anfänglich sich nicht erinnern
1606 1535 2762 1678 dem Henselmann etwas gravirt zu haben,
1599 1618 2761 1746 als ihme aber das Steiger Pitschafft vorge¬
1594 1702 2686 1833 wiesen worden, hat Er solches sogleich
1603 1781 2610 1908 als seine Arbeit zu seyn erkent.
1585 1846 2660 1985 Mit dem Steytugen, Er besin̄e sich jetzt,
1589 1927 2756 2063 daß derselbenn einen Abdrück gebracht
1591 2006 2726 2133 und vorgegeben, Er seye ein Bedienter
1579 2071 2681 2219 bey einem Officierste Tags hernach in
1571 2144 2092 2278 Holland verreise.
1599 2266 2740 2440 Heinrich Leucher von Frauenfeld,
1587 2395 2686 2515 keit etwas Zeits als Graven sich in hier
1577 2457 1922 2558 aufhaltend.
1578 2530 2716 2684 Solcher gestuhnde, das ihme vorgewiesene
1582 2606 2714 2753 Wattenwyler Wagen gestochen zu haben,
1572 2692 2702 2833 befinde sich aber nicht mehr, bey solches
1581 2770 2688 2898 bey ihm bestellet, und ob ihm ein Abtruk
1569 2849 2066 2936 gegeben worden.
1574 2886 2686 3045 dem Henselman̄ habe Er, wohl 2. Chiffres
1581 2958 2669 3093 mit seinem Name gemacht, davon eines
1568 3041 2678 3192 zugegen seye, und von mehrerem wiße
1576 3114 1819 3219 ernichts.
1588 3153 2675 3287 Beyde wurden mit einer starben Censur
1579 3234 2694 3386 sich in das künfftige im Stechen vorsichtiger
1586 3286 2199 3405 aufzuführen, erlaßen.
1973 3379 2016 3449 da
1507 3378 2483 3564 Actum den 16 Decembris 1769.
