3024 4032
203 291 316 388 381.
274 414 329 505 .
691 287 1093 409 m
361 409 1466 566 derohalb sie demselben seine Hein geforderet,
340 475 1455 608 welches sich anfänglich geweigeret, selbige hervor¬
327 541 1455 684 zugeben. Wie die Deponentin aber darauf
339 600 1415 741 befarret und gesagt, die wolle absolute laßen,
343 682 1467 813 was das vor ein außerordentlicher Geruch seyn,
321 766 1425 875 habe es verdeütet, Es wolle Er ihr offenbahren,
322 824 1429 948 habe ihr aber zugleich gar angehalten, daß
324 892 1414 1012 Sie es niemand sage, worauf es ihr gesagt,
324 954 1410 1083 es seye eine fausse Couche vorgegangen,
325 1024 1348 1143 da sie solches zu stehen begehrt, habe Er
1345 1082 1403 1156 .
315 1093 1408 1201 selbige unter dem Haubten in einem Cloegei
328 1155 1402 1276 und einem Wandstäkli eingewikelt her vorge¬
318 1222 1421 1342 nommen. Die Deponentin habe den Sack da
318 1287 1375 1422 ligen laßen, und die Sach dem Herr Ver¬
315 1361 1426 1493 walter eiligst angezeiget, der ihr anbefohlen
318 1423 1387 1581 alles zustamen in das Tochten Kämmerli zu
300 1487 509 1581 tragen.
229 1559 305 1674 Pr.
322 1526 1422 1693 Da das Anneli sage, Es seye letzten Mitwo
289 1636 1399 1760 chen am Morgen Kindes genessen. Ob Sie an
297 1701 1255 1838 ihm etwas außerordentliches gemerket.
195 1768 1398 1941 Antl. Sie habe am Morgen beyzeiten die Stuben
278 1873 1423 2006 gewüschet, daßelbe habe sich in deßen in dem
282 1929 1385 2053 Letstill gehalten, wie auch den theil des
284 2003 1399 2152 Tags, da Er darin verblieben, Es seyn aber
239 2075 1403 2224 untter Tag aufgestanden, und habe sich über
276 2139 814 2269 Kopfwehr geklaget.
207 2238 1465 2373 Fr: Ob die an den folgenden Tagen nichts gewahret.
157 2318 306 2400 Auto¬
304 2316 1370 2450 Es seye alle Tag seither aufgestanden, und
294 2387 1403 2521 etliche mal bey Tag hinaus auf das Secret
279 2460 571 2572 gegangen.
200 2541 280 2648 fr.
312 2528 1195 2672 Werkeit der Zeit das betgemachet.
137 2622 288 2729 antl.
304 2620 1333 2764 Am Mitwochen znacht habe die Deponentin
273 2710 1429 2836 das Betallen gemacht, und die anderen Tagen
264 2787 1201 2905 habe die Delinquentin ihr geholfen.
189 2851 1300 2983 Fr. Ob die in dem bet nicht blut gewahret.
153 2948 299 3036 Aetl.
298 2930 1419 3074 Dafreylich die Delinquentin habe ihr aber gesagt,
279 3013 1447 3118 das seyn von seinen Zeiten, die wieder gekommen.
270 3091 1426 3221 Weilen Er eben darfür in der Instull gebesten,
282 3165 1368 3286 so habe Sie ihm glauben beygemeßen.
184 3225 1415 3355 Fr. Ob Sie während der Zeit nicht bemerket, daß Er
293 3298 851 3413 könte sich wanger seyn.
164 3342 1411 3478 Antw. Sie habe nicht dargeringste ihm angestehen. Es
276 3436 1382 3535 habe keinen großen Bauch, sondern gute farb
261 3491 1284 3610 gehabt, und seye guter Muhts gewesen.
1231 3568 1336 3664 Ihr.
1503 2995 1584 3140 2.
1502 3256 1601 3349 Dr.
1513 3381 1620 3497 Auch
2722 331 2836 422 382
1947 299 2307 424 abler
2025 370 2070 438 2
1686 387 2570 507 Wie viel Bat in gleicher Stube seyen.
1570 450 1660 551 fr.
1676 471 2529 575 lieben, welche alle decapirt gewesen.
1534 519 1659 598 Auto
1588 540 2740 683 Fr. Ob die an dem Mitwochen am Morgen, kein Kind
1646 603 2032 711 Schreyen gehört.
1562 658 2785 777 Antloffend, alle Patienten haben sich still gehalten,
1642 728 2799 841 Sie habe aber nicht das geringste gehört, so wenig
1653 796 2750 918 als die Patientin, so am nächsten neben ihn
1629 855 2469 975 gelegen, und erwachen gewesen.
1647 923 2788 1067 Ob sie ihns nicht gefragt, wenn Er die fausse
1547 932 1631 1056 se
1656 1007 2061 1101 ouesse gemacht.
1681 1055 2780 1204 ga, Sie habe ihm gefraget. Es habe ihr geant¬
1528 1081 1664 1185 Auctis
1650 1148 2774 1264 wortet, am Mitwochen am Morgen, da Er ihr
1642 1211 2791 1335 gesagt, Es habe seine Reglen wieder bekom¬
1646 1315 1777 1364 men.
1647 1328 2781 1454 Ob sie nicht gefragt, wo es das Kind, zeit dem
1544 1346 1624 1433 Fr.
1644 1417 2701 1522 Mitwochen am Morgen verwahret gehabt:
1657 1479 2513 1606 Reinhabe nicht daran gestim̅et.
1529 1483 1639 1576 Auctio
1510 1684 1598 1751 .
1617 1643 2827 1804 Hara Huberken von Fraubrunnen,
1647 1749 2689 1869 die Magd in der Doctor Stuben, sagt aus¬
2619 1807 2725 1880 befan
1625 1821 2821 1947 Es habe von dem Kind, so das Anneli gebohren,
1616 1887 2797 2011 gar nichts geburt, weilen Er nicht in gleicher
1621 1961 2837 2097 Stuben schlaffe. Sondern Er habe diese Beschicht
1629 2007 2754 2144 Beschicht erst diesen Morgen vernommen,
1639 2082 2745 2238 daman solche erzehlet. Es habe auch an
1629 2141 2811 2269 diesem Mensch niemals etwas bemerket, wie
1623 2226 2806 2342 bey anderen Schwängeren oder verdächtigen
1620 2274 2736 2444 Weibsbildern, sonsten Er auf ihne Achtung
1615 2380 2796 2523 gegeben habe. Es habe keinen großen Banc
1615 2437 2742 2565 gehabt, noch geachtet, wie die schwängeren
1593 2506 2072 2623 zuthun pflegen.
2074 2542 2105 2596 i
2174 2534 2777 2636 Am Mitwochen am
1623 2568 2794 2718 Morgen etwan und halber 6 Uhr, seye Er
1610 2660 2775 2800 zu seinem Bergegangen, welches ihm
1611 2738 2808 2852 einen guten Morgen gewünschet. Weitend
1591 2804 2734 2968 habe Er Dept. nicht gefraget, und Er habe
1610 2889 2128 3014 auch nichts gesagt.
1617 3017 2772 3163 ehrbar woher von Waten
1601 3109 2763 3260 eyl. 27. Jahren halters, ein Zimmermann sagt
1620 3185 2215 3293 ans auf Befragen.
1641 3255 2753 3410 Wan̄ seine Schwester das Anneli bey Hans
1603 3333 1854 3447 gewesen.
1629 3374 2387 3539 Es werde bey 6 Wochen seÿn.
2453 3454 2626 3587 Ar.
