3024 4032
298 358 449 450 539.
653 342 1055 494 Ges
438 457 1499 633 gestärcket werde, und auf ihm haff¬
464 556 1487 682 weilen aller ſo genau mit einander
467 626 1460 765 einträche wurde aber dieses Mense
457 715 1483 835 ferners auf der Wertatis verharren
470 794 1453 910 werdet, so dan druken ihr Herr
457 881 1490 1010 Großweibel und Herr Grichtschreiben
461 960 1490 1112 diesen Zellerin auch das vnd gehan¬
468 1037 1479 1208 dem Kind selbsten vorweisen, und
468 1138 1502 1299 in fernerem das angehobene Examen
463 1219 1445 1356 mit stelligen fortsetzen, diesemnach
466 1308 1480 1468 aber die Kind gewohnter nach de
454 1383 1447 1549 beerdigen laßen, das daherige
457 1484 1453 1650 Examen aber Meine gnädigen Herren mit möglichen
416 1567 1468 1732 Befürderung und beyfüegung der
415 1658 1379 1799 Duo reperti zu hinterbringen,
442 1756 1453 1932 Endlichen dan und da die arbe die
436 1860 1408 1988 Gellerin nichts weiter bekennen
444 1935 1462 2080 wollte s. werden ihr herr Gens weibel
447 2024 1435 2169 und Herr Grichtschreiben die nach
435 2103 1456 2251 bekanten vorsicht nöthig erachtende
429 2195 1458 2347 Anstalten vorbehrern, daß der allführ
410 2278 1452 2452 digen gethateren sorgfältige nach
420 2371 1441 2520 gestiret werde, Sie zu schun
397 2472 1358 2635 ihr bestend wißen werdet.
429 2567 1221 2710 Actum den 14 May 1770
896 2668 1040 2814 s
631 2676 890 2835 Seguiert
829 2724 1459 2925 Lanzler Bern
962 3263 1355 3457 Rißag
2713 255 2857 348 GH.
2010 284 2317 412 Geller.
1929 478 2380 673 Bussan
2153 609 2269 703 dest
1698 692 2800 871 Hochmeisters und Abraham Stoß
1692 814 2210 937 de S. May 1776.
1658 891 2836 1060 M. D. R. 9. et der Bachmeister destomiere
1688 989 2853 1183 Als letzten sonstag Meine gnädigen Herren und weibel
1669 1107 2836 1264 Steiger ihme anbefehlen laßen, den
1682 1196 2851 1374 §. 8. Ehr Graben vom Goldenen Acker
1681 1275 2845 1420 weg bey auf den Kan Nüret zu verlieren
1688 1379 2839 1521 um zu wißen, ob kein frisch geboh¬
1676 1449 2838 1606 wenen Kind darin zu kinden seye,
1660 1558 2836 1715 habe er den Johanns Bigler, welcher
1675 1636 2811 1799 zu Bamberung der K. V. de Graben
1676 1749 2804 1887 gebraucht werde, in Abwesenheit
1689 1813 2842 1975 der Nach Knechts mit einer Vnterie
1670 1920 2853 2086 darein geschickt, welcher seiner Wißen
1682 2001 2836 2151 die ganze Stadt hinauf, bis zum
1672 2104 2869 2255 Rud Märit die H. Graben durchgangen
1701 2199 2860 2343 und er Depl. habe indeßen bey allen
1679 2282 2826 2440 künsteren, wo Ofnungen siegen,
1693 2379 2803 2509 aufgethan, selbst visitiere, Sie haben
1684 2470 2826 2618 beyde aber keine Pur von einem Kind
1690 2564 2812 2716 finden mögen, der Biglen habe ein
1694 2653 2818 2781 lebendiger hinde her vorgebracht,
1754 2757 2815 2877 am Montag den 23. Aprill und
1708 2852 2812 2998 letzten Samstag seye der Sach durch
1714 2936 2867 3061 diesen Eegraben gelaufen, und gestern
1708 3018 2841 3175 vom Gleikelen Füßli vorgen sonsteiten
1710 3118 2727 3224 die statt hinab bis zu dem cha
1731 3180 2832 3337 Sie gehen täglich morgen, und allen
1697 3291 2835 3437 in allen Gaßen dem Nach nach, haben
1720 3369 2856 3524 aber nichts verdächtiger finden können,
2606 3505 2763 3603 nach
