3024 4032
44 121 167 216 10.
109 2089 226 2202 11.
235 229 1420 466 Schwängerschafft geachtet, indeme ed
268 391 1415 554 keinen großen auch gezeiget, und
265 447 1397 630 allezeit gete farb gehabt, wohl aber
242 563 1412 768 habe es selbst bekennet, es seye nicht
219 655 1403 834 wohl regliert, seine Zeiten bleiben ihm
254 750 1418 912 offt den 16. Sachen und am samster
258 841 1405 1007 vor dem Wienacht Tag, als er über
246 936 1394 1106 Colie geklaget, seye es auf Kersatz
221 1021 1378 1187 zu der Lehrgemann seiner halb
216 1118 1401 1283 Schwester gegangen, und da es am
217 1223 1417 1380 Ginstag wieder in die Stadt gekommen
232 1306 1391 1499 habe es gesagt, es habe seine Sach
227 1417 1413 1593 wieder gehabt. Er Deponentin habe
244 1502 1383 1676 mit der Kammermagd auch darüber
223 1605 1347 1788 geredet, Sie habe aber gleich wie
237 1715 1406 1886 Es befunden, daß Sie keine Schwan¬
220 1801 1381 1979 gerſchafft bei ihm bemercken möge.
221 1903 1131 2061 Actum den 18. Merz 1769.
266 2025 1346 2185 ohannes Roth und dem Oberen
238 2152 1338 2308 Buggesterg, bey 10 Jahren Altend,
223 2242 1363 2378 Hauß knecht bey Junckherr Obrist
212 2336 1199 2483 Tscharner ein Lohn, zeigt an:
192 2433 1386 2618 am letten Wiernacht Tag des Morgend,
206 2544 1383 2728 als er allhier in die Stadt in die Pre¬
215 2628 1393 2809 digt gekommen, habe er an der Juden
207 2705 1402 2889 Daß das Mareyli Jenigi, so seines
206 2828 1346 3008 Eheweibs halb Schwester seye, mit
220 2897 1400 3086 keinem Vatter, der sein Unter knecht,
210 2977 1367 3212 angetroffen, da das Mareyli im Ge¬
207 3113 1341 3291 griß wäre auf Kersaz zu gehen.
194 3151 1384 3421 Auf den Abend seye er Dept. zu Hand
205 3279 1368 3486 im Lohn wieder angelanget, allwan̄
198 3382 1357 3581 das Mareyli sich über danchliche
1006 3475 1351 3649 beklaget
2737 257 2865 352 .
1671 406 2842 556 beklaget, worauf er Depl. zu seinem
1666 498 2797 611 Weib gesaget, das möchte wohl etwas
1672 570 2791 710 wiedert seyn, es solle Ihns befragen.
1642 651 2825 795 Als daß selbe Ihns hierüber zu Sted gestellet
1645 736 2832 896 habe es geantwortet, man solle doch ihm
1657 826 2811 950 nichts anders zurücken, das komme von
1642 929 2823 1074 seinen Zeiten, welche ihm geweil Bauch¬
1635 1014 2828 1176 woche machen. Darmit seyen, sie nicht
1641 1132 2839 1286 zufrieden gewesen, sonder haben ihren
1659 1211 2791 1380 Verdacht noch seinem Vatter großen,
1650 1305 2789 1491 bahret, welcher ihns auch deßhalb be¬
1661 1404 2818 1590 fräget, es habe ihm aber nichts an¬
1652 1535 2806 1675 werd bekennen wollen, seye biß am
1636 1630 2782 1786 Zinstag am Morgen darauf bey ih¬
1654 1731 2770 1870 mnen im Lohn verblieben, und erst
1644 1806 2787 1972 dan̄ zumahl wieder in die Stadt ge¬
2229 1918 2758 2062 Als er letst ver¬
1634 1969 1946 2064 ggangen
1654 2015 2779 2161 wichenen Sonntag allher zum Junckherr
1636 2105 2775 2232 Obrist Scharner gekommen, habe so wohl
1651 2189 2779 2343 der Herr Obrist, als die Frau thue be¬
2103 2281 2764 2420 Ob wahr seye, daß das
1635 2288 1909 2405 fraget:
1641 2371 2773 2521 Mareyli am Wienacht Tag bey ihne
1637 2456 2744 2618 starck Bauchliche gehabt, und seine
1617 2543 2787 2699 Zeiten bekommen. Wie er Dept. Ihnen
1646 2636 2782 2781 solches, so viel ihme in wißen, bejahet,
1638 2734 2760 2866 haben. Sie ihren die leidige Gegebenheit
1643 2811 2778 2955 großerbahret, und zugleich anbefohlen
1641 2898 2788 3064 daß er und sein Weib drauß en alles
1642 2994 2791 3138 durchsuchen sollen, ob nichts zu finden
1648 3089 2781 3250 seye, daß einiche Anzeig einer den
2697 3205 2743 3275 .
1647 3185 2703 3328 giest oder anderen Sachen geben
1639 3276 2794 3432 könnte? Er haben sie einter dem
2388 3385 2643 3534 Ant
