3024 4032
173 323 219 404 2.
217 297 329 375 425
218 370 289 487 .
238 474 356 574 Samtli
745 279 1114 378 M
833 363 995 421 men
357 370 1498 538 geforderet, ob Er ihr solche hervorgegeben oder mege¬
386 467 1459 621 Weilen sie geglaubt, dem Anneli seyen nach
339 547 1479 682 seinem vorgeben, seine Zeiten wieder gekom¬
345 623 1405 734 men, So habe Sie gedacht dieser übele Geruch
349 685 1473 835 komme von seinem Heinricher, und habe daher
345 755 1412 875 ihm das Heind geforderet, welcher sich aber
333 834 1471 942 geweigeret, solches hervorzugeben, tagende, es
349 889 1455 1017 stege mit, Er gehe morgends aus der Instul,
330 952 1470 1094 Es wolle das Heind mit nemmen, da sie aber nicht
322 1028 1467 1176 davon abstehen wollen, mit verdeüten auf weiteres
313 1103 1483 1251 weigeren, es dem Herr Verwalter zu sagen, habe
325 1193 1464 1310 Es ihr endlich den Waadstak hinder dem Haubt¬
333 1242 1449 1385 buße hervorgezogen, und gesagt. Es habe eine
303 1305 1452 1465 fausse Couche gemacht, Sie könne aber nichts
298 1395 1467 1526 stehen, indeme alles zu Stüken seye. Als Sie
294 1455 1443 1585 hierauf den Waackstab oben eröfnet, habe sie
306 1537 1449 1650 sogleich den Kopf der Kinder und das Brustli
300 1602 1462 1730 gestehen, worauf die festigerschroken, und zu
322 1673 1445 1817 dem Annell gesagt, das Er vor ein gotloses
302 1745 1405 1868 Mensch seye. Da Er dann sie geböten nur
303 1826 1416 1933 leiste zu reden, und niemand was davon zu¬
303 1887 1436 2022 offenbahren, mit dem Versprechen Sie darfür
281 1976 1421 2089 zu belohnen. Sie habe in der That ihm
1420 2013 1451 2149 .
316 2042 1422 2153 auch verheißen, es niemand zu sagen, nur
304 2102 1382 2197 damit sie von dem betweggehen könne.
288 2177 1420 2283 habe den Waadstak also auf dem Betliegen
309 2238 1462 2359 laßen und seyn eiligst zu herr Verwalter
309 2304 1453 2423 gelauffen ihm solches anzuzeigen, der ihr dann
310 2375 1441 2494 anbefohlen, alles in das tochten Kämmerli zu
298 2445 1408 2575 tragen. Als die hierauf wieder zu des
306 2518 1474 2648 Jannelis bet gegangen den Waadstar abzuholen,
288 2593 1472 2717 habe es sie gefragt, ob Er jemand etwas gesaget,
298 2652 1480 2787 Sie habe es ihm vernemmet und habe den Waadstat
310 2727 1468 2857 weg getragen. Das Kind seye in einem indien¬
715 2827 775 2854 e
303 2808 1427 2917 gen Cochli und Betmanteli, und glaube, auch
319 2863 1417 2965 in einem Hand eingewikelt in dem Saachter
309 2949 1414 3062 gelegen, könne aber in Ansehen des Heide, es
313 3010 841 3108 nicht wohl versichern.
337 3076 1390 3177 als Sie am Mitwochen am Morgen ihm das
182 3092 305 3188 An:
319 3139 1398 3273 Weißenburger Waßer angeboten, was vor
316 3217 849 3338 eine farb Ergehabt.
345 3273 1438 3409 Es habe seine natürliche farb gehabt, und nicht
192 3287 344 3385 Rtlo
331 3357 775 3474 Schlach geschinnen.
224 3403 1335 3538 fr. zu welcher Stund des Morgens das gewesen.
191 3489 796 3612 Ant. Gegen c. Uhr.
1140 3539 1258 3621 fr.
1990 298 2072 361 .
2730 333 2872 425 226.
2045 318 2335 409 Gler
1594 380 2835 537 Fr. Ob Er den gleichen Tag nicht vom bet aufgestenden.
1606 455 2796 590 Auts. Sie möge sich nicht daran erinnern, wohl aber besinne
1693 528 2813 665 Sie sich, daß Er über Kopfliche geklaget, und mit
1699 591 2396 685 denen anderen geschwätzet.
1596 637 2829 780 Fr. Ob Er dann zum Betmachen nicht aufgestanden.
1586 715 2806 874 Anthor ta Er seye etwan um 4. Uhr, da man gewohnl.
1687 794 2427 887 die Betmache, aufgestanden:
1605 854 2641 967 Fr. Wer denselben abend das Betgemachet.
1593 932 2798 1047 Rath. Sie habe Er gemachet, Sie wiße aber nicht mehr,
1696 995 2795 1115 ob das Anneli ihr damal geholfen, wohl aber
1677 1083 2820 1186 besin̄e sie sich wohl, daß der ihr anderfolgende
1689 1140 2075 1236 tagen geholfen.
1580 1195 2782 1337 Fr. Da Sie das bet gemachet, was sie darin wahr¬
1676 1275 1939 1382 genommen.
1564 1322 2805 1459 Aantl. Sie habe in dem Leinlachen nur Blutgebahret
2348 1416 2498 1467 von
1675 1413 2765 1526 und nicht Sachen wie sonst bey Kindbetermen.
1678 1486 2762 1601 das Cochli und Betmanteli aber haben sehr
1682 1541 2803 1669 last ausgestehen. Es werde solches sich unter¬
1671 1619 2033 1730 leget haben.
1585 1666 2834 1791 Fr. Wann sie das Cloetzli und Betmänteli gestehen,
1608 1742 2809 1829 Antlo. Da sie das Kind in das todten Kämmerli getrag
1652 1816 2788 1927 gen habe sie den Raadstok in Gegenwart der
1626 1881 2777 2002 Frau verwalterin ausgeleeret, und solches
1680 1954 2096 2047 damal gestehen.
1567 2002 2738 2153 Fr. Woraus sie sich ließe, daß Er das Cochli
1668 2106 2568 2208 und Betmänteli unter sich geleget.
1587 2150 2751 2292 Antho, Weil das Get nicht so wust ausgestehen, und
1677 2241 2534 2366 das Kind darin eingewikelt gewesen.
1595 2303 2775 2421 fr. Ob die Fählerin nicht ein großes Verlangen
1664 2373 2507 2493 bezeüget aus der Instul zu gehen.
1588 2437 1702 2532 Anckl.
1701 2449 2741 2561 Es habe schon am freytag nach dem Bätag
1661 2505 2796 2629 un bin gehabt, daraus zu gehen: Auf ihr anrah
1668 2587 2745 2710 ten hin, wegen dem Küsten Veter, seye er
1670 2653 2746 2782 langer verblieben, und habe sich vorgesetzt an
1647 2728 2783 2825 Montag wegzugehen. Schon am Mitwochen habe
1653 2793 2720 2917 Es dem H. Doctor selbst gesagt, Es wolle
1670 2854 2660 2989 am Montag wieder aus der Instul gehen.
1571 2927 2728 3068 Er: Ob Er nicht vor der Zeit, als Er gesagt seine
1626 3021 2757 3114 Zeiten seyen wieder gekommen, auch verlan¬
1650 3069 2448 3186 get aus der Instul zu gehen.
1551 3131 2746 3269 Antl. die erinnern sich deßen nicht, könne es nicht
1655 3215 2001 3306 vergläßeren.
1543 3272 2719 3404 Fr. zu welcher Zeit, sie ihm das Rathli abgehalt
1660 3344 2054 3444 und überbracht.
1562 3390 2721 3529 Anth. Es seyn an dem gleichen Mitwochen gewesen,
2565 3478 2713 3563 bestimme
