3024 4032
299 364 434 466 83
380 548 410 616 .
736 338 996 511 Her.
451 485 1515 646 hierauf angerathen, für 2. v. Ordnung
442 569 1538 709 Ohl zu brauchen habe aber die ser Stand
460 641 1492 767 gesagt, es wolle keines brauchen
430 708 1520 833 sondern warten, biß nach dem Muni
428 776 1523 912 dann ihme dan seine Zeiter nicht wieden
439 863 1526 989 kommen, so wolle es wieder zum Klag¬
442 940 1514 1111 richter gehen, und ihm stein Kaßen
420 1026 646 1153 Bedien
397 1094 1515 1253 Im letzten dienstag morgend an
397 1207 1517 1341 halb zwölf lache aber, habe er einen
418 1285 1508 1400 starcken Glich fluß gehabt, so daß
418 1369 1525 1514 ihm übel worden, und es wechtelt beise
424 1464 1490 1605 ferst und hitzen verstuet. Habe
411 1552 1521 1692 solches der Her Hantze so gleich großen
421 1656 1478 1787 baret, die ihme verdeütet, es seye
415 1746 1492 1875 guth, es werde schon beßeren. Als
418 1825 1440 1967 die Frau Hantzi hierauf zu H
414 1923 1468 2057 Operata Kuhn gegangen, habe Sie
396 1997 1471 2151 ihm zugemuthet, schwangen zu seyn,
399 2087 1484 2223 es habe ihr aber gesagt, es glaube er
404 2169 1499 2336 nicht, die Fr. Hänzen habe ihne darauf
399 2261 1476 2422 geheißen zu beit zu gehen, da dann
393 2357 1504 2491 der Bolich fluß aufgehört, und er habe
398 2451 1504 2597 die ganze Nacht wohl geschlafen, zu¬
419 2543 1498 2687 vre aber, habe es haben keinem
404 2635 1480 2761 buche, Camillen Thee, und im Glar
401 2719 1480 2875 voll kein, so ihme die Fr. Hänzi
368 2814 1438 2978 gegeben, getruncken, weilen er¬
357 2910 1503 3052 starcken Furst gehabt. Morndrist
385 3001 1474 3144 als am Mitwochen seye ihme gantz
371 3087 1483 3263 wohl gewesten und habe seinen dienst
379 3177 1480 3297 verrichtet. Nachmittag habe es im
356 3287 1495 3434 Mittahl Brock geholet, und habe nichts
350 3359 1515 3544 gestürt bis gegen 6. Uhr Abend, da
1252 3468 1402 3623 dun
2712 345 2857 461 .
2007 354 2312 494 Beller.
1699 488 2813 660 den Blutfluß wieder gekommen, da
1686 575 2839 715 es solches der Fr. Hänzi abermal rechten
1696 648 2782 798 baret, habe sie gesagt, die wolle
1674 731 2837 889 eine Hebamme kommen laßen, worauf
1689 803 2827 970 es ihre geantwortet, und seye noch nicht
1677 886 2803 1048 nöthig gegen 9 uhr abends sege
1681 970 2838 1165 aber die hebamme angekommen, die ihne
1685 1073 2790 1226 visition, und ihme gesagt, er stäge
1676 1136 2812 1321 schwaniger uns habe Milch. Es habe
1675 1239 2820 1407 ihr geantwortet, es könne unmöglich
1679 1330 2836 1503 tagen, daß es schwangen seye, und
1676 1417 2853 1589 glaube er nicht worauf die Fra
1670 1514 2837 1679 Gänzi eins ihre Kellermags, in der
1667 1601 2853 1775 beglaubniß, es werde und betterin
1667 1692 2831 1852 werden, ihm an die Herrengaß zu
1679 1776 2879 1942 der In Fr. Baumgartner geführt, wo
1672 1865 2821 2031 es sich zubeit geleget, In der
1666 1958 2894 2105 Nacht um 35. Uhr habe die Ihre Gantze
1684 2048 2890 2188 und Infra. Ruhn einen Scharen mitge¬
1685 2134 2896 2286 bracht, der ihm zu Elden laßen sollen
1666 2234 2905 2379 deßen es sich anfänglich geweigeret,
1665 2307 2882 2431 weil es noch nie zu Ader gelaßen,
1678 2408 2786 2536 und sich darvor geforchtet. Habe
1660 2482 2835 2644 aber endlich eingewilliget, worauf es
1665 2581 2779 2741 die ganze Nacht wohl geschlagen
1665 2673 2883 2833 kente morgend habe des Kuechers wan
1658 2771 2869 2950 ihns zuerst befucht, und nachberts stege
1669 2863 2865 3025 die hebamme auch zu ihm gekommen,
1671 2951 2863 3134 wie auch die Stellermags, welche die
1664 3063 2890 3230 Frau Hanze geſchickt, um zu biß ein
1670 3156 2881 3318 war es mache. Dieselben haben ihm
1660 3243 2806 3423 zugemuthet schwangen zu seyn, es
1674 3310 2787 3498 habe ihnen aber nichts anders
1674 3434 2885 3599 bereuen können, als daß es um
