3024 4032
196 1877 281 1993 fr:
124 1996 273 2144 Ant.
181 2652 299 2742 Onot
137 2733 281 2821 Anth.
145 2800 220 2939 4.
170 295 288 382 223.
281 408 335 496 .
709 282 1026 437 Hanfer
343 389 1219 518 noch im Bet gelegen, zu dem Haus
341 467 1276 583 kommen anzuklopfen. Es seye darauf
349 536 1242 659 aufgestanden, hinunter gegangen,
335 610 1276 729 Und habe derselben Bescheid gegeben,
335 683 1255 796 welche gesagt, sie habe etwas mit ihm
326 753 1189 863 zureden, sie wolle zu ihm in sein
775 825 1188 912 dorten haben
334 829 773 936 Stublein gekommen.
329 895 1237 1009 sie ins gefragt, ob Herr und Frau in die
322 961 1221 1083 Predige gehens Er habe ihr solches
328 1036 1150 1157 damal noch nicht sagen können.
334 1104 1271 1242 darauf habe Er Sie in seinem Stublen
312 1176 1301 1319 gelaßen, und Es habe zu depennieren.
317 1255 1304 1406 gemacht. Nach diesem seye Er zu
313 1339 1361 1477 der Schmieden in die Stuben gegangen,
312 1429 1267 1552 welche ihn gefragt. Ob der Herr und
307 1497 1332 1615 die Frau jetzt in die Predigt seynd.
289 1578 1253 1713 Als Er ihr solches bezahet, habe die
305 1647 1223 1773 ihns weiters befraget. Ob Er, die
285 1713 1311 1840 Schlußel zum Purenn habe bekommen
303 1792 493 1893 konnen.
315 1858 1253 2013 Woher die Schmiedin gebürt, daß Ei
293 1958 1059 2082 Bureau in der Stuben seye?
302 2021 1229 2176 Kurze Zeit zuvor stege, sie in die
310 2107 1325 2232 Munz gekommen, und habe dem H. Jenner
292 2174 1265 2323 altes Silber oder Casse Löffeli, wie
293 2259 1292 2388 Er glaube, zum Verkauff gebracht.
322 2340 1285 2470 da habe Er Inquit sie zu Herr Jenner
297 2401 1258 2542 in seine Stuben gewiesen, wo sie
298 2474 1259 2625 das Bureau damal werde gestehen
284 2555 489 2659 haben.
310 2618 1283 2783 Solle in steiner Erzelung fortfahren.
322 2719 1329 2857 Als Er ihr der Schmieden geantwortet,
316 2803 1314 2934 der Herr Jenner habe alzusterg zu den
302 2872 1288 3010 Schlüßlen, habe sie ihm angegeben.
293 2947 1297 3071 die wollen das Bureau aufbrechen.
289 3009 1285 3138 Sie habe Stägeli, oder Zwekli bey sich.
295 3079 1237 3204 Es solle mit ihr hinab in des Herrn
300 3145 1335 3277 Stuben gehen. Darauf habe Er ihr gesagt:
315 3210 1319 3341 3 thue dieses bey leib und Seel nicht:
316 3273 1293 3415 Wann der Herr Jenner solches sehen
319 3345 1270 3444 würde, so müste Er selbes allein gethan
324 3425 1202 3502 haben, Sie habe ihn aber erwieder.
1179 3487 1276 3568 Sie
2621 306 2743 401 224.
1734 348 1783 406 2
1939 303 2287 435 Deusis
1607 391 2699 501 Es solle sich nur nicht förchten. Sie wolle schon
1632 458 2736 559 machen, daß Er nicht offenbahr werde. Sie wolle von
1625 514 2730 616 jeder Gattung Geld, ein Stüklein in eine unbauchte
1609 573 2725 679 Strangen Garn thun, und dann hintersich in das
1625 638 2216 741 rin̄ende Waßer werfen.
1624 691 2688 820 Auf dieserhin habe Er sie zwar in Herr Jenners
1625 765 2664 882 Stuben geführt, und gesagt, Es laße sie nicht
1624 826 2656 942 aufbrechen. Sie habe aber geantwortet, Sie
1618 899 2671 1023 wolle schon machen, daß Er aufgehe. Es habe
1617 957 2690 1097 auf ihr Geheiß, das Bureau hervor gezogen,
1621 1026 2702 1168 da habe die Schmieden solches oben gehalten.
1607 1102 2653 1233 Und auf diesem huß seye die Thür von
1600 1166 2670 1300 selbst aufgesprungen, worauf die Schmiedin
1599 1250 2692 1380 zu ihm gesagt. Ruges gratet. Es ingl. habe
1598 1325 2694 1455 ein Schubladlin hervorgezogen, darin im
1604 1397 2700 1531 Sekel mit Fünfbätlern gewesen. Diesen
1586 1480 2710 1586 Sekel habe die Schmieden heraus genommen,
1601 1558 2689 1676 und ihme daraus funfbätler in das für¬
1582 1627 2706 1757 such geworfen. Die übrigen habe Sie mit
1596 1717 2719 1849 dem Bekel wieder in das Schublädlein geleget,
1582 1790 2676 1932 Es habe zu ihr gesagt, die solle nicht zu
1601 1880 2690 1984 viel nemmen, wann Er auskomme, so müße
1582 1946 2690 2084 Es solches doch allein gethan haben, Sie habe
1581 2009 2666 2152 ihm aber geantwortet: Es solle die nur
1593 2100 2695 2228 machen laßen, es werde nicht auskommen.
1644 2159 2690 2294 darnach habe die Schmieden ein anderes
1580 2237 2676 2391 Schublädlein obenher, her vorgezogen, darin
1584 2309 2659 2464 auch, fünfbätler und zwäntzger in Betlen
1582 2387 2684 2533 gelegen. Daraus habe Sie beyder Gattung
1583 2487 2637 2608 auch genommen, und ihm instein furtuch
1588 2533 2586 2682 geleget. Es seyen zwanzger mit 3.
1570 2596 2029 2727 Kronen gebesten.
1592 2678 2662 2818 darauf habe sie eine drite Schubladen
1570 2756 2604 2898 hervorgezogen, darin Pfenninge und
1577 2835 2664 2962 Louisblanc in Sehlen gewesen, woraus
1585 2912 2653 3048 Sie auch von beyder Gatung ihm in das
1576 3008 2655 3115 hürtlich gegeben, sagende die wolle
1567 3051 2625 3205 solches dann zu Neüenburg auf beholen,
1617 3140 2616 3273 habe endlich alle übrigen Schubladen,
1576 3205 2615 3350 her vorgezogen, darin sich aber beim
1591 3272 2010 3375 Geld befunden.
1596 3349 2660 3500 die Schmiedin habe die Thür wieder zuge¬
