3024 4032
80 267 110 328 2
140 252 261 329 257.
127 536 276 664 Aublo
181 1014 263 1123 fr.
133 1171 281 1304 Antb
194 1666 268 1783 r.
113 2161 259 2253 Antl
692 267 1119 441 Rabe
291 356 1305 562 bekennen, was Sie in der Stuben mit
279 458 829 592 einander gemacht.
300 556 1354 748 das Madle habe ihns geheißen, mit ihme
272 646 1409 830 hinab kommen, um das Bethelfen zumachen.
274 714 1331 881 Als sie mit einander dahin gegangen, habe
273 795 1331 939 daßelbe gesagt, Sie wollen das Bureau
265 866 1252 1036 her vorziehen, Es habe etwas darhinter
263 951 559 1063 verlohren:
282 1026 1359 1199 Ob Er den Passe partout in des Herr
260 1111 1228 1268 Jenners Stuben nicht auch gebraucht.
291 1186 1315 1347 das Madle habe darmit das untere
269 1284 1331 1435 Bureau Schäffli öfnen wollen, der Bart
266 1353 1169 1492 seye aber im Schloß verblieben.
416 1438 1275 1561 dieses negirte das Madle, und
380 1517 1316 1657 sagte, das Cathri habe damal
405 1596 1074 1730 den Bart abgetrahet.
1256 1684 1285 1758 C
288 1685 1322 1833 Es seye nun darum zu thun, wann er
264 1761 1320 1905 sich vor der Marter seyn wolle, daß
255 1853 1331 1990 Es eine aufrichtige Erzehlung machen
268 1923 1344 2062 wie Er das Madle Sonster zum Stälen
269 1999 1346 2137 beredet, und eingeführt, und was sie mit
277 2080 1031 2186 einander verübet haben?
285 2136 1380 2287 Es wolle alles bekennen und lieber sterben,
273 2237 1189 2359 als sich mehr martern laßen.
264 2306 1307 2457 Wie Er hier mit der Sprach nicht recht
261 2402 1344 2524 heraus wolte, würde es nach Anweisung
275 2481 1304 2610 des Madle Hausers Bekantnuß, und
277 2557 1334 2681 gethanen Anzeigen von Punkten zu
261 2628 1325 2770 junkten, befraget, da dann folgende
271 2716 1310 2850 Bekantnuß, theils freymüchtig, theils
268 2793 1328 2929 anscheinender maßen, aus forcht der
277 2865 1359 3024 mehreren Marter, von ihm erhalten
267 2976 529 3065 worden.
477 3031 1120 3203 Delantnus.
188 3109 1373 3307 Es habe dem Madle, da Er ihns berufen,
204 3226 1307 3368 Szum öftern Tasse brouillirt, und aus
273 3315 900 3443 den Karten gesaget:
269 3380 1325 3529 Zuerst habe Er ihm gesagt, Es solle
1235 3436 1344 3521 dem
1601 471 1649 527 .
2693 184 2809 281 238.
1884 237 2386 401 aber
1670 347 2803 526 dem ersten treu bleiben, Er werde glükhaftiger
1639 437 2736 601 seyn. Nachberts habe Er ihm auch gerathen,
1636 502 2704 652 keinen jetzigen Man̄ Jahren zu laßen,
1645 568 2783 699 indeme Er aus den Tasses und Karten gestehen,
1646 647 2757 787 daß er werde an Galgen kommen, wann Er
1647 723 2782 831 nicht Geld in ein Kloster zu Freyburg schike,
1635 786 2310 914 und für ihn bäten laße.
1625 841 2808 983 habe darauf ihns geheißen, des Herr Jenners
1635 935 2763 1034 Bmanschlüßel zur Hand zu bringen, um
1632 1010 2787 1110 ihn zu bestälen, weilen Erreich genug seÿe.
1610 1082 2752 1188 An einem Sontag am Morgen hernach,
1628 1151 2757 1282 glaube im herbstmonat, seye es zu dem
1611 1213 2713 1357 Madle in die Müntz gegangen und habe
1616 1299 2773 1436 gefraget, ob Er jetzt die Bureauschlüßel
1611 1362 2781 1495 habe. Als es ihm mit nein geantwortet,
1611 1447 2746 1585 habe es Inquit angegeben, sie wollen das
1618 1536 2757 1652 Bureau aufbrechen, und versprochen, es
1612 1609 2232 1726 solle nicht auskommen.
1627 1683 2701 1828 Auf diß hin seyen sie während der
1617 1769 2809 1908 Morgenpredigt in des Herr Jenners Stuben
1608 1887 2748 1979 hinab gegangen, da habe das Mackle
1625 1923 2806 2072 das Jureau hervorgezogen, und es Ingl
1606 2005 2771 2127 habe daßelbe oben vorwerts gehalten,
1615 2069 2796 2236 da dann die Thür von selbst aufgesprun¬
1608 2168 1732 2241 gen.
1612 2193 2801 2366 das Madle habe feuerst ein Schublädlein
1605 2289 2761 2455 her vorgezogen, darin ein Bäkel mit
1588 2365 2782 2549 hunfbäzleren gelegen. Er Ingt habe
1617 2461 2812 2660 aus diesem Sekel, dem Madle einiche
1602 2524 2644 2702 Stuk in sein furtuch geworfen.
1624 2623 2806 2819 darnach habe Er inge selbst, auch zwey
1589 2690 2750 2888 Schublädlein hervorgezogen, darin in
1600 2782 2736 2994 bätlen auch fundbähler, zwäntzger,
1587 2838 2789 3039 Louisblane und Pfennige sich befunden. Habe
1604 2927 2800 3118 ins jedem Sekel etwelche Stuk dem Madle
1600 3016 2769 3192 in das fürtuch gegebene Solches Geld dann
1576 3065 2788 3305 haben sie in seinem Stublein, zu Hauf¬
1599 3147 2151 3299 lenen weis getheilt.
1594 3214 2784 3440 Damal habe das Mäde, ihm 4. große Stük
1608 3309 2732 3521 und soder 8. kleinere zum verwechten
1580 3355 2686 3600 zugestelt, welche Er hernach bey einem
2585 3568 2771 3637 Man̄
