3024 4032
145 326 260 393 203.
255 435 316 520 .
247 515 329 609 Fr.
174 547 317 686 Auto¬
227 1134 302 1228 Fr.
139 1265 292 1414 Auto
639 300 984 446 Nober.
347 416 1298 544 aber solches nur ein paar mahl gethan.
341 490 1348 610 welchen Persohnen Er also gewahrstage
345 572 1294 656 die Magd in der Müntzste Madle heiß
321 637 1314 757 Ein anders so bey Ihr von dießbach diene
323 690 1273 815 und ein drites so er nicht kennen seyen
328 758 1234 884 in der Madle Stüklein zusamen
317 846 1273 962 gekommen, dahin es bescheiden worden,
329 916 1294 1019 wo sie ihns über ihre Glüks Umständ,
310 976 1288 1105 Henrath und Erb befragt, denen es aus
316 1048 1073 1172 den Tassen etwas gesaget.
322 1121 1240 1238 Ob das Madle in der Münz ihns
310 1193 1231 1306 nicht auch über anderes befraget.
316 1284 1282 1424 Mein 2. daßelbe habe zugegen
308 1383 1236 1486 hmen hernach gesagt, er habe
302 1436 1205 1565 schon geerbet, welches ihns Inqui¬
305 1520 1269 1653 veranlaßet ihm Geld abzuleihen,
290 1593 1304 1710 von dem es also bald d. 1. empfangen
287 1650 1283 1798 in Stuken die Er nicht gekennet. Habe
291 1723 1284 1878 auch letzten Sontag von Venner Hand
278 1798 1256 1942 Mader zu Maus d. 10. gelichen, in
271 1877 1217 2000 2. neuen Thl. 1. Neuen Publ. und 2
267 1951 1251 2082 Paufbätleren bestehende. Die Subl
280 2038 1229 2163 habe Er hernach gegen 4. Granth
289 2097 581 2205 verweiholet.
185 2186 270 2282 Fr.
294 2167 1234 2319 das Madle Häuser seyn würklich
170 2287 240 2370 hott
296 2263 1283 2373 über sein Geld auch examinirt worden,
284 2332 1273 2458 Es habe aber nichts gemeldet, daß
283 2413 1168 2530 Er mich Geld ihm gelichen habe.
149 2461 273 2580 Antlo
274 2481 1116 2622 Es seye nichts destoweniger Wahr¬
181 2569 278 2675 In¬
304 2568 1271 2681 Wann Er sein bestes betrachten wolle,
287 2641 1277 2760 so werde Er sich nicht mit Erdichtungen
286 2707 1299 2823 aufhalten, sondern vnnd bekennen, was
273 2780 1332 2898 zwischen ihm und der Madle in der Müntz
285 2836 998 2985 bey H. Sen̄er vorgegangen.
113 2881 261 2998 Ants.
287 2915 1302 3016 wiße einmal nichts anderes, als daß
273 3000 1330 3121 Es daselbst dasses procolliert, und von dem
286 3057 1023 3184 Madle Geld abgelichen habe.
184 3122 1318 3245 Fr: Es werde doch von dem Madle beklaget
299 3205 1319 3314 daß Er ihns zum Diebstahl verleitet,
287 3265 1344 3380 und ihm aus den Tasses gesagt, es werde
280 3321 1351 3436 nicht auskommen, wie auch daß Er ihm bey
1247 3408 1360 3492 dem
2574 300 2694 393 204.
1938 314 2355 467 Raber
1616 428 2641 547 dem diebstahl selbst geholfen habe, ob Er
1609 493 2127 599 solches laugnen dorfe
1500 537 2686 666 Ants von dem allein laße Er nichts, und seye
1597 622 2650 725 deßen fälschlich beklaget, aus den Tassen
1593 676 2651 759 aber habe Er ihm nur von Erben geredet.
1530 731 2662 837 Fr. Das Geld so auf ihm gefunden worden,
1576 792 2683 916 seye just von dem gleichen, so Sie dem Herr
1576 867 2161 977 Jenner gestolen haben.
1594 924 2666 1062 Das Maille habe ihm solches gegeben, mit
1464 941 1590 1039 Autl.
1598 1011 2640 1131 dem Versicheren, Es habe selber ererbet.
1593 1072 2665 1193 und komme von Heimath. Die Baste seye
1583 1135 2698 1262 häuslich gewesen, und habe das Geld schon
1585 1212 2399 1339 lang zusamen gelegt gehabt.
1613 1303 2704 1433 Wiedermal seye gar verdächtig, daß Er
1503 1326 1577 1406 Ihr.
1585 1386 2714 1505 dieses Geld also verbunden, und in Säbel
1592 1459 2450 1585 eingenähet auf sich getragen.
1452 1566 1573 1649 Auto
1607 1530 2668 1691 Wan man auf den Stören herum gehe,
1589 1641 2626 1767 so könne man das Gelt nicht sicher im
1588 1709 1892 1791 bak tragen.
1470 1795 1573 1895 Er
1601 1767 2695 1907 da er sage, er habe vom Venner zu Mand
1595 1860 2675 1986 Guldentlehnt, warum Er dasjenige nicht
1582 1945 2647 2049 zu erst verbrauchet, so es schon zu vor
2624 2025 2662 2064 .
1569 1994 2626 2117 gehabt. Dieses zeige zustan, daß Er
1579 2061 2677 2199 wohl gewurt, solche Geld stuk bey sich zu
1569 2143 2723 2261 haben, die Er nicht häte Anbringen - oder
1589 2206 2708 2337 daraus der Diebstahl häte entdekt werden.
1572 2272 1761 2362 kön̄en.
1462 2330 1584 2430 Auth.
1611 2317 2714 2471 2) habe mehrers Geld nöthig gehabt, indem
1581 2424 2667 2542 sein knab dem Babeli Bylang, bey
1575 2494 2638 2625 Herrn Landvogt Ratsched P. 22. schuldig
1564 2555 2669 2693 seye, welche Er habe bezalen wollen.
1490 2657 1549 2746 Ihr
1597 2637 2678 2778 Ob Er dem Maille eine Handschrifft
2542 2735 2612 2838 d
1590 2721 2106 2842 darfür gegeben.
1456 2787 1587 2890 Ant.
1610 2763 2657 2913 Nein. Dem Venner zu Stand auch
1580 2860 1717 2943 nicht.
1487 2908 1562 3048 fo¬
1591 2899 2687 3048 das Madle habe doch jemann den der ein gelichen
1581 3010 2683 3132 und eine Handschrift darfür genommen,
1576 3079 2666 3218 dieses Zeuge abermal wieder ihn, und
1593 3149 2647 3284 daß Er das Geld nicht abgelichen haben.
1600 3219 2611 3352 Es habe keine Handschrift begehrt.
1454 3222 1589 3307 Ant.
1606 3288 2705 3439 Nun erfinde sich aus der Berechnung seines
1450 3314 1564 3417 Is
2565 3391 2708 3497 Geld
