3024 4032
192 329 300 421 119.
657 303 1193 427 E
246 430 330 522 Fr.
346 406 1466 587 Er sich eine allerdings, da Er vormitag durch
333 488 1423 627 die Muter seine Electe abforderen laßen,
318 554 1469 710 daß Er das Kind schon zuvor in eine andere
315 621 1036 720 Cloche eingeleitelt gehabt:
217 700 349 783 tutio
369 683 1454 816 Stein sonder versichern, daß Er das Kind
318 767 1429 884 bis um 3. Uhr Nachmitags bey sich in dem
324 843 1443 946 Bet behalten, und erst damal in die Cloche
315 907 611 1011 eingepakt.
195 986 312 1082 Fr.
326 980 1440 1107 Ob Er noch beharre, daß Er zu der Zeit Kinds
312 1045 939 1170 genesen, wie Er sage?
198 1105 338 1213 Ants.
347 1115 1013 1248 Ja Erlaße nichts anders.
209 1202 306 1304 Fr.
349 1197 1448 1312 Ob Er seiner gnädigen Oberkeit vorgeben
309 1258 1429 1399 dörfe, daß Er mit seiner Beundt also zuge¬
295 1368 1469 1477 gangen. Man versichere ihm, daß Hochdie¬
280 1404 1449 1547 selbe sich daran nicht werde beingen - sonder
293 1488 1010 1598 die Warheit wißen wollen.
188 1555 1431 1705 Ant. Er habe die Warheit gesagt, und weiße nichts
293 1633 781 1734 anders zu reden.
211 1700 305 1802 Fr.
303 1684 1440 1836 Ob Er dann beharren dörfe, daß Er niemal
288 1787 1441 1899 den Vorstat gefaßet, seine Schwängerschaft
260 1835 1459 1982 zu verhalten, und seine Demiet zu verbergen.
187 1903 1479 2049 Aantl. Es könne mit Warheit sagen, daß Er niemal
301 1993 1171 2123 einen solchen Vorsatz gehaltet
184 2055 287 2177 fr.
314 2057 1427 2187 Es sey dem letztenmal ernstlich ermahnt
288 2139 1382 2255 keinen großen fehler, doch dermal mist
273 2202 1447 2317 zu bekennen, und vermitlest deßen zu suchen,
309 2275 1355 2388 seinen Frieden mit Bott zu machen.
180 2326 1434 2460 Gütl. Er habe die Warheit geredet, darauf Er leben
301 2415 798 2522 und sterben wolle.
452 2460 1302 2600 also abgelesen und bestättiget.
312 2501 454 2624 b
228 2565 1397 2689 Sictum in der Oberen Gefangenschafft
511 2652 608 2704 den
288 2642 1196 2772 den 19. Wintermonats 1770.
807 2724 901 2777 coll
150 2769 1436 2950 Hedel. An Meinen HochgeEhrten Herrn Rahts¬
736 2887 833 2953 H
300 2885 1410 2982 Herrn Ritero, und Herrn Großweibel
296 2958 871 3076 und Gricht schreiber.
209 3027 1442 3189 Auch dem meine gnädige Herrn er von Euch Meiner hoch¬
297 3102 1444 3236 und WohlgeEhrten Herren, mit der Kindermords
300 3176 1404 3311 verdächtigen Anna Bähler von Watenwyl
294 3260 1398 3348 verrührte Excimina und die Orts insticirte
303 3325 1403 3424 Procedur ablesend angehört und darüber
310 3382 1420 3496 die erforderlichen Reflectiones gemacht, haben
299 3450 1404 3585 Ihr Gnadl. diese Procedia fur einmal
1227 3510 1362 3605 noch
1576 2740 1678 2833 3.
1593 2823 1640 2912 c
1585 3340 1656 3423 4.
1600 1297 1660 1383 2.
2699 362 2841 447 480.
1923 338 2408 466 Dübler
1696 433 2791 546 noch nicht complet befunden, zumalen mit
1696 496 2812 612 deren Zurückstendung Euch Mühlotzl. freundl.
1690 549 2783 669 auftragen wollen selbige mit Aufheiterung
1677 611 2785 731 folgender Umständen zu vervolkommen, und
1661 687 1832 788 zwar
1629 706 2759 837 2. Ansehend das Visum repertum, da darin
1678 806 2743 911 keine Meldung geschehen, ob Merkmale von
1677 863 2758 988 gewalthätiger Handanlegung an das Kind sich¬
1692 925 2750 1034 vorgefunden, oder nicht, daß diejenigen
2755 967 2807 1026 .
1668 989 2798 1106 Herren, so solches ausgestelt, demselben hie¬
1683 1050 2807 1176 rüber bey aufhabendem Eyd und Pflicht ihre
1680 1122 2804 1243 Declaration schriftlich beyfügen. Wann dann
1683 1193 2035 1300 Megn auch
1707 1243 2772 1390 das Bauer Meinen gnädiger Herren der Instul Collegii und
1682 1339 2791 1466 Moll als Balz Directorii Hallers zu haben
1682 1406 2815 1529 verlangen, so wohl einerseits über das Schwei¬
1686 1477 2778 1585 men der Lungen und in wie weit bey einem
1676 1535 2774 1654 in der Conruption ligenden Kind, solches ein
1680 1598 2709 1717 gsatzmäßiges Beweistund steren könne?
1681 1666 2756 1789 daß das Kind lebendig oder Tod zur Welt
1671 1742 2746 1843 gebohren worden, als auch anderseits über
1682 1806 2781 1928 die Möglichkeit des von der Fählerin ange¬
1688 1870 2780 1988 benden Umstände, daß nämlichen Sie i
1692 1933 2718 2058 einer Ohnmacht ohne vorher gespührte
1668 2001 2746 2126 Sensation Kinds niedergekommen, auch sich
1674 2042 2812 2189 während solcher Ohnmacht und ihro unwißend
1687 2136 2819 2253 in dem Bet müße aufgesetzt und der unten
1683 2207 2796 2316 Magd einen guten Tag gewünschet haben, in¬
1674 2266 2821 2380 dem Sie darvon keine Wißenschaft haben will.
1674 2329 2801 2442 So werdet Ihr Metzlobl. beliebt seyn, gedacht
1688 2402 2808 2522 Mahhh. die hierzu erforderliche Extracten
1692 2466 2815 2566 uus der Procedur mittheilen, und das abfaßen
1690 2538 2803 2656 de Parere, wann solches Euch abgegebenen Befelch
1651 2584 2792 2727 zufolg, wird eingehändiget worden seyn, dersel¬
1684 2673 2436 2793 ben einverleiben zu laßen.
1674 2731 2754 2882 Und da verlauten bill, daß die Fählerin
1678 2812 2777 2936 vor der Entdekung ihrer Dinnirt, ein großes
1680 2892 2764 3009 verlangen bezeugt haben soll, aus der Insul
1648 2955 2761 3073 zugehen, so werdet der Metlohn sowohl
1673 3018 2798 3102 von der Kranken Muter als sonsten hiern,
1677 3088 2783 3188 ber die erforderliche Information aufnemmen,
1681 3139 2749 3267 und allenfals die Zeit da solches geschehen
1665 3206 2806 3331 seyn soll, sorgfältig in Erfahrung zu bringen
1676 3261 1885 3358 trachten.
1687 3318 2713 3446 die inhaftierte Fählerin aber, werdet Ihr
1680 3405 2784 3499 MgHH. in ein nochmaliges ernstliches Examin
1665 3464 2742 3573 faßen, und unter anderen folgende Fragen
2666 3534 2757 3614 an
