3024 4032
108 241 224 331 195.
600 255 995 424 Accusir
218 406 283 459 .
310 372 1222 520 gekent, darauf dieselbe alsobald
291 454 1262 591 wieder auf freyen Fuß gestelt worden.
104 482 1293 637 Instiert, er stehe nun wohl, wie man seinen
281 596 1285 738 Sachen würklich nachgespühret, und daß Er
291 660 1255 786 durch falsche und liegenhaffte Reden¬
286 717 1338 855 allbereits eine Frau in die Gefangenschafft
283 798 1292 927 gebracht, es werde also nochmal ernstlich
288 858 1266 1007 erinnert, in steinen Erdichtungen nicht
283 925 1297 1056 fort zufahren, sondern vnnd zu bekennen,
272 1004 1353 1132 wie es mit seinen Diebstählen zugegangen,
282 1063 1268 1199 und wer ihm hierin behülflich gewesen.
119 1142 264 1262 An 15.
287 1133 1318 1286 Es könne von der Frau Schmid nicht abstehen,
283 1226 1338 1356 selbige habe ihm geholfen den Diebstahl
287 1308 530 1418 begehen.
1031 1348 1122 1445 .
181 1382 282 1495 hr.
297 1370 1275 1508 Warum erst jezt die Frau Schmid
279 1456 1337 1573 als Mitthäterin angebe, da er doch dem
281 1529 1323 1650 Herr Genner nicht das geringste von
84 1599 1164 1735 derselben gesagt, wie Er hätte thun sollen?
118 1683 269 1789 Autho
284 1690 1321 1822 Es seye damal im Schreken gewesen,
288 1772 1100 1889 und habe nicht darangesinnet.
192 1870 268 1979 fr.
292 1871 1304 2008 Es habe auch bey seiner Gefangennehmung
292 1928 1264 2075 Meine gnädigen Herren Gebeweibel von derselben
278 2016 1370 2138 nichts geredet, welches wiedermal anzeige,
298 2083 1183 2197 daß Er jetz die Anwahrheit sage?
133 2135 289 2276 Auffo¬
307 2155 1290 2275 Auch damal seye es ihm nicht zu bin
303 2230 552 2342 gekommen.
187 2319 289 2432 fr.
310 2273 1355 2436 Wie viel Er und die Schmiedin dan mit
309 2394 956 2503 einander entwendet?
136 2466 295 2575 Antlo
331 2442 1364 2581 In allem bey A. 160. welches sie mit ein¬
317 2545 1287 2679 ander getheilet, davon Er die helfte
317 2608 637 2730 empfangen.
230 2666 1402 2836 Er: In welchen Geld Sortes solches bestanden
131 2680 213 2796 .
171 2784 333 2889 Antl.
346 2784 1397 2933 In Stuben 2. 3. Werths in fronthl. halb
333 2863 1376 2988 röthl. Funfbäklern und verrufften
336 2936 1400 3076 Geld, 4. oder 3 Stuk Medailler und verschie¬
331 3001 914 3129 denen Schulpfeningen.
220 3064 303 3165 fr:
333 3048 1250 3214 Woraus sie dieses Geld entwendet.
174 3143 335 3240 Antwo
351 3156 1378 3276 Aus dem Bureau in der Stuben, haben sie
343 3226 1385 3363 aus einem Sekel bey 50 Cronthl bey 30.
340 3288 1382 3421 halb Brönthl. und etwan d. 10. Junfbäzler
352 3362 1336 3467 genommen. Aus dem Cabinet dann, die
351 3433 1327 3545 zwey kronen Stük, das verruffte Geld die
349 3478 1011 3618 Medailles und Schulpfeninge.
1142 3563 1315 3678 sang.
2600 125 2788 246 196.
1953 161 2325 316 Hausi
1524 228 2786 481 ab. Wie manchmal sie über das Bureau gebrochen?
1528 329 2727 542 Achb. l. und die Frau Schmid seyen zweymal darüber
1600 392 2712 579 gegangen, das letzte mal aber seye kein Gel¬
1592 508 2039 642 vermen gebesten.
1544 522 2295 744 sortie viel mal in Cabinet
1524 604 2791 812 Auth. Nur einmal, und das andersten oder 2 Sontag
1580 755 1768 871 Hernach
1527 732 2698 951 c. Auf welche Weiste sie das Cabinet eröfnet.
1496 854 2783 1027 Ants, der Schlüßel zur Thür seye im Bureau gelegen
1499 947 2280 1102 Fr. Worin das Gott gewesen.
1522 1004 2328 1156 Anth. In Seklen, in einem Trog¬
1531 1081 2301 1247 sr. Ob der Trog offen gewesen.
1520 1164 2822 1324 Auts. Seye nicht mit dem Schlüßel beschloßen gebesten,
1514 1249 2564 1412 Fr. Ob das Bureau auch offen gewesen.
1508 1340 2760 1466 Ant. Nein, sonder als sie solcher hervorgezogen,
1598 1414 2762 1537 und hinten aufbrechen wollen, seye die Thür
1595 1492 2221 1605 von selbst aufgesprungen.
1499 1536 2795 1678 Artos habe ja dem Herr Jenner vorgegeben, daß
1596 1623 2645 1748 Es solches mit dem Bästenstiel eröfnet.
1524 1698 2518 1822 Auth. Es habe nicht die Warheit geredet.
1520 1775 2801 1897 Instiert. Es seye gantz unglaublich, daß das hurenn
1569 1854 2797 1971 sich von selbst eröfnet, und so da mehr Wahr¬
1602 1930 2797 2060 zeichen gefunden worden, daß sie darzu im
1590 1997 2167 2114 Instrument gebraucht.
1512 2079 2798 2220 Auth. Sie haben anfänglich mit einem Nagel
1606 2150 2746 2291 probirt, und da sie es darmit nicht öfnen
1606 2216 2798 2367 kön̄en, haben sie es von hinten angreiffen
1606 2286 2825 2443 wollen, und umgekehrt, da dann ohne anders
1609 2355 2221 2482 die Thur aufgegangen.
1516 2431 2794 2619 Fr. Auf welche Weise sie das 2. mal das
1613 2509 2132 2631 Bureau eröfnet:
1515 2565 2838 2771 Antl. die Fr. Schmid habe Schlüßlen und ein passe¬
1619 2667 2839 2824 partout bey sich gehabt, darmit aber nichts
1636 2721 2820 2891 öfnen können, sondern ein Stüklem von
1615 2801 2837 2981 Bart seye im Schloß verblieben, darnach habe
1616 2867 2785 3042 sie ein Nagel genommen, und darmit
1628 2928 2829 3105 einfälli aufgestoßen, worauf das Burenn
1576 3013 1619 3072 6
1615 2996 1940 3110 sich eröfnet.
1509 3070 2811 3285 gr. Wo Er mit diesem gestolenen Geld hinge¬
1634 3149 1825 3254 kommen?
1515 3189 1654 3297 Auts.
1676 3220 2823 3401 sein Antheil vom verrufften Geld habe
1641 3296 2789 3489 Es der Schmid gegeben, welche solches zu
1644 3363 2771 3546 Neuenburg verbeholet, und ihme darfüe¬
1651 3426 2530 3590 eine neue dublonen zurükgebracht.
2673 3515 2790 3600 R
1653 3480 2784 3671 die Medailles habe dieselbe zu freyburg verwahrhat
1660 3547 2806 3730 und ihme darfür einen Zwantzger
