3024 4032
183 346 282 436 127.
647 341 1045 436 Gelle
763 408 914 446 e
317 411 1422 525 besin̄e sich aber nimmer eigentlich an die Zeit,
318 496 1240 610 glaube er seyn und Stag gewesen:
220 547 320 651 Fo
334 559 1430 675 Ob Er seit der Zeit seiner Gemet aus der Stuben
310 640 577 700 gegangen.
216 679 1443 808 dants. Am Mitwochen nicht, wohl aber alle Tage hernach,
298 764 1458 888 seye bald allein, bald mit anderen hinaus gegangen
217 818 1282 912 Fr. Wer am zinstag abend das Betgemachet.
207 882 1430 1013 Rantl. Sie glaube das Anneliselbst, Er seye zusam¬
293 961 1433 1087 selben, Tag das Hagelwester gewesen, da habe
291 1032 1407 1148 Er die zwey Ernster bey seinem bet selbst
309 1098 969 1223 eröfnet, und lang genommen.
192 1148 326 1284 Dn.
320 1157 1373 1296 Ob sie diesem noch etwas zu zu setzen habe,
309 1242 1310 1362 das mehrere Erläuterung geben könne?
222 1312 1068 1429 Antl. Stein, Sie wiße gar nichts.
198 1383 315 1499 Fr.
312 1378 1431 1527 Ob Sie dem Anneli solches alles unter langen
315 1459 714 1573 erhalten dorfe
241 1523 670 1647 Antlo zu treglich
241 1629 1442 1782 H Daniel zubacher die Untermagd
316 1726 547 1827 sagt aus¬
231 1787 1426 1891 Fr. die habe vormals ausgesagt, das Anneli Bähler
303 1858 1414 1980 habe ihr an dem belusten Mitwochen, als sie
316 1930 1409 2042 bey seinem Bet vorbey gegangen, einen guten
311 1995 1278 2110 Morgen gewünschet, ob das wahr seye.
206 2048 451 2157 Antlo. Ja
220 2105 1096 2223 fr. Unwelche Zeit des Morgens
216 2186 821 2300 Ants. Um halber 6. Rthr.
227 2256 1448 2371 Fr: Ob die wohl verlicheret seyn, daß dieses an dem
301 2347 1402 2446 Mitwochen am Morgen geschehen, da am Abend
292 2390 995 2484 zuvor ein Weter gebessen.
190 2453 1399 2583 Canto, das könne die inst nicht versicheren, Es habe
298 2521 1372 2636 ihr ist einen guten Morgen gewünschet.
210 2586 1424 2714 Fr. Ob Sie nicht gehört, daß die Fählerin begehrt
289 2665 1061 2774 habe aus der Instul zu gehen.
192 2715 1415 2851 Antho Sie habe nichts davon gehöret, seye wenigin
301 2794 575 2879 der Stuben.
187 2862 283 2956 Fr.
299 2853 1400 2979 Ob die jetzt in guten wahren freuen ausgesagt,
301 2918 637 3000 was Sie wissen.
178 2946 1442 3101 Ants, Ja dieweis de nichts anders, und sonderlich wolle die
316 3048 1396 3162 nicht beharren, daß Er ihr an dem Mittwochen den
575 3123 640 3157 e
502 3108 559 3158 vor
299 3133 1401 3222 guten nach gewünschet, indeme sie sich darin gar
306 3170 1406 3292 wohl ihren könne, weil es ihr fast alle Tag einen
297 3243 937 3357 guten Morgen gewünschet.
314 3293 1409 3443 Berich Urech von Villiagen, sagt aus¬
320 3413 1390 3540 Sie habe noch letzlich gesaget, das Anneli Bähler
204 3441 310 3536 Dr.
300 3481 1392 3602 seyn an dem Mitwochen von Morgen vor dem
2713 378 2811 464 10.
1916 353 2384 502 dehler
1672 472 2783 593 dem Sutag, am Morgen frühe in seinem Bet aufge¬
1659 520 2801 647 seßen, und habe steine kein gegen ihr betzahmal
1654 573 2734 675 hangen gehabt. Ob sie sich daran wohl erinnern.
1600 628 2720 741 Sants. Ja, das seye wahr und sie wolle darzu stehen.
1582 682 2604 803 fr. zu welcher Zeit der Morgens das gewesen?
1568 755 2725 877 Antl. Ungefahr und 5. Uhr, könne die Zeit praecis nicht
1667 820 1873 909 bestimmen.
1558 865 2752 984 Fr. Als die Er da auf sitzen gestehen, ob Er etwas mehr als
1670 916 2078 1022 das heind angehabt?
1566 968 2400 1083 Ants, daran möge sie sich nicht erinneren
1566 1029 2770 1159 Fr. Ob sie nicht gewähret, daß Er damal das Getmäntel
1672 1098 1886 1178 angehabt.
1564 1124 2753 1264 Antl. Sie habe Er oft mit dem Betmänteli gestehen, ob
1668 1210 2801 1334 Es aber solches diesen Morgen angehabt, könne
1647 1273 2173 1378 Sie nicht verlichern.
1594 1290 1642 1377 .
1569 1312 2670 1447 Fr. Ob er mit dem Cochli in das Betgelegen.
1567 1424 2737 1504 Antl. Das laße Sie nicht, gemeiniglich habe Er das
1655 1481 2746 1595 Cochl. unter das Volet oder auf den Stuhl
1653 1547 1840 1638 geleget.
1581 1604 2741 1731 Fr. Da Er also die Sein gegen ihr Kontherab zu
1641 1680 2792 1799 hangen gehabt, ob sie etwas an ihme wahrgenom¬
1648 1749 2403 1867 men oder blutiges gesehen.
1575 1819 2496 1942 Antl. Stein. Sie habe nichts gewahret.
1566 1893 2714 2015 Fr. Ob sie von dieser Zeit an, allezeit erwachen
1657 1959 1917 2043 geblieben.
1552 2013 2732 2143 Antto. Aldieweil Sie das Anneli angeschauet, habe
1652 2103 2780 2216 daßelbe sein Betwieder zu Recht gezogen und
1643 2151 2763 2283 sich niedergeleget, darauf sie Dept. sich auch
1653 2256 2780 2355 umgebehret. Bald darnach seyn die Muter zu
1653 2293 2728 2423 ihrem Betgekommen und habe ihr das Mittel
1642 2364 2750 2485 gegeben. Und da sie beyde gegen des Annelis
1662 2422 2774 2549 Ont geschauet, haben sie geglaubt Er schlaffe, in
1645 2495 2751 2615 dem es sich still gehalten und nichts geredet:
1646 2561 2741 2684 Sie Dept. seye darauf wieder eingeschlaßen,
1663 2626 2738 2746 bis die Muter die Stuben gebuschet, welcher
1641 2704 2247 2816 gegen 7. Uhr gewesen.
1557 2751 1660 2873 d
1680 2759 2727 2903 Was sie damal gehöret, als sie wieder
1650 2845 1907 2936 erwachet.
1562 2880 2741 3029 Antl, als die Muter neben ihrem Betgebuschet,
2681 2981 2741 3049 .
1643 2980 2687 3100 habe Sie gesagt. Sie glaube das Anhwli¬
1631 3058 2758 3166 schlaffe nach, welches sich aber darauf hin un¬
1640 3129 2706 3252 getrahet und gesagt, Er schlaffe nicht, da
1631 3179 2779 3313 habe die Muter ihm das Weißenburger Waßer
1651 3249 2709 3375 angeboten, welches Er aber nicht trincken
1652 3323 2727 3466 wollen, und auf Befragen von der Muter,
1661 3406 2758 3496 warum Es solches nicht wolle, derselben geant¬
1644 3474 2738 3595 wortet, seine Zeiten, seyen wiedergekommen und
1650 3528 2235 3645 Er begehre etwas warmes.
2550 3563 2676 3665 Ir
