<?xml version="1.0" encoding="UTF-8" standalone="yes"?>
<PcGts xmlns="http://schema.primaresearch.org/PAGE/gts/pagecontent/2013-07-15" xmlns:xsi="http://www.w3.org/2001/XMLSchema-instance" xsi:schemaLocation="http://schema.primaresearch.org/PAGE/gts/pagecontent/2013-07-15 http://schema.primaresearch.org/PAGE/gts/pagecontent/2013-07-15/pagecontent.xsd">
    <Metadata>
        <Creator>prov=University of Rostock/Institute of Mathematics/CITlab|PLANET AI GmbH/Gundram Leifert/gundram.leifert@planet-ai.de:name=German_Kurrent_XVI-XVIII_M5.4(htr_id=38771)::::v=2.6.7
prov=University of Rostock/Institute of Mathematics/CITlab|PLANET AI GmbH/Tobias Gruening/tobias.gruening@planet-ai.de:name=de.uros.citlab.module.baseline2polygon.B2PSeamMultiOriented:v=2.6.7
prov=University of Rostock/Institute of Mathematics/CITlab|PLANET AI GmbH/Tobias Gruening/tobias.gruening@planet-ai.de:name=/net_tf/LA73_249_0mod360.pb:de.uros.citlab.segmentation.CITlab_LA_ML:v=2.6.7
Transkribus</Creator>
        <Created>2022-06-16T10:54:20.089+02:00</Created>
        <LastChange>2022-09-12T15:48:18.659+02:00</LastChange>
        <TranskribusMetadata docId="1334854" pageId="52364097" pageNr="192" tsid="114646230" status="IN_PROGRESS" userId="9570" imgUrl="https://files.transkribus.eu/Get?id=JLMRBYMMNBMKRRLHGEYKMCXU&amp;fileType=view" xmlUrl="https://files.transkribus.eu/Get?id=OWGXPUVTOKGJSNOVPTXFSMDZ" imageId="35487669"/>
    </Metadata>
    <Page imageFilename="IMG_8211.jpg" imageWidth="3024" imageHeight="4032">
        <ReadingOrder>
            <OrderedGroup id="ro_1687513601271" caption="Regions reading order">
                <RegionRefIndexed index="0" regionRef="r1"/>
                <RegionRefIndexed index="1" regionRef="r2"/>
            </OrderedGroup>
        </ReadingOrder>
        <TextRegion orientation="0.0" id="r1" custom="readingOrder {index:0;}">
            <Coords points="134,364 134,3590 1413,3590 1413,364"/>
            <TextLine id="r1l1" custom="readingOrder {index:0;}">
                <Coords points="184,445 213,440 223,447 232,437 242,436 249,436 257,444 280,442 280,356 250,362 239,371 229,371 221,364 213,369 184,367"/>
                <Baseline points="191,401 218,404 245,404 272,401"/>
                <TextEquiv>
                    <Unicode>173.</Unicode>
                </TextEquiv>
            </TextLine>
            <TextLine id="r1l2" custom="readingOrder {index:1;} person {offset:0; length:4;}">
                <Coords points="568,451 599,444 678,479 711,453 743,474 803,466 862,490 940,460 967,484 1015,471 1060,485 1061,402 964,373 840,389 750,337 569,376"/>
                <Baseline points="576,425 601,429 626,432 651,434 676,435 701,437 726,438 751,438 776,438 801,438 826,438 851,438 876,437 901,437 926,437 951,437 976,437 1001,438 1026,439 1052,441"/>
                <TextEquiv>
                    <Unicode>Anna</Unicode>
                </TextEquiv>
            </TextLine>
            <TextLine id="r1l3" custom="readingOrder {index:2;}">
                <Coords points="238,599 246,598 253,591 266,599 274,598 252,471 241,471 226,481 218,482"/>
                <Baseline points="239,554 258,551"/>
                <TextEquiv>
                    <Unicode>.</Unicode>
                </TextEquiv>
            </TextLine>
            <TextLine id="r1l4" custom="readingOrder {index:3;}">
                <Coords points="320,599 413,555 473,584 843,553 1396,576 1396,519 1143,459 1041,497 940,460 849,501 527,461 321,498"/>
                <Baseline points="329,549 384,552 440,554 496,555 551,555 607,555 663,555 719,554 774,554 830,552 886,552 942,552 997,552 1053,552 1109,554 1165,555 1220,558 1276,561 1332,566 1388,573"/>
                <TextEquiv>
                    <Unicode>Seye alsobald als eine Patientin in die Instul</Unicode>
                </TextEquiv>
            </TextLine>
            <TextLine id="r1l5" custom="readingOrder {index:4;}">
                <Coords points="299,646 370,671 442,624 827,622 975,628 1048,684 1144,652 1311,686 1419,652 1419,602 1361,577 1150,556 473,585 414,554 356,606 300,590"/>
                <Baseline points="308,618 363,621 418,623 473,623 528,624 583,624 638,624 693,624 748,624 803,623 859,623 914,623 969,623 1024,623 1079,623 1134,624 1189,625 1244,627 1299,629 1354,633 1410,636"/>
                <TextEquiv>
                    <Unicode>auf genommen worden, welches Morgens drey Wochen</Unicode>
                </TextEquiv>
            </TextLine>
            <TextLine id="r1l6" custom="readingOrder {index:5;}">
                <Coords points="300,709 409,728 492,706 544,741 628,710 743,744 846,717 1028,729 1029,630 990,618 920,648 868,625 727,631 687,665 612,625 443,625 379,666 301,646"/>
                <Baseline points="309,686 344,686 380,686 415,686 451,687 486,687 522,687 557,687 593,687 628,689 664,689 700,689 735,690 771,690 806,690 842,692 877,692 913,692 948,693 984,693 1020,695"/>
                <TextEquiv>
                    <Unicode>den 20ten Augstmonatgewesen.</Unicode>
                </TextEquiv>
            </TextLine>
            <TextLine id="r1l7" custom="readingOrder {index:6;}">
                <Coords points="219,821 231,821 270,793 280,795 288,788 296,788 296,710 283,707 276,707 271,712 244,710 234,720 228,713 219,713"/>
                <Baseline points="228,783 258,783 288,783"/>
                <TextEquiv>
                    <Unicode>fr.</Unicode>
                </TextEquiv>
            </TextLine>
            <TextLine id="r1l8" custom="readingOrder {index:7;}">
                <Coords points="320,821 399,783 614,841 826,811 884,843 968,796 1056,835 1363,849 1365,760 1256,766 1086,707 778,765 626,714 560,768 441,716 322,736"/>
                <Baseline points="330,780 381,782 432,783 483,785 535,786 586,788 637,789 689,791 740,792 791,792 843,794 894,795 945,795 996,797 1048,797 1099,798 1150,798 1202,799 1253,800 1304,800 1356,800"/>
                <TextEquiv>
                    <Unicode>Ob es darauf noch alle Zeit gezweiflet, schwänger</Unicode>
                </TextEquiv>
            </TextLine>
            <TextLine id="r1l9" custom="readingOrder {index:8;}">
                <Coords points="292,869 318,857 350,861 365,850 416,885 446,868 488,877 513,860 527,865 529,803 509,809 499,802 486,812 454,795 431,806 401,784 386,797 379,790 368,800 358,794 342,806 293,783"/>
                <Baseline points="300,848 327,848 354,849 382,849 409,851 436,851 464,852 491,852 519,851"/>
                <TextEquiv>
                    <Unicode>zu seyn.</Unicode>
                </TextEquiv>
            </TextLine>
            <TextLine id="r1l10" custom="readingOrder {index:9;}">
                <Coords points="208,951 637,940 694,974 736,939 978,936 1041,979 1230,940 1420,972 1421,903 1257,872 1140,915 1091,875 1019,902 638,847 417,886 363,850 272,894 209,868"/>
                <Baseline points="216,930 275,932 335,933 395,933 455,934 515,935 575,935 634,935 694,935 754,935 814,935 874,935 934,935 994,935 1053,935 1113,936 1173,938 1233,939 1293,942 1353,944 1413,948"/>
                <TextEquiv>
                    <Unicode>Antl. Ja auf das so die Herren Doctoren ihnen gesagt, habe</Unicode>
                </TextEquiv>
            </TextLine>
            <TextLine id="r1l11" custom="readingOrder {index:10;}">
                <Coords points="295,1030 547,1008 625,1049 811,1010 936,1042 1014,1004 1136,1050 1202,1004 1277,1041 1373,1017 1373,973 1196,943 1123,982 972,941 731,942 608,985 548,948 296,953"/>
                <Baseline points="303,1001 356,1001 409,1002 462,1002 515,1002 568,1002 621,1002 674,1002 727,1004 780,1004 834,1004 887,1004 940,1004 993,1004 1046,1004 1099,1004 1152,1004 1205,1004 1258,1004 1311,1005 1365,1005"/>
                <TextEquiv>
                    <Unicode>Es sicherlich geglaubt nicht schwänger zu seyn.</Unicode>
                </TextEquiv>
            </TextLine>
            <TextLine id="r1l12" custom="readingOrder {index:11;}">
                <Coords points="230,1118 501,1086 811,1138 903,1103 1241,1107 1241,1053 1080,1031 983,1071 764,1010 497,1067 401,1004 336,1043 231,1026"/>
                <Baseline points="239,1083 288,1083 338,1085 388,1085 437,1085 487,1086 537,1086 586,1087 636,1088 686,1088 736,1089 785,1089 835,1089 885,1091 934,1091 984,1091 1034,1091 1083,1091 1133,1091 1183,1089 1233,1089"/>
                <TextEquiv>
                    <Unicode>Fr. Welchen Tag es kindbeterin worden.</Unicode>
                </TextEquiv>
            </TextLine>
            <TextLine id="r1l13" custom="readingOrder {index:12;}">
                <Coords points="190,1209 210,1211 228,1199 249,1209 260,1204 268,1212 283,1206 309,1209 317,1201 332,1203 332,1131 302,1118 280,1133 268,1126 236,1128 229,1121 190,1126"/>
                <Baseline points="198,1179 223,1179 248,1179 273,1179 298,1179 324,1179"/>
                <TextEquiv>
                    <Unicode>Antl.</Unicode>
                </TextEquiv>
            </TextLine>
            <TextLine id="r1l14" custom="readingOrder {index:13;}">
                <Coords points="342,1219 550,1181 714,1220 896,1182 1188,1241 1262,1209 1361,1228 1361,1148 1222,1101 1136,1146 933,1108 817,1159 601,1100 528,1154 471,1107 343,1100"/>
                <Baseline points="351,1176 401,1178 451,1179 501,1179 551,1181 601,1181 651,1181 701,1182 751,1182 801,1184 852,1184 902,1184 952,1185 1002,1185 1052,1185 1102,1185 1152,1187 1202,1187 1252,1187 1302,1187 1353,1187"/>
                <TextEquiv>
                    <Unicode>Lezten Mitwochen am Morgen, zwischen</Unicode>
                </TextEquiv>
            </TextLine>
            <TextLine id="r1l15" custom="readingOrder {index:14;}">
                <Coords points="297,1255 390,1242 453,1262 483,1245 541,1288 593,1246 626,1259 626,1213 603,1213 551,1180 496,1205 481,1193 421,1203 410,1195 364,1226 328,1200 297,1209"/>
                <Baseline points="305,1239 331,1241 357,1241 383,1241 409,1241 435,1241 461,1241 487,1241 513,1239 539,1241 565,1241 591,1241 618,1242"/>
                <TextEquiv>
                    <Unicode>5. und 6. Uhr.</Unicode>
                </TextEquiv>
            </TextLine>
            <TextLine id="r1l16" custom="readingOrder {index:15;}">
                <Coords points="219,1362 337,1313 568,1308 813,1327 889,1370 1000,1339 1030,1367 1194,1296 990,1300 865,1229 650,1271 593,1246 544,1288 482,1245 221,1256"/>
                <Baseline points="228,1310 275,1308 323,1307 371,1307 419,1307 467,1307 515,1308 562,1308 610,1310 658,1311 706,1313 754,1313 802,1314 850,1316 897,1317 945,1317 993,1317 1041,1317 1089,1317 1137,1316 1185,1314"/>
                <TextEquiv>
                    <Unicode>Fr. Wie es mit der Gemidt zugegangen.</Unicode>
                </TextEquiv>
            </TextLine>
            <TextLine id="r1l17" custom="readingOrder {index:16;}">
                <Coords points="194,1430 467,1377 666,1422 961,1383 1397,1435 1398,1367 1161,1328 880,1366 381,1312 196,1355"/>
                <Baseline points="204,1388 263,1386 322,1385 381,1383 441,1383 500,1382 559,1382 618,1382 678,1382 737,1383 796,1384 855,1385 915,1386 974,1388 1033,1390 1092,1392 1152,1394 1211,1397 1270,1399 1329,1401 1389,1404"/>
                <TextEquiv>
                    <Unicode>Antl. War geschland, habe keine halbe Stund gewahret,</Unicode>
                </TextEquiv>
            </TextLine>
            <TextLine id="r1l18" custom="readingOrder {index:17;}">
                <Coords points="290,1494 562,1454 681,1509 809,1456 893,1504 1065,1503 1126,1460 1252,1517 1418,1505 1418,1446 1248,1400 1002,1441 805,1391 699,1432 465,1376 291,1406"/>
                <Baseline points="299,1452 354,1451 410,1451 465,1451 521,1451 576,1452 632,1452 687,1452 743,1454 798,1454 854,1455 910,1455 965,1457 1021,1458 1076,1458 1132,1460 1187,1461 1243,1462 1298,1463 1354,1464 1410,1466"/>
                <TextEquiv>
                    <Unicode>seye von Sinnen gewesen und in Ohnmacht gelegen.</Unicode>
                </TextEquiv>
            </TextLine>
            <TextLine id="r1l19" custom="readingOrder {index:18;}">
                <Coords points="223,1578 234,1574 247,1578 253,1574 262,1579 268,1572 273,1575 281,1571 286,1576 296,1575 289,1450 281,1451 275,1446 272,1449 260,1440 256,1444 244,1435 232,1435 226,1442 215,1441"/>
                <Baseline points="228,1542 256,1540 285,1539"/>
                <TextEquiv>
                    <Unicode>fr.</Unicode>
                </TextEquiv>
            </TextLine>
            <TextLine id="r1l20" custom="readingOrder {index:19;}">
                <Coords points="320,1568 442,1574 498,1545 569,1582 665,1550 713,1586 797,1551 1014,1598 1175,1564 1175,1501 968,1484 863,1521 733,1487 649,1519 610,1490 551,1524 404,1456 321,1495"/>
                <Baseline points="329,1539 370,1539 412,1539 454,1539 496,1539 538,1541 580,1541 622,1541 664,1542 706,1542 748,1542 789,1544 831,1544 873,1544 915,1544 957,1544 999,1544 1041,1543 1083,1542 1125,1541 1167,1539"/>
                <TextEquiv>
                    <Unicode>Wielang Er in Ohnmacht gelegen?</Unicode>
                </TextEquiv>
            </TextLine>
            <TextLine id="r1l21" custom="readingOrder {index:20;}">
                <Coords points="184,1657 210,1659 226,1675 255,1661 314,1676 314,1562 297,1560 280,1575 277,1571 259,1579 254,1574 227,1574 212,1582 199,1573 184,1577"/>
                <Baseline points="192,1628 220,1629 249,1628 277,1629 306,1629"/>
                <TextEquiv>
                    <Unicode>Antlo</Unicode>
                </TextEquiv>
            </TextLine>
            <TextLine id="r1l22" custom="readingOrder {index:21;}">
                <Coords points="339,1655 588,1622 772,1682 837,1635 882,1663 1387,1671 1388,1611 1290,1577 1113,1621 851,1578 808,1612 643,1564 561,1602 489,1547 420,1583 341,1555"/>
                <Baseline points="348,1626 399,1626 451,1626 502,1626 554,1626 605,1627 657,1628 708,1629 760,1631 811,1631 863,1632 915,1634 966,1636 1018,1637 1069,1638 1121,1640 1172,1640 1224,1641 1275,1641 1327,1641 1379,1641"/>
                <TextEquiv>
                    <Unicode>Bis es am Morgen habe reden und wüschen</Unicode>
                </TextEquiv>
            </TextLine>
            <TextLine id="r1l23" custom="readingOrder {index:22;}">
                <Coords points="300,1746 392,1698 558,1725 637,1702 708,1754 807,1707 1070,1760 1155,1721 1314,1726 1315,1668 1278,1646 1138,1688 838,1634 774,1683 669,1631 608,1669 301,1650"/>
                <Baseline points="309,1695 358,1697 408,1697 458,1698 508,1698 558,1700 608,1700 658,1701 708,1702 758,1703 808,1704 857,1705 907,1706 957,1707 1007,1707 1057,1709 1107,1709 1157,1710 1207,1710 1257,1710 1307,1710"/>
                <TextEquiv>
                    <Unicode>gehört, welches ungeführ 7. Uhr gelesen.</Unicode>
                </TextEquiv>
            </TextLine>
            <TextLine id="r1l24" custom="readingOrder {index:23;}">
                <Coords points="220,1833 230,1832 249,1812 253,1814 264,1804 300,1801 300,1681 288,1681 264,1700 256,1694 241,1703 230,1697 220,1698"/>
                <Baseline points="228,1781 259,1779 291,1781"/>
                <TextEquiv>
                    <Unicode>fr</Unicode>
                </TextEquiv>
            </TextLine>
            <TextLine id="r1l25" custom="readingOrder {index:24;}">
                <Coords points="318,1800 482,1824 887,1796 954,1843 1064,1799 1256,1808 1257,1754 1156,1728 988,1764 807,1707 727,1756 473,1699 319,1743"/>
                <Baseline points="327,1778 373,1778 419,1779 465,1781 511,1782 557,1783 603,1784 649,1785 695,1787 741,1788 787,1788 833,1790 879,1790 925,1791 971,1791 1017,1793 1063,1793 1109,1793 1155,1793 1201,1793 1247,1791"/>
                <TextEquiv>
                    <Unicode>Was er mit dem Kind vorgenommen.</Unicode>
                </TextEquiv>
            </TextLine>
            <TextLine id="r1l26" custom="readingOrder {index:25;}">
                <Coords points="184,1877 236,1888 257,1887 288,1875 309,1882 309,1802 294,1797 268,1822 252,1820 241,1830 229,1831 213,1848 184,1844"/>
                <Baseline points="192,1868 219,1868 246,1868 273,1868 300,1868"/>
                <TextEquiv>
                    <Unicode>Autho¬</Unicode>
                </TextEquiv>
            </TextLine>
            <TextLine id="r1l27" custom="readingOrder {index:26;}">
                <Coords points="322,1878 437,1910 488,1874 881,1878 998,1937 1063,1891 1344,1898 1368,1829 1030,1807 951,1843 838,1804 646,1838 323,1799"/>
                <Baseline points="330,1868 381,1869 432,1869 484,1871 535,1872 587,1874 638,1875 689,1877 741,1878 792,1879 844,1880 895,1881 946,1883 998,1883 1049,1884 1101,1884 1152,1886 1203,1886 1255,1886 1306,1884 1358,1884"/>
                <TextEquiv>
                    <Unicode>Als Es wieder zu sich selbst gekommen, habe</Unicode>
                </TextEquiv>
            </TextLine>
            <TextLine id="r1l28" custom="readingOrder {index:27;}">
                <Coords points="286,1965 538,1949 658,1989 823,1947 957,2006 1045,1971 1105,2006 1167,1963 1199,1989 1356,1959 1356,1915 1295,1891 1231,1928 1075,1892 997,1938 880,1878 559,1874 422,1918 287,1879"/>
                <Baseline points="294,1938 346,1940 399,1941 451,1943 504,1944 557,1946 609,1947 662,1949 715,1950 767,1952 820,1953 873,1953 925,1953 978,1955 1031,1955 1083,1954 1136,1953 1189,1953 1241,1952 1294,1949 1347,1947"/>
                <TextEquiv>
                    <Unicode>Es nicht gelart, was es vor Augstmache, habe</Unicode>
                </TextEquiv>
            </TextLine>
            <TextLine id="r1l29" custom="readingOrder {index:28;}">
                <Coords points="280,2017 906,2054 1043,2020 1104,2056 1394,2024 1394,1990 1299,1958 1228,2001 1168,1961 1111,2005 949,2004 826,1949 658,1991 455,1943 281,1963"/>
                <Baseline points="288,2007 342,2007 397,2009 452,2010 507,2012 562,2013 617,2015 672,2016 727,2018 782,2019 837,2021 891,2021 946,2022 1001,2022 1056,2022 1111,2022 1166,2022 1221,2021 1276,2019 1331,2018 1386,2015"/>
                <TextEquiv>
                    <Unicode>das Kind und alles Zustamen in seine Cloche</Unicode>
                </TextEquiv>
            </TextLine>
            <TextLine id="r1l30" custom="readingOrder {index:29;}">
                <Coords points="284,2123 567,2080 677,2128 723,2089 878,2099 920,2137 1120,2081 1183,2123 1307,2098 1307,2038 1234,2027 1104,2057 1015,2027 940,2062 665,2017 285,2040"/>
                <Baseline points="293,2073 343,2075 393,2076 443,2076 494,2078 544,2079 594,2081 645,2082 695,2082 745,2084 796,2085 846,2085 896,2085 946,2085 997,2085 1047,2085 1097,2085 1148,2084 1198,2082 1248,2081 1299,2078"/>
                <TextEquiv>
                    <Unicode>eingebikelt und zu denen Füßen geleget.</Unicode>
                </TextEquiv>
            </TextLine>
            <TextLine id="r1l31" custom="readingOrder {index:30;}">
                <Coords points="196,2186 208,2187 228,2175 233,2178 254,2166 267,2167 275,2161 283,2161 280,2078 267,2079 257,2073 249,2081 245,2078 236,2083 231,2079 201,2098 193,2098"/>
                <Baseline points="203,2156 239,2156 275,2153"/>
                <TextEquiv>
                    <Unicode>Er:</Unicode>
                </TextEquiv>
            </TextLine>
            <TextLine id="r1l32" custom="readingOrder {index:31;}">
                <Coords points="297,2172 601,2167 655,2197 797,2213 854,2189 913,2215 1043,2172 1149,2178 1149,2094 1120,2082 925,2144 881,2101 771,2092 694,2139 566,2081 298,2105"/>
                <Baseline points="305,2156 346,2156 388,2156 430,2156 472,2156 513,2156 555,2157 597,2159 639,2160 680,2160 722,2162 764,2163 806,2163 847,2163 889,2165 931,2163 973,2163 1014,2162 1056,2160 1098,2158 1140,2154"/>
                <TextEquiv>
                    <Unicode>Ob Er das Kind nicht schreyen gehört.</Unicode>
                </TextEquiv>
            </TextLine>
            <TextLine id="r1l33" custom="readingOrder {index:32;}">
                <Coords points="323,2248 349,2245 366,2256 373,2248 398,2248 410,2239 416,2244 430,2239 435,2243 449,2231 463,2242 476,2241 473,2193 457,2185 416,2186 401,2173 391,2177 378,2166 365,2168 354,2179 319,2167"/>
                <Baseline points="330,2232 357,2230 384,2229 412,2228 439,2227 467,2225"/>
                <TextEquiv>
                    <Unicode>Nein.</Unicode>
                </TextEquiv>
            </TextLine>
            <TextLine id="r1l34" custom="readingOrder {index:33;}">
                <Coords points="174,2242 199,2247 207,2243 219,2249 242,2235 252,2240 273,2235 294,2254 302,2253 297,2158 284,2153 267,2167 246,2168 173,2204"/>
                <Baseline points="183,2235 210,2232 238,2232 265,2231 293,2228"/>
                <TextEquiv>
                    <Unicode>Auto¬</Unicode>
                </TextEquiv>
            </TextLine>
            <TextLine id="r1l35" custom="readingOrder {index:34;}">
                <Coords points="294,2319 655,2297 780,2345 847,2300 956,2350 1064,2298 1149,2344 1246,2294 1324,2303 1324,2216 1294,2201 1209,2274 815,2266 727,2196 294,2256"/>
                <Baseline points="303,2306 353,2303 404,2301 454,2298 505,2297 556,2295 606,2295 657,2295 708,2295 758,2295 809,2295 860,2296 910,2297 961,2297 1012,2295 1062,2295 1113,2294 1164,2292 1214,2291 1265,2289 1316,2285"/>
                <TextEquiv>
                    <Unicode>Ob es kein Lebenszeichen an ihm gespühret:</Unicode>
                </TextEquiv>
            </TextLine>
            <TextLine id="r1l36" custom="readingOrder {index:35;}">
                <Coords points="198,2322 211,2323 230,2316 245,2325 250,2320 253,2323 256,2319 261,2321 269,2312 281,2312 278,2256 263,2259 253,2251 247,2255 239,2252 218,2262 210,2255 195,2255"/>
                <Baseline points="206,2306 239,2303 272,2303"/>
                <TextEquiv>
                    <Unicode>Er:</Unicode>
                </TextEquiv>
            </TextLine>
            <TextLine id="r1l37" custom="readingOrder {index:36;}">
                <Coords points="308,2431 394,2441 485,2388 635,2437 776,2432 841,2384 994,2434 1091,2381 1236,2410 1292,2372 1390,2382 1389,2335 1288,2323 1230,2355 1191,2326 1128,2359 795,2337 652,2367 560,2309 416,2371 307,2317"/>
                <Baseline points="315,2388 368,2387 421,2386 475,2385 528,2385 581,2384 635,2384 688,2384 741,2384 795,2382 848,2382 901,2382 955,2382 1008,2381 1061,2381 1115,2379 1168,2379 1221,2378 1275,2376 1328,2373 1382,2372"/>
                <TextEquiv>
                    <Unicode>Es seyn sogleich in Ohnmacht gefallen, so das</Unicode>
                </TextEquiv>
            </TextLine>
            <TextLine id="r1l38" custom="readingOrder {index:37;}">
                <Coords points="151,2414 162,2413 178,2423 204,2405 237,2408 250,2400 272,2419 294,2412 294,2339 272,2328 231,2358 198,2342 171,2356 151,2356"/>
                <Baseline points="159,2384 184,2385 209,2384 234,2384 259,2384 285,2387"/>
                <TextEquiv>
                    <Unicode>Antwo</Unicode>
                </TextEquiv>
            </TextLine>
            <TextLine id="r1l39" custom="readingOrder {index:38;}">
                <Coords points="271,2487 678,2460 890,2498 961,2463 1025,2491 1304,2439 1272,2376 1237,2409 1090,2382 993,2435 908,2392 790,2438 598,2443 468,2395 398,2439 270,2430"/>
                <Baseline points="279,2454 329,2456 380,2457 431,2459 482,2459 533,2460 583,2460 634,2460 685,2460 736,2459 787,2458 837,2456 888,2456 939,2454 990,2451 1041,2450 1091,2448 1142,2445 1193,2443 1244,2440 1295,2438"/>
                <TextEquiv>
                    <Unicode>Es nicht wißen möge, ob es gelebet. Als Er</Unicode>
                </TextEquiv>
            </TextLine>
            <TextLine id="r1l40" custom="readingOrder {index:39;}">
                <Coords points="285,2537 363,2554 445,2519 535,2575 1038,2524 1086,2566 1198,2572 1305,2534 1304,2440 1067,2494 965,2463 890,2498 657,2461 284,2488"/>
                <Baseline points="293,2517 343,2520 393,2523 443,2525 493,2527 543,2528 593,2529 644,2531 694,2531 744,2531 794,2529 844,2529 894,2528 944,2526 995,2523 1045,2522 1095,2520 1145,2517 1195,2515 1245,2511 1296,2508"/>
                <TextEquiv>
                    <Unicode>wieder zu sich selbst gekommen, habe Er</Unicode>
                </TextEquiv>
            </TextLine>
            <TextLine id="r1l41" custom="readingOrder {index:40;}">
                <Coords points="272,2622 389,2587 859,2590 906,2633 971,2598 1056,2600 1056,2530 918,2573 814,2538 750,2572 591,2546 533,2573 445,2519 364,2554 273,2521"/>
                <Baseline points="281,2586 319,2586 357,2586 395,2586 434,2587 472,2588 510,2588 549,2589 587,2590 625,2591 664,2591 702,2592 740,2592 778,2592 817,2592 855,2592 893,2592 932,2592 970,2591 1008,2589 1047,2588"/>
                <TextEquiv>
                    <Unicode>kein Leben an ihm verstührt.</Unicode>
                </TextEquiv>
            </TextLine>
            <TextLine id="r1l42" custom="readingOrder {index:41;}">
                <Coords points="288,2690 424,2727 659,2671 710,2711 773,2670 1211,2685 1307,2669 1306,2570 1134,2630 1059,2584 930,2642 869,2606 722,2636 658,2590 370,2591 288,2628"/>
                <Baseline points="297,2676 347,2673 397,2672 447,2671 497,2670 547,2669 597,2669 647,2669 697,2669 747,2669 798,2669 848,2669 898,2669 948,2669 998,2667 1048,2667 1098,2666 1148,2665 1198,2663 1248,2661 1299,2658"/>
                <TextEquiv>
                    <Unicode>Was Er im Sind gehabt, mit diesem Kind</Unicode>
                </TextEquiv>
            </TextLine>
            <TextLine id="r1l43" custom="readingOrder {index:42;}">
                <Coords points="173,2715 184,2714 204,2692 214,2687 226,2692 240,2686 250,2693 263,2694 260,2614 241,2620 228,2615 217,2625 206,2627 190,2642 170,2643"/>
                <Baseline points="179,2678 204,2675 229,2675 254,2675"/>
                <TextEquiv>
                    <Unicode>fr.</Unicode>
                </TextEquiv>
            </TextLine>
            <TextLine id="r1l44" custom="readingOrder {index:43;}">
                <Coords points="278,2794 586,2746 689,2787 857,2740 982,2741 1074,2790 1153,2744 1384,2734 1383,2683 1285,2665 1197,2712 1126,2674 1063,2711 983,2673 773,2670 716,2715 678,2686 425,2726 276,2689"/>
                <Baseline points="285,2739 339,2739 394,2740 448,2741 503,2741 557,2741 612,2742 666,2742 721,2742 775,2742 830,2742 885,2742 939,2742 994,2741 1048,2739 1103,2736 1157,2733 1212,2731 1266,2726 1321,2721 1376,2715"/>
                <TextEquiv>
                    <Unicode>vorzunemmen, da Er solcher da ligen laßen,</Unicode>
                </TextEquiv>
            </TextLine>
            <TextLine id="r1l45" custom="readingOrder {index:44;}">
                <Coords points="274,2828 658,2847 1008,2813 1079,2856 1154,2814 1344,2800 1345,2734 1167,2741 1066,2793 983,2741 856,2739 767,2776 587,2745 524,2782 273,2796"/>
                <Baseline points="282,2811 334,2810 387,2810 440,2811 493,2811 546,2813 598,2813 651,2814 704,2814 757,2816 810,2816 862,2816 915,2816 968,2814 1021,2813 1074,2811 1126,2809 1179,2805 1232,2802 1285,2796 1338,2790"/>
                <TextEquiv>
                    <Unicode>und niemand etwas davon geoffenbaret:</Unicode>
                </TextEquiv>
            </TextLine>
            <TextLine id="r1l46" custom="readingOrder {index:45;}">
                <Coords points="156,2916 221,2930 244,2930 285,2911 306,2922 307,2828 286,2825 253,2849 230,2847 204,2824 175,2840 157,2838"/>
                <Baseline points="165,2888 191,2889 217,2889 244,2889 270,2889 297,2891"/>
                <TextEquiv>
                    <Unicode>Anto.</Unicode>
                </TextEquiv>
            </TextLine>
            <TextLine id="r1l47" custom="readingOrder {index:46;}">
                <Coords points="308,2892 493,2938 576,2888 711,2934 792,2898 880,2931 925,2894 1180,2891 1265,2939 1346,2898 1346,2823 1154,2814 997,2875 785,2823 659,2869 553,2818 307,2845"/>
                <Baseline points="315,2892 366,2891 417,2891 468,2891 519,2891 570,2891 621,2891 673,2891 724,2892 775,2892 826,2893 877,2894 928,2894 979,2894 1031,2892 1082,2891 1133,2891 1184,2888 1235,2886 1286,2882 1338,2877"/>
                <TextEquiv>
                    <Unicode>Es habe sich nicht zu rahten gelourt, seye</Unicode>
                </TextEquiv>
            </TextLine>
            <TextLine id="r1l48" custom="readingOrder {index:47;}">
                <Coords points="279,2959 470,2990 1135,2959 1263,2994 1264,2898 1134,2894 1063,2947 813,2896 713,2934 578,2887 490,2940 279,2895"/>
                <Baseline points="287,2955 335,2955 383,2957 432,2958 480,2960 529,2961 577,2961 626,2963 674,2963 723,2964 771,2964 819,2964 868,2964 916,2964 965,2964 1013,2963 1062,2963 1110,2961 1159,2960 1207,2959 1256,2957"/>
                <TextEquiv>
                    <Unicode>über dieses Unglük, so in Angsten</Unicode>
                </TextEquiv>
            </TextLine>
            <TextLine id="r1l49" custom="readingOrder {index:48;}">
                <Coords points="281,3067 391,3077 482,3031 830,3082 968,3034 1205,3085 1338,3020 1338,2983 1279,2954 1219,3002 1129,2964 749,2995 587,2966 499,3013 434,2963 280,2973"/>
                <Baseline points="288,3027 340,3027 392,3027 444,3029 496,3030 548,3030 600,3032 652,3033 704,3033 756,3035 808,3035 860,3035 912,3035 964,3033 1016,3032 1068,3030 1120,3027 1172,3023 1224,3019 1276,3012 1329,3006"/>
                <TextEquiv>
                    <Unicode>gewesen, daß Er nicht geburt, dans Er mache.</Unicode>
                </TextEquiv>
            </TextLine>
            <TextLine id="r1l50" custom="readingOrder {index:49;}">
                <Coords points="177,3153 195,3150 201,3143 211,3151 247,3151 256,3141 271,3137 265,3022 243,3029 231,3022 197,3025 190,3020 171,3019"/>
                <Baseline points="183,3117 209,3115 235,3113 261,3114"/>
                <TextEquiv>
                    <Unicode>fr.</Unicode>
                </TextEquiv>
            </TextLine>
            <TextLine id="r1l51" custom="readingOrder {index:50;}">
                <Coords points="298,3136 396,3179 563,3140 1140,3166 1361,3128 1362,3066 1113,3109 1051,3058 856,3098 796,3065 635,3085 481,3031 427,3070 299,3069"/>
                <Baseline points="306,3123 358,3123 410,3123 463,3124 515,3125 567,3126 620,3128 672,3129 724,3131 777,3132 829,3134 881,3135 934,3135 986,3135 1038,3135 1091,3134 1143,3132 1195,3130 1248,3126 1300,3121 1353,3116"/>
                <TextEquiv>
                    <Unicode>Ob Er seither über nichts befraget worden.</Unicode>
                </TextEquiv>
            </TextLine>
            <TextLine id="r1l52" custom="readingOrder {index:51;}">
                <Coords points="309,3269 465,3214 806,3251 1000,3223 1097,3273 1175,3219 1310,3210 1253,3159 1073,3140 847,3184 660,3140 429,3181 309,3147"/>
                <Baseline points="317,3221 366,3219 415,3218 464,3216 514,3216 563,3217 612,3218 661,3218 711,3219 760,3221 809,3222 858,3222 908,3222 957,3222 1006,3222 1055,3222 1105,3221 1154,3219 1203,3216 1252,3212 1302,3207"/>
                <TextEquiv>
                    <Unicode>Nein. Außert, daß heute Vormitag die¬</Unicode>
                </TextEquiv>
            </TextLine>
            <TextLine id="r1l53" custom="readingOrder {index:52;}">
                <Coords points="127,3239 149,3230 169,3234 183,3245 202,3234 212,3244 230,3248 247,3234 264,3240 260,3160 242,3158 210,3174 204,3171 158,3206 125,3204"/>
                <Baseline points="134,3227 164,3224 194,3222 224,3221 255,3222"/>
                <TextEquiv>
                    <Unicode>aufle</Unicode>
                </TextEquiv>
            </TextLine>
            <TextLine id="r1l54" custom="readingOrder {index:53;}">
                <Coords points="266,3311 395,3297 517,3337 581,3292 668,3318 1313,3283 1312,3225 1280,3218 991,3274 903,3225 688,3266 587,3227 515,3269 266,3224"/>
                <Baseline points="275,3290 326,3290 378,3290 429,3291 481,3291 532,3291 584,3293 635,3293 687,3294 738,3294 790,3294 841,3294 893,3294 944,3294 996,3293 1047,3291 1099,3290 1150,3286 1202,3282 1253,3279 1305,3273"/>
                <TextEquiv>
                    <Unicode>Muter gefraget, was vor einen starken</Unicode>
                </TextEquiv>
            </TextLine>
            <TextLine id="r1l55" custom="readingOrder {index:54;}">
                <Coords points="271,3393 801,3365 1000,3414 1291,3384 1304,3312 271,3320"/>
                <Baseline points="279,3356 329,3356 380,3356 431,3356 482,3357 533,3357 584,3359 634,3359 685,3360 736,3361 787,3362 838,3362 889,3362 940,3362 990,3362 1041,3362 1092,3360 1143,3359 1194,3357 1245,3354 1296,3351"/>
                <TextEquiv>
                    <Unicode>Geschmak in der Stube seyn? Darauf</Unicode>
                </TextEquiv>
            </TextLine>
            <TextLine id="r1l56" custom="readingOrder {index:55;}">
                <Coords points="266,3444 292,3457 424,3431 536,3466 572,3433 632,3458 712,3429 786,3464 811,3445 863,3452 864,3371 818,3370 764,3407 703,3363 611,3407 480,3370 418,3401 267,3393"/>
                <Baseline points="275,3426 305,3426 335,3425 366,3425 396,3425 427,3425 457,3425 488,3426 518,3426 549,3426 579,3426 610,3428 640,3428 671,3428 701,3429 732,3429 762,3430 793,3431 823,3431 854,3432"/>
                <TextEquiv>
                    <Unicode>niemand geantwortet.</Unicode>
                </TextEquiv>
            </TextLine>
            <TextLine id="r1l57" custom="readingOrder {index:56;}">
                <Coords points="298,3526 506,3557 947,3545 947,3444 890,3472 846,3444 787,3465 710,3431 646,3457 571,3432 536,3466 433,3432 298,3447"/>
                <Baseline points="306,3510 337,3510 369,3509 400,3509 432,3509 464,3509 495,3509 527,3509 558,3509 590,3509 622,3509 653,3510 685,3510 716,3510 748,3510 780,3510 811,3510 843,3510 874,3509 906,3509 938,3509"/>
                <TextEquiv>
                    <Unicode>Warum Er nichts gesagt:</Unicode>
                </TextEquiv>
            </TextLine>
            <TextLine id="r1l58" custom="readingOrder {index:57;}">
                <Coords points="184,3552 197,3556 206,3552 223,3557 226,3554 234,3556 244,3546 265,3549 265,3461 255,3461 234,3447 223,3453 218,3450 211,3453 203,3447 197,3452 184,3453"/>
                <Baseline points="191,3512 224,3512 257,3512"/>
                <TextEquiv>
                    <Unicode>hr.</Unicode>
                </TextEquiv>
            </TextLine>
            <TextLine id="r1l59" custom="readingOrder {index:58;}">
                <Coords points="1100,3602 1114,3598 1158,3617 1179,3594 1218,3590 1228,3596 1237,3588 1246,3593 1260,3585 1255,3519 1210,3512 1169,3533 1145,3514 1118,3537 1095,3544"/>
                <Baseline points="1106,3572 1134,3567 1163,3565 1192,3563 1221,3561 1250,3560"/>
                <TextEquiv>
                    <Unicode>Auth.</Unicode>
                </TextEquiv>
            </TextLine>
            <TextEquiv>
                <Unicode>173.
Anna
.
Seye alsobald als eine Patientin in die Instul
auf genommen worden, welches Morgens drey Wochen
den 20ten Augstmonatgewesen.
fr.
Ob es darauf noch alle Zeit gezweiflet, schwänger
zu seyn.
Antl. Ja auf das so die Herren Doctoren ihnen gesagt, habe
Es sicherlich geglaubt nicht schwänger zu seyn.
Fr. Welchen Tag es kindbeterin worden.
Antl.
Lezten Mitwochen am Morgen, zwischen
5. und 6. Uhr.
Fr. Wie es mit der Gemidt zugegangen.
Antl. War geschland, habe keine halbe Stund gewahret,
seye von Sinnen gewesen und in Ohnmacht gelegen.
fr.
Wielang Er in Ohnmacht gelegen?
Antlo
Bis es am Morgen habe reden und wüschen
gehört, welches ungeführ 7. Uhr gelesen.
fr
Was er mit dem Kind vorgenommen.
Autho¬
Als Es wieder zu sich selbst gekommen, habe
Es nicht gelart, was es vor Augstmache, habe
das Kind und alles Zustamen in seine Cloche
eingebikelt und zu denen Füßen geleget.
Er:
Ob Er das Kind nicht schreyen gehört.
Nein.
Auto¬
Ob es kein Lebenszeichen an ihm gespühret:
Er:
Es seyn sogleich in Ohnmacht gefallen, so das
Antwo
Es nicht wißen möge, ob es gelebet. Als Er
wieder zu sich selbst gekommen, habe Er
kein Leben an ihm verstührt.
Was Er im Sind gehabt, mit diesem Kind
fr.
vorzunemmen, da Er solcher da ligen laßen,
und niemand etwas davon geoffenbaret:
Anto.
Es habe sich nicht zu rahten gelourt, seye
über dieses Unglük, so in Angsten
gewesen, daß Er nicht geburt, dans Er mache.
fr.
Ob Er seither über nichts befraget worden.
Nein. Außert, daß heute Vormitag die¬
aufle
Muter gefraget, was vor einen starken
Geschmak in der Stube seyn? Darauf
niemand geantwortet.
Warum Er nichts gesagt:
hr.
Auth.</Unicode>
            </TextEquiv>
        </TextRegion>
        <TextRegion orientation="0.0" id="r2" custom="readingOrder {index:1;}">
            <Coords points="1508,323 1508,3506 2823,3506 2823,323"/>
            <TextLine id="r2l1" custom="readingOrder {index:0;} person {offset:0; length:7;}">
                <Coords points="1844,414 1985,413 2028,377 2058,394 2222,396 2269,358 2309,368 2306,303 2277,296 2255,312 2210,287 2189,306 2131,263 2075,296 2009,262 1839,293"/>
                <Baseline points="1851,378 1876,376 1901,374 1926,371 1951,369 1976,368 2001,367 2026,366 2051,365 2076,365 2101,363 2126,363 2151,362 2176,362 2201,362 2226,361 2251,360 2276,359 2301,357"/>
                <TextEquiv>
                    <Unicode>Hochler</Unicode>
                </TextEquiv>
            </TextLine>
            <TextLine id="r2l2" custom="readingOrder {index:1;}">
                <Coords points="1533,563 1843,474 1895,513 2265,457 2409,507 2759,478 2807,461 2802,367 2646,398 2374,367 2117,426 1885,405 1530,494"/>
                <Baseline points="1541,545 1603,527 1666,511 1729,498 1792,488 1855,480 1918,473 1980,468 2043,464 2106,462 2169,461 2232,461 2295,461 2358,461 2420,461 2483,461 2546,461 2609,460 2672,459 2735,456 2798,452"/>
                <TextEquiv>
                    <Unicode>dett, vnd Anast, Schreken und Menschen fürcht, habe</Unicode>
                </TextEquiv>
            </TextLine>
            <TextLine id="r2l3" custom="readingOrder {index:2;}">
                <Coords points="1599,597 1931,531 2087,579 2292,534 2434,582 2620,526 2729,569 2805,546 2802,463 2418,505 2094,464 2032,504 1773,489 1708,537 1596,532"/>
                <Baseline points="1607,585 1666,570 1725,558 1785,548 1844,540 1904,533 1963,527 2022,524 2082,522 2141,520 2201,519 2260,519 2319,519 2379,519 2438,519 2498,519 2557,519 2616,519 2676,518 2735,516 2795,512"/>
                <TextEquiv>
                    <Unicode>b nichts tagen dorfen, weilen Er gestühret, daß</Unicode>
                </TextEquiv>
            </TextLine>
            <TextLine id="r2l4" custom="readingOrder {index:3;}">
                <Coords points="1605,660 1672,629 1706,653 1724,632 1778,643 1832,615 1879,634 1928,598 1960,617 1972,606 2024,621 2044,608 2037,553 1936,532 1915,548 1891,537 1873,550 1855,539 1747,554 1712,588 1671,570 1629,613 1599,614"/>
                <Baseline points="1611,642 1637,636 1663,629 1690,624 1716,619 1743,614 1769,609 1796,605 1822,602 1848,598 1875,596 1901,593 1928,593 1954,591 1981,590 2007,588 2034,588"/>
                <TextEquiv>
                    <Unicode>des Kind vorseye.</Unicode>
                </TextEquiv>
            </TextLine>
            <TextLine id="r2l5" custom="readingOrder {index:4;}">
                <Coords points="1551,741 1728,722 1811,675 1901,713 1977,681 2076,700 2122,662 2223,659 2215,580 2164,609 2064,606 2023,637 1927,598 1880,633 1852,616 1777,644 1725,632 1706,654 1674,629 1617,675 1542,667"/>
                <Baseline points="1557,726 1589,717 1622,708 1655,700 1688,693 1721,687 1753,681 1786,676 1819,673 1852,669 1885,665 1917,663 1950,660 1983,659 2016,656 2048,655 2081,653 2114,651 2147,650 2180,648 2213,647"/>
                <TextEquiv>
                    <Unicode>hr. Wer das Betgemachet?</Unicode>
                </TextEquiv>
            </TextLine>
            <TextLine id="r2l6" custom="readingOrder {index:5;}">
                <Coords points="1532,817 1903,783 1953,741 2144,773 2323,724 2482,773 2598,724 2783,744 2806,630 2696,602 2513,692 2419,636 2286,642 2189,704 1827,674 1530,770"/>
                <Baseline points="1539,798 1602,785 1665,773 1728,763 1791,755 1854,748 1917,741 1981,737 2044,734 2107,729 2170,727 2233,726 2296,723 2359,723 2423,722 2486,721 2549,720 2612,719 2675,719 2738,717 2802,716"/>
                <TextEquiv>
                    <Unicode>Aus, die Muter habe ihm geholfen, und geglaubt die</Unicode>
                </TextEquiv>
            </TextLine>
            <TextLine id="r2l7" custom="readingOrder {index:6;} person {offset:0; length:7;}">
                <Coords points="1594,886 1880,805 2221,789 2345,826 2486,793 2687,850 2829,814 2826,755 2764,730 2585,722 2531,773 2411,728 2128,773 2005,738 1591,815"/>
                <Baseline points="1601,848 1665,836 1729,826 1793,817 1857,810 1921,805 1985,800 2050,797 2114,794 2178,792 2242,791 2306,791 2370,791 2435,791 2499,790 2563,789 2627,789 2691,788 2755,786 2820,783"/>
                <TextEquiv>
                    <Unicode>Zaichen im Bet, kommen von seinen Zeiten her</Unicode>
                </TextEquiv>
            </TextLine>
            <TextLine id="r2l8" custom="readingOrder {index:7;}">
                <Coords points="1538,963 1745,889 1923,929 2222,866 2321,910 2364,873 2486,867 2483,820 2396,804 2164,852 2052,801 1921,845 1770,823 1727,868 1686,837 1534,907"/>
                <Baseline points="1544,932 1590,922 1637,912 1683,905 1730,899 1777,892 1823,888 1870,883 1917,880 1963,878 2010,876 2057,875 2103,873 2150,872 2197,872 2243,870 2290,870 2337,869 2383,869 2430,867 2477,864"/>
                <TextEquiv>
                    <Unicode>fr. von bein Er schwänger gewesen.</Unicode>
                </TextEquiv>
            </TextLine>
            <TextLine id="r2l9" custom="readingOrder {index:8;} person {offset:31; length:15;}">
                <Coords points="1539,1012 2177,944 2514,952 2563,988 2807,956 2788,890 2586,915 2506,866 2407,919 2221,866 1939,928 1744,890 1537,963"/>
                <Baseline points="1547,1001 1609,990 1672,980 1734,972 1797,965 1859,958 1922,954 1984,950 2047,947 2109,945 2172,942 2235,941 2297,941 2360,941 2422,939 2485,939 2547,941 2610,941 2672,941 2735,939 2798,939"/>
                <TextEquiv>
                    <Unicode>Ants. von seinem Verlobten dem Fridrich Stoker,</Unicode>
                </TextEquiv>
            </TextLine>
            <TextLine id="r2l10" custom="readingOrder {index:9;} person {offset:19; length:5;} person {offset:26; length:7;}">
                <Coords points="1605,1061 1723,1043 1855,1088 2066,1006 2103,1034 2322,1009 2493,1059 2653,1004 2652,974 2555,985 2514,952 2442,981 2303,943 1602,990"/>
                <Baseline points="1613,1052 1664,1045 1716,1039 1767,1034 1819,1030 1871,1026 1922,1023 1974,1020 2025,1017 2077,1015 2129,1013 2180,1011 2232,1011 2283,1010 2335,1008 2387,1008 2438,1007 2490,1006 2541,1005 2593,1004 2645,1002"/>
                <TextEquiv>
                    <Unicode>do Knecht bey Herr Lieut. Stürler seye.</Unicode>
                </TextEquiv>
            </TextLine>
            <TextLine id="r2l11" custom="readingOrder {index:10;}">
                <Coords points="1529,1179 1696,1120 2061,1098 2164,1119 2315,1085 2310,1019 2282,1016 2143,1052 2081,1025 1966,1038 1855,1088 1817,1057 1759,1087 1696,1044 1629,1093 1523,1085"/>
                <Baseline points="1535,1143 1573,1138 1612,1130 1650,1125 1689,1119 1727,1115 1766,1111 1804,1108 1843,1105 1881,1103 1920,1100 1959,1098 1997,1097 2036,1095 2074,1093 2113,1092 2151,1091 2190,1088 2228,1086 2267,1084 2306,1082"/>
                <TextEquiv>
                    <Unicode>Fr. Wenn derselbe verreistet.</Unicode>
                </TextEquiv>
            </TextLine>
            <TextLine id="r2l12" custom="readingOrder {index:11;}">
                <Coords points="1532,1226 1749,1188 1814,1216 1853,1181 1957,1165 2050,1193 2151,1164 2279,1177 2321,1165 2318,1122 2214,1139 2139,1111 2069,1149 2005,1100 1972,1122 1703,1119 1528,1179"/>
                <Baseline points="1539,1214 1577,1206 1616,1200 1654,1194 1693,1189 1732,1185 1770,1182 1809,1178 1848,1175 1886,1173 1925,1171 1964,1169 2002,1167 2041,1166 2080,1164 2118,1162 2157,1160 2196,1158 2234,1155 2273,1153 2312,1149"/>
                <TextEquiv>
                    <Unicode>Anth. Und letzte Ostern herum.</Unicode>
                </TextEquiv>
            </TextLine>
            <TextLine id="r2l13" custom="readingOrder {index:12;}">
                <Coords points="1528,1311 1674,1277 1754,1314 1809,1270 2061,1299 2202,1232 2358,1291 2450,1230 2549,1240 2544,1145 2317,1161 2266,1200 1958,1164 1806,1218 1639,1196 1525,1251"/>
                <Baseline points="1535,1284 1585,1277 1635,1271 1685,1265 1736,1261 1786,1256 1836,1253 1886,1248 1937,1247 1987,1244 2037,1241 2087,1239 2138,1237 2188,1236 2238,1235 2288,1232 2339,1230 2389,1229 2439,1227 2489,1224 2540,1221"/>
                <TextEquiv>
                    <Unicode>Er, zu welcher Zeit Er ihne beschlaffen.</Unicode>
                </TextEquiv>
            </TextLine>
            <TextLine id="r2l14" custom="readingOrder {index:13;}">
                <Coords points="1626,1352 2039,1327 2136,1369 2259,1315 2426,1356 2492,1316 2806,1324 2805,1286 2655,1227 2562,1272 2420,1250 2353,1297 2217,1264 1625,1297"/>
                <Baseline points="1635,1341 1693,1337 1751,1335 1809,1332 1867,1329 1925,1326 1983,1325 2042,1322 2100,1320 2158,1317 2216,1316 2274,1314 2332,1313 2390,1311 2449,1311 2507,1310 2565,1310 2623,1308 2681,1308 2739,1308 2798,1310"/>
                <TextEquiv>
                    <Unicode>Lang nach der Versprechung, und zwar das erste,</Unicode>
                </TextEquiv>
            </TextLine>
            <TextLine id="r2l15" custom="readingOrder {index:14;}">
                <Coords points="1511,1376 1523,1376 1530,1381 1533,1377 1539,1381 1547,1371 1558,1371 1565,1363 1572,1364 1579,1359 1591,1367 1611,1358 1599,1294 1590,1296 1578,1313 1561,1310 1551,1318 1538,1310 1528,1320 1503,1327"/>
                <Baseline points="1517,1364 1545,1360 1573,1355 1601,1349"/>
                <TextEquiv>
                    <Unicode>Antwo</Unicode>
                </TextEquiv>
            </TextLine>
            <TextLine id="r2l16" custom="readingOrder {index:15;}">
                <Coords points="1612,1429 1802,1403 1823,1422 1927,1408 2026,1442 2135,1393 2176,1413 2279,1395 2277,1315 2205,1326 2148,1367 2048,1328 1984,1354 1839,1351 1818,1373 1777,1337 1610,1354"/>
                <Baseline points="1620,1410 1652,1408 1685,1406 1717,1404 1750,1403 1782,1401 1815,1401 1847,1400 1880,1399 1912,1398 1945,1397 1977,1397 2010,1396 2042,1395 2075,1394 2107,1393 2140,1392 2172,1390 2205,1388 2237,1386 2270,1383"/>
                <TextEquiv>
                    <Unicode>mal nach dem Rupahr</Unicode>
                </TextEquiv>
            </TextLine>
            <TextLine id="r2l17" custom="readingOrder {index:16;}">
                <Coords points="1623,1510 1777,1502 1826,1535 1865,1495 2044,1524 2094,1491 2368,1473 2426,1516 2464,1484 2651,1476 2649,1394 2610,1382 2518,1430 2285,1397 2049,1466 1926,1408 1621,1419"/>
                <Baseline points="1631,1491 1681,1490 1732,1488 1782,1487 1833,1485 1883,1484 1934,1482 1984,1482 2035,1481 2085,1479 2136,1478 2187,1478 2237,1476 2288,1476 2338,1475 2389,1473 2439,1473 2490,1472 2540,1472 2591,1470 2642,1469"/>
                <TextEquiv>
                    <Unicode>Wann Es seine Zeiten verlohren.</Unicode>
                </TextEquiv>
            </TextLine>
            <TextLine id="r2l18" custom="readingOrder {index:17;}">
                <Coords points="1537,1531 1567,1525 1578,1513 1596,1506 1612,1507 1608,1429 1582,1430 1562,1446 1544,1440 1532,1442"/>
                <Baseline points="1544,1499 1574,1499 1604,1496"/>
                <TextEquiv>
                    <Unicode>fri</Unicode>
                </TextEquiv>
            </TextLine>
            <TextLine id="r2l19" custom="readingOrder {index:18;}">
                <Coords points="1635,1577 1771,1607 1828,1567 2140,1561 2227,1608 2359,1555 2654,1585 2789,1556 2788,1522 2655,1476 2425,1516 2369,1473 2162,1518 2095,1490 1974,1538 1866,1495 1824,1536 1634,1507"/>
                <Baseline points="1643,1566 1699,1565 1756,1563 1813,1562 1870,1560 1927,1560 1984,1559 2040,1557 2097,1557 2154,1556 2211,1554 2268,1553 2325,1553 2382,1551 2438,1550 2495,1550 2552,1548 2609,1547 2666,1545 2723,1544 2780,1542"/>
                <TextEquiv>
                    <Unicode>Es habe sie nach und nach verlohren, seyen</Unicode>
                </TextEquiv>
            </TextLine>
            <TextLine id="r2l20" custom="readingOrder {index:19;}">
                <Coords points="1503,1615 1523,1615 1539,1599 1565,1601 1572,1595 1588,1598 1610,1586 1604,1507 1583,1510 1567,1526 1563,1523 1539,1551 1531,1549 1523,1558 1511,1548 1498,1547"/>
                <Baseline points="1508,1574 1539,1575 1570,1572 1601,1568"/>
                <TextEquiv>
                    <Unicode>anto</Unicode>
                </TextEquiv>
            </TextLine>
            <TextLine id="r2l21" custom="readingOrder {index:20;}">
                <Coords points="1609,1653 2686,1662 2767,1637 2767,1557 2346,1556 2229,1611 2156,1574 2057,1614 1992,1568 1827,1568 1778,1609 1609,1617"/>
                <Baseline points="1617,1638 1674,1637 1731,1635 1788,1635 1845,1634 1902,1634 1959,1634 2016,1634 2073,1634 2130,1634 2188,1634 2245,1632 2302,1632 2359,1632 2416,1631 2473,1631 2530,1629 2587,1628 2644,1626 2701,1625 2759,1622"/>
                <TextEquiv>
                    <Unicode>aber erst im Magen recht zurück geblieben.</Unicode>
                </TextEquiv>
            </TextLine>
            <TextLine id="r2l22" custom="readingOrder {index:21;}">
                <Coords points="1633,1769 2007,1735 2088,1770 2224,1732 2277,1767 2325,1728 2443,1759 2604,1720 2704,1747 2788,1702 2759,1639 2343,1645 2246,1691 2057,1651 1975,1701 1818,1637 1632,1680"/>
                <Baseline points="1640,1722 1697,1722 1754,1722 1811,1722 1868,1722 1925,1721 1982,1721 2039,1719 2096,1719 2153,1718 2210,1716 2267,1715 2324,1715 2381,1713 2438,1712 2495,1710 2552,1709 2609,1706 2666,1704 2723,1703 2780,1700"/>
                <TextEquiv>
                    <Unicode>Ob Er vor dem Naymonat seine Zeiten noch</Unicode>
                </TextEquiv>
            </TextLine>
            <TextLine id="r2l23" custom="readingOrder {index:22;}">
                <Coords points="1535,1751 1545,1750 1556,1741 1569,1742 1581,1748 1597,1747 1591,1669 1583,1669 1580,1673 1575,1668 1570,1669 1559,1676 1549,1673 1530,1675"/>
                <Baseline points="1542,1728 1587,1725"/>
                <TextEquiv>
                    <Unicode>Fr.</Unicode>
                </TextEquiv>
            </TextLine>
            <TextLine id="r2l24" custom="readingOrder {index:23;}">
                <Coords points="1609,1821 1635,1807 1658,1829 1684,1809 1725,1835 1753,1836 1761,1844 1778,1829 1801,1828 1799,1729 1769,1751 1754,1751 1727,1776 1699,1772 1688,1762 1664,1776 1629,1763 1608,1772"/>
                <Baseline points="1617,1797 1642,1795 1667,1794 1692,1793 1717,1793 1742,1793 1767,1793 1793,1793"/>
                <TextEquiv>
                    <Unicode>gehabt.</Unicode>
                </TextEquiv>
            </TextLine>
            <TextLine id="r2l25" custom="readingOrder {index:24;}">
                <Coords points="1522,1887 1648,1909 1684,1887 1840,1888 1931,1922 2017,1877 2146,1908 2215,1896 2216,1807 2133,1834 2089,1807 1975,1829 1928,1811 1899,1834 1817,1816 1760,1844 1665,1795 1580,1855 1522,1847"/>
                <Baseline points="1529,1875 1564,1875 1600,1875 1636,1875 1671,1875 1707,1875 1743,1875 1779,1875 1814,1875 1850,1875 1886,1875 1922,1875 1957,1876 1993,1877 2029,1877 2065,1877 2100,1875 2136,1875 2172,1875 2208,1875"/>
                <TextEquiv>
                    <Unicode>ants. Ja, aber nicht stark.</Unicode>
                </TextEquiv>
            </TextLine>
            <TextLine id="r2l26" custom="readingOrder {index:25;}">
                <Coords points="1546,1986 1643,1966 1763,2000 1954,1963 2308,1994 2348,1958 2550,1958 2550,1875 2384,1933 2274,1860 2137,1911 2017,1877 1921,1922 1835,1888 1546,1890"/>
                <Baseline points="1553,1959 1602,1958 1651,1958 1701,1957 1750,1956 1800,1956 1849,1956 1898,1956 1948,1956 1997,1956 2047,1958 2096,1958 2145,1958 2195,1958 2244,1958 2294,1958 2343,1958 2392,1958 2442,1956 2491,1956 2541,1955"/>
                <TextEquiv>
                    <Unicode>Hr. Ob Er sein Kind mich verspühret.</Unicode>
                </TextEquiv>
            </TextLine>
            <TextLine id="r2l27" custom="readingOrder {index:26;}">
                <Coords points="1515,2047 1697,2095 1839,2041 1971,2089 2115,2047 2750,2058 2751,1967 2588,1946 2360,2007 2026,1970 1931,2017 1862,1982 1515,1988"/>
                <Baseline points="1523,2037 1587,2036 1651,2037 1715,2037 1779,2039 1843,2039 1907,2040 1972,2042 2036,2043 2100,2045 2164,2045 2228,2046 2292,2046 2357,2046 2421,2046 2485,2046 2549,2045 2613,2042 2677,2040 2742,2036"/>
                <TextEquiv>
                    <Unicode>Ants: Es habe nicht geglaubt, daß es ein Kind</Unicode>
                </TextEquiv>
            </TextLine>
            <TextLine id="r2l28" custom="readingOrder {index:27;}">
                <Coords points="1587,2149 2088,2126 2276,2179 2512,2123 2669,2172 2830,2132 2831,2062 2391,2050 2007,2107 1845,2042 1701,2093 1588,2073"/>
                <Baseline points="1596,2108 1657,2111 1718,2114 1780,2117 1841,2118 1902,2120 1964,2123 2025,2124 2086,2126 2148,2126 2209,2127 2270,2127 2332,2127 2393,2127 2454,2127 2516,2126 2577,2126 2638,2124 2700,2123 2761,2120 2823,2118"/>
                <TextEquiv>
                    <Unicode>seye, sonder nur gemeint seine Muter seyn</Unicode>
                </TextEquiv>
            </TextLine>
            <TextLine id="r2l29" custom="readingOrder {index:28;}">
                <Coords points="2455,2176 2465,2176 2468,2179 2472,2176 2486,2176 2486,2139 2478,2139 2473,2134 2465,2140 2455,2139"/>
                <Baseline points="2463,2171 2478,2171"/>
                <TextEquiv>
                    <Unicode>2</Unicode>
                </TextEquiv>
            </TextLine>
            <TextLine id="r2l30" custom="readingOrder {index:29;}">
                <Coords points="1600,2203 1887,2202 1942,2240 2128,2212 2184,2256 2372,2210 2577,2260 2625,2219 2810,2226 2811,2137 2526,2188 1822,2126 1600,2164"/>
                <Baseline points="1608,2183 1667,2186 1727,2189 1787,2193 1846,2196 1906,2198 1966,2201 2025,2202 2085,2204 2145,2205 2205,2205 2264,2207 2324,2207 2384,2207 2443,2207 2503,2207 2563,2205 2622,2204 2682,2203 2742,2201 2802,2199"/>
                <TextEquiv>
                    <Unicode>erkaltet, weil Er keinen großen Bauch gehabt,</Unicode>
                </TextEquiv>
            </TextLine>
            <TextLine id="r2l31" custom="readingOrder {index:30;}">
                <Coords points="1519,2322 1675,2288 1726,2330 2596,2339 2618,2250 2210,2271 2081,2214 1997,2281 1797,2206 1520,2214"/>
                <Baseline points="1527,2282 1581,2282 1635,2283 1689,2284 1743,2286 1797,2288 1851,2289 1906,2291 1960,2293 2014,2295 2068,2297 2122,2298 2176,2300 2230,2300 2285,2301 2339,2301 2393,2300 2447,2299 2501,2297 2555,2294 2610,2289"/>
                <TextEquiv>
                    <Unicode>Fr. Ob Er zuvor nie schwänger gewesen.</Unicode>
                </TextEquiv>
            </TextLine>
            <TextLine id="r2l32" custom="readingOrder {index:31;}">
                <Coords points="1515,2371 1538,2368 1572,2386 1610,2370 1661,2385 1692,2375 1724,2393 1780,2382 1810,2401 1812,2323 1783,2316 1731,2351 1690,2352 1646,2311 1517,2322"/>
                <Baseline points="1524,2363 1549,2364 1574,2364 1600,2365 1625,2367 1650,2368 1676,2370 1701,2371 1726,2372 1752,2373 1777,2373 1803,2373"/>
                <TextEquiv>
                    <Unicode>Antlatten.</Unicode>
                </TextEquiv>
            </TextLine>
            <TextLine id="r2l33" custom="readingOrder {index:32;}">
                <Coords points="1533,2473 1594,2445 2391,2500 2445,2467 2580,2516 2710,2463 2712,2411 2656,2437 2376,2395 2338,2428 1979,2333 1803,2430 1710,2379 1535,2391"/>
                <Baseline points="1542,2438 1600,2439 1658,2441 1716,2444 1774,2447 1832,2450 1890,2454 1948,2457 2006,2462 2064,2465 2122,2468 2180,2471 2238,2472 2296,2474 2354,2475 2412,2474 2470,2474 2528,2471 2586,2467 2644,2463 2703,2457"/>
                <TextEquiv>
                    <Unicode>Hr. Soden schriftliche Versprechung lige:</Unicode>
                </TextEquiv>
            </TextLine>
            <TextLine id="r2l34" custom="readingOrder {index:33;} person {offset:24; length:8;}">
                <Coords points="1509,2536 1681,2542 1787,2599 1909,2543 2005,2604 2825,2564 2826,2513 2681,2479 2589,2524 2447,2466 2123,2510 2003,2469 1815,2463 1744,2513 1607,2448 1511,2474"/>
                <Baseline points="1518,2517 1586,2523 1654,2527 1723,2532 1791,2538 1859,2543 1928,2546 1996,2550 2064,2553 2133,2556 2201,2559 2270,2561 2338,2561 2406,2562 2475,2561 2543,2559 2611,2557 2680,2555 2748,2550 2817,2544"/>
                <TextEquiv>
                    <Unicode>Antl. bey H. Schultheiß Stückers Knecht, neben</Unicode>
                </TextEquiv>
            </TextLine>
            <TextLine id="r2l35" custom="readingOrder {index:34;} person {offset:30; length:6;}">
                <Coords points="1603,2605 1913,2634 1961,2678 2050,2633 2185,2680 2331,2637 2662,2682 2783,2643 2784,2606 2570,2555 2102,2610 1909,2545 1739,2593 1605,2533"/>
                <Baseline points="1611,2598 1669,2605 1727,2610 1785,2616 1843,2620 1902,2624 1960,2627 2018,2630 2076,2631 2134,2633 2193,2634 2251,2636 2309,2636 2367,2636 2425,2636 2484,2634 2542,2634 2600,2633 2658,2632 2716,2631 2775,2630"/>
                <TextEquiv>
                    <Unicode>anderen Briefen mehr, die der Stoker ihm</Unicode>
                </TextEquiv>
            </TextLine>
            <TextLine id="r2l36" custom="readingOrder {index:35;}">
                <Coords points="1580,2720 1660,2737 1681,2719 1723,2727 1761,2700 1799,2713 1825,2697 1870,2729 1929,2714 2030,2741 2036,2658 2011,2645 1960,2677 1926,2646 1874,2665 1786,2624 1733,2651 1686,2615 1588,2614"/>
                <Baseline points="1592,2676 1617,2679 1642,2682 1668,2684 1693,2686 1719,2689 1744,2691 1770,2693 1795,2695 1821,2696 1846,2698 1872,2700 1897,2702 1923,2703 1948,2705 1974,2706 1999,2706 2025,2708"/>
                <TextEquiv>
                    <Unicode>zugeschrieben.</Unicode>
                </TextEquiv>
            </TextLine>
            <TextLine id="r2l37" custom="readingOrder {index:36;}">
                <Coords points="1762,2817 1940,2854 2024,2805 2065,2836 2259,2810 2322,2855 2514,2862 2579,2806 2662,2803 2664,2731 2525,2748 2386,2710 2333,2756 2280,2716 2165,2713 2034,2755 1826,2699 1763,2731"/>
                <Baseline points="1770,2778 1814,2784 1858,2788 1902,2793 1947,2796 1991,2800 2035,2802 2079,2804 2124,2805 2168,2807 2212,2807 2256,2807 2301,2807 2345,2807 2389,2807 2433,2805 2478,2804 2522,2802 2566,2801 2610,2799 2655,2796"/>
                <TextEquiv>
                    <Unicode>Also abgelesen und bestättiget.</Unicode>
                </TextEquiv>
            </TextLine>
            <TextLine id="r2l38" custom="readingOrder {index:37;}">
                <Coords points="1586,2917 1759,2878 1942,2952 2077,2902 2275,2898 2366,2959 2430,2905 2530,2934 2727,2907 2729,2842 2580,2880 2479,2838 2351,2869 2227,2818 2071,2869 1997,2815 1925,2872 1800,2863 1695,2779 1590,2769"/>
                <Baseline points="1596,2859 1652,2865 1708,2872 1764,2878 1820,2883 1877,2889 1933,2893 1989,2897 2045,2900 2101,2903 2158,2905 2214,2906 2270,2907 2326,2907 2382,2907 2439,2906 2495,2903 2551,2901 2607,2898 2663,2892 2720,2888"/>
                <TextEquiv>
                    <Unicode>Wegen angeschinener Schwachheit, würde</Unicode>
                </TextEquiv>
            </TextLine>
            <TextLine id="r2l39" custom="readingOrder {index:38;}">
                <Coords points="2085,2958 2124,2954 2131,2961 2185,2964 2199,2950 2217,2947 2238,2957 2251,2953 2268,2965 2300,2946 2315,2953 2314,2914 2275,2898 2261,2913 2215,2903 2142,2920 2121,2909 2085,2911"/>
                <Baseline points="2094,2939 2120,2944 2147,2946 2173,2947 2200,2946 2226,2944 2253,2942 2279,2942 2306,2943"/>
                <TextEquiv>
                    <Unicode>eingehalten</Unicode>
                </TextEquiv>
            </TextLine>
            <TextLine id="r2l40" custom="readingOrder {index:39;}">
                <Coords points="1594,2944 1704,2990 1812,2960 2332,3023 2713,2981 2714,2942 2635,2913 2429,2905 2367,2958 2061,2912 1916,2949 1756,2876 1595,2918"/>
                <Baseline points="1602,2936 1657,2944 1712,2949 1767,2956 1822,2962 1878,2966 1933,2970 1988,2973 2043,2976 2098,2978 2154,2979 2209,2981 2264,2981 2319,2981 2374,2979 2430,2978 2485,2976 2540,2973 2595,2969 2650,2965 2706,2960"/>
                <TextEquiv>
                    <Unicode>mit ferneren fragen, und Es wieder in</Unicode>
                </TextEquiv>
            </TextLine>
            <TextLine id="r2l41" custom="readingOrder {index:40;}">
                <Coords points="1587,3031 1732,3035 1804,3090 1929,3091 1981,3058 2205,3115 2252,3081 2492,3072 2489,2985 2331,3027 2221,2984 1979,3032 1869,2971 1683,3000 1592,2945"/>
                <Baseline points="1596,3009 1640,3016 1684,3022 1729,3027 1773,3033 1818,3038 1862,3042 1906,3046 1951,3050 1995,3052 2040,3054 2084,3056 2128,3057 2173,3059 2217,3059 2262,3059 2306,3059 2350,3059 2395,3057 2439,3055 2484,3053"/>
                <TextEquiv>
                    <Unicode>seine Stube und Beygeführet.</Unicode>
                </TextEquiv>
            </TextLine>
            <TextLine id="r2l42" custom="readingOrder {index:41;}">
                <Coords points="1578,3133 2015,3198 2072,3162 2603,3189 2718,3147 2718,3104 2556,3065 2183,3121 1982,3059 1902,3117 1661,3020 1579,3053"/>
                <Baseline points="1586,3117 1642,3123 1698,3129 1754,3133 1810,3137 1866,3140 1922,3143 1979,3145 2035,3147 2091,3147 2147,3147 2203,3147 2259,3147 2315,3146 2372,3144 2428,3143 2484,3141 2540,3138 2596,3135 2652,3132 2709,3129"/>
                <TextEquiv>
                    <Unicode>Actum in Ihr Gnaden Instul den</Unicode>
                </TextEquiv>
            </TextLine>
            <TextLine id="r2l43" custom="readingOrder {index:42;}">
                <Coords points="1639,3200 1717,3184 1755,3220 1790,3209 1802,3225 1844,3234 1877,3220 1895,3233 1958,3227 2000,3202 2018,3205 2020,3190 1976,3190 1962,3174 1935,3187 1918,3171 1892,3176 1857,3159 1812,3173 1761,3142 1699,3152 1689,3139 1649,3134"/>
                <Baseline points="1650,3176 1675,3179 1701,3182 1726,3187 1752,3191 1777,3197 1803,3202 1828,3208 1854,3212 1879,3217 1905,3220 1930,3223 1956,3225 1981,3225 2007,3225"/>
                <TextEquiv>
                    <Unicode>sens Ano 1776.</Unicode>
                </TextEquiv>
            </TextLine>
            <TextLine id="r2l44" custom="readingOrder {index:43;}">
                <Coords points="1565,3239 1582,3237 1604,3255 1613,3253 1637,3268 1657,3269 1692,3244 1707,3254 1738,3251 1737,3176 1703,3191 1690,3186 1658,3193 1592,3131 1579,3141 1565,3140"/>
                <Baseline points="1574,3218 1600,3222 1626,3221 1652,3219 1678,3218 1704,3219 1730,3222"/>
                <TextEquiv>
                    <Unicode>d. s</Unicode>
                </TextEquiv>
            </TextLine>
            <TextLine id="r2l45" custom="readingOrder {index:44;}">
                <Coords points="1779,3278 1794,3276 1807,3283 1820,3270 1838,3274 1838,3190 1823,3190 1797,3216 1789,3209 1779,3209"/>
                <Baseline points="1788,3243 1830,3243"/>
                <TextEquiv>
                    <Unicode>H</Unicode>
                </TextEquiv>
            </TextLine>
            <TextLine id="r2l46" custom="readingOrder {index:45;}">
                <Coords points="2566,3500 2616,3492 2632,3495 2650,3484 2693,3494 2730,3488 2726,3441 2697,3448 2680,3435 2664,3434 2647,3447 2603,3426 2575,3449 2562,3447"/>
                <Baseline points="2574,3489 2603,3485 2632,3483 2662,3480 2691,3479 2721,3477"/>
                <TextEquiv>
                    <Unicode>Copia</Unicode>
                </TextEquiv>
            </TextLine>
            <TextEquiv>
                <Unicode>Hochler
dett, vnd Anast, Schreken und Menschen fürcht, habe
b nichts tagen dorfen, weilen Er gestühret, daß
des Kind vorseye.
hr. Wer das Betgemachet?
Aus, die Muter habe ihm geholfen, und geglaubt die
Zaichen im Bet, kommen von seinen Zeiten her
fr. von bein Er schwänger gewesen.
Ants. von seinem Verlobten dem Fridrich Stoker,
do Knecht bey Herr Lieut. Stürler seye.
Fr. Wenn derselbe verreistet.
Anth. Und letzte Ostern herum.
Er, zu welcher Zeit Er ihne beschlaffen.
Lang nach der Versprechung, und zwar das erste,
Antwo
mal nach dem Rupahr
Wann Es seine Zeiten verlohren.
fri
Es habe sie nach und nach verlohren, seyen
anto
aber erst im Magen recht zurück geblieben.
Ob Er vor dem Naymonat seine Zeiten noch
Fr.
gehabt.
ants. Ja, aber nicht stark.
Hr. Ob Er sein Kind mich verspühret.
Ants: Es habe nicht geglaubt, daß es ein Kind
seye, sonder nur gemeint seine Muter seyn
2
erkaltet, weil Er keinen großen Bauch gehabt,
Fr. Ob Er zuvor nie schwänger gewesen.
Antlatten.
Hr. Soden schriftliche Versprechung lige:
Antl. bey H. Schultheiß Stückers Knecht, neben
anderen Briefen mehr, die der Stoker ihm
zugeschrieben.
Also abgelesen und bestättiget.
Wegen angeschinener Schwachheit, würde
eingehalten
mit ferneren fragen, und Es wieder in
seine Stube und Beygeführet.
Actum in Ihr Gnaden Instul den
sens Ano 1776.
d. s
H
Copia</Unicode>
            </TextEquiv>
        </TextRegion>
    </Page>
</PcGts>
