3024 4032
191 1947 277 2025 5.
210 299 310 391 421.
256 381 334 515 .
707 286 1123 419 .
358 381 1497 570 in dieselbe truben, und Sie darüber zu einer Athego¬
329 463 942 583 rischen Antwort anhalten.
379 546 1468 697 Ob selbige ihr unter dem Hertzen getragenes Kind
346 623 807 712 nicht gespühret habe?
391 681 1415 821 Was Sie deshalb gespühret und nicht gespühret habe?
328 754 1450 914 Ob sie solches nicht sonderlich auf die vorgegangene
316 822 937 951 Aderläße gespühret habe?
382 891 1438 1025 Ob Sie in abers seyn könne, daß die nicht während
332 952 1456 1097 der Zeit, da sie in der Instul gewesen, gelangt, daß
315 1015 814 1137 Die schwanger seye.
365 1087 1446 1235 Ob die keine Anzeige von einer bevorstehenden
310 1142 785 1260 Benirt verstühret.
358 1216 1491 1358 Wann die ihrer Genirt und des Kinds wahr geworden.
316 1291 1470 1440 Was sie darauf gethan, ob sie dem Kind gebühren,
304 1366 710 1462 den Raht gethan.
348 1445 1440 1543 Was für eine forcht sie hinderhalten die vorge¬
291 1504 1402 1601 gangene Denirt, alsobald der Kranken Muter
286 1577 722 1694 zu offenbahren.
799 1585 1058 1674 Und was
724 1586 796 1654 .
309 1642 1425 1784 andere angehörte Eurer Miethen Klugheit
303 1727 1359 1858 nicht entgehende, und zu Erheiterung der
294 1794 1438 1925 Warheit dienende Umstand und Fragen mehr
310 1863 681 1979 leyn mögten.
730 1867 1082 1981 Zuletzt und
304 1938 1432 2079 dß Meine gnädige Herren will, daß die Fählern sowohl
296 2013 1404 2111 gegen die Anna Kreich, wegen dem Umstand
296 2100 1386 2210 das Aufstitzens, indet und der über das Bet
277 2160 1423 2270 hinab gehängten Seinen, als gegen die Maria
279 2229 1420 2332 Hubacher, wegen dem, ohngefehr zu gleicher Zeit
281 2295 1395 2432 ihre angelöschten guten Tag, confrontiert
288 2365 1414 2496 werde. Wie in allem zuthun Ihr Metlöchl
285 2430 1415 2558 bestens wißen werden. Actum den 2ten §. 1770.
713 2521 1422 2663 Sgl. Rechten Hern
541 2688 1093 2815 Sontag
816 2786 923 2842 und
235 2755 1402 2915 Hochverbietige Seantwortung meine gnädige Herren
292 2863 770 2968 Collgii Insularii.
293 2917 1466 3096 Wohlgebohrner WohlEdelgebohrne,
711 3026 1378 3184 HochgeEhrte Herren.
228 3081 1386 3265 Ehhh. des Collegii melang mit
293 3203 1400 3325 zuthun MorgH. Residenten Rethenbergs
299 3270 1393 3381 und Meine gnädige Herren Salz Directen Hallers haben in
277 3331 1424 3454 gehorsamer Folgleistung des von Euer Wohlge¬
283 3397 1403 3527 bahren unterm 2ten bovembris lezthin erhal¬
2016 336 2084 441 E
2713 355 2855 439 223.
2106 335 2412 458 edlen
1722 416 2793 544 erhaltenen Befehlgedels sich verstandet und
1709 497 2778 601 die in demselben enthaltene zever frag¬
1695 577 2818 676 Punkten in einer weitläuffigen Anfrage
1693 623 2790 734 gründlich untersuchet; Als worüber dann die
1696 690 2796 813 Einmächtige Beantwortung Hochdenenselben
1694 756 2649 859 lae folget, ehrerbietigst vorgelegt wird.
1692 830 2745 967 Betreffend die Erthel Frage, über das
1699 914 2791 1032 Schweinen der Lungen, und wie weit bey einem
1693 981 2781 1098 in der Corruption ligenden Kind, solches ein
1695 1051 2830 1166 gsatzmäßiger Beweisten seyn könne, daß das
1657 1111 2838 1204 Kind habendig oder Tod zur Welt gebohren worden.
1800 1183 2809 1302 Obgleich viele Stutoren behalten, daß
1698 1252 2802 1376 das Obenschwemmen der Lungen eines stalten
1672 1318 2737 1437 Rinds ein hinlängliches Beweistund seyn,
1693 1389 2805 1486 daraus man schließen könne, daß selbe seye
1686 1473 2749 1568 lebendig auf die Welt gebracht worden. So
1674 1518 2800 1654 glauben dennoch meine gnädige Herren daß dieses Probe
1683 1581 2791 1710 allein und ohne mehrere Umständ nicht als
1680 1650 2821 1747 un gantz sicheres und ostetzmäßiges Beweisten
1680 1735 2812 1846 anzuführen seye. Wo aber nebst diesem annoch
1683 1813 2796 1938 Anzeige und Merkmahle vorhanden, daß ein
1663 1883 2795 2008 Kind, wie er in gegenwärtigem Fall geschehen,
1681 1954 2816 2057 wohl ausgetragen, in allen Theilen vollkom¬
1666 2023 2798 2137 men, und leichtlich zur Welt gebracht worden,
1674 2085 2812 2212 botzweiflen Stett keineswegs, sonder glau¬
1678 2159 2795 2287 ben ein solches Kind seyn bey seiner Geburt
1674 2224 2123 2329 lebendig gewesen.
1728 2293 2791 2383 elangend aber die in oben ausgesetzter Frage
1665 2360 2806 2483 angemerkte Corruption, so wird dienlich seyn,
1657 2435 2779 2543 Euer Wohlgebohrene anzuzeigen, in wie weit
1670 2501 2789 2627 selbige würklich der Bahlerin Kind angegriffen
1666 2573 2744 2695 habe, mithin obiger Probe nachtheilig seyn.
1667 2643 2716 2764 könne, oder nicht freylich hat der starke
1663 2673 2797 2832 und üble Bereich nicht nur die Entdekung dieses
1636 2777 2738 2892 Kinds verursachet, sonder auch eine würkliche
1661 2849 2771 2971 orruption an demselben verrahten. Allein,
1656 2913 2737 3033 bey genauerer Untersuchung und Section er¬
1648 2981 2764 3102 fände sich, daß das Kind bereits nur von außen
1654 3049 2742 3172 und besonders dere Hallein angefangen, in
1635 3108 2675 3223 Paulius über zu geben, der ebendige
1643 3189 2712 3310 Körper aber, die Lange und alle Discera
1648 3248 2763 3385 waren volkommen und gäntzlich ohnangegriffen,
1656 3313 2778 3441 dergestalten, daß diese angemerkte Correp¬
1655 3377 2724 3513 tion obige Trobe nicht um geringsten benach¬
1641 3437 2019 3551 theiligen kan.
2541 3487 2776 3615 Sctra Send
