3024 4032
129 241 261 340 167.
556 216 840 323 Antra
383 271 819 387 Cesse Dotantius.
237 314 1359 459 Als die Delinquentin tags hernach¬
289 404 1325 530 durch den Gefangenschafft Warten
280 466 1331 579 ansagen laßen, daß es gestern
281 533 1357 661 noch die Wahrheit verhalet, und ad sol¬
289 611 1391 741 ches nun offenbahren wolle, so haben
278 680 1339 805 aus Geheiß MGGHH. Ober Exami¬
258 750 1330 873 natoren, M. Dero weibel und
260 823 1340 978 Grichtschreiben alsobald in die Gefan¬
251 905 1327 1073 ggenschafft sich verfüeget. Da es dan
237 988 1318 1156 folgende Bekantnuß und Wieder
236 1097 755 1225 außung gethan.
243 1200 1317 1323 Da es zu thun im Spitahl verwahret
206 1285 1319 1429 gewesten, habe es seine vernebte Ver¬
242 1353 1324 1484 giftung einem Weibs Ald, so es nicht
635 1434 698 1478 trad
242 1444 1326 1539 kene und der Schife gebracht, bekennet
240 1510 1293 1629 auch zugleich großenbahret, daß es
237 1575 1313 1704 den Resten Gifft hinter dem Spiegel
242 1656 1297 1796 verborgen habe. Daßelbe aber ihne
239 1735 1312 1862 darauf gesagt, wann es bekenne, daß
224 1813 1332 1923 es den Resters Gifft aufbehalten, so
236 1884 1308 2014 könne es ihm übelen gehen. Derohalb
224 1970 1330 2097 es auf die Unwahrheit verfallen, selbiges
233 2041 1305 2167 verlachet zu haben. Es gestehe also
236 2106 1321 2253 daß das Pagnetli, so hinter dem Spiegel
233 2194 1297 2315 gefunden worden, das nemliche seye
220 2266 1306 2388 woraus es die Hauenbraten vergißet,
266 2338 1325 2472 Seine auch zurück, daß er gifft
234 2423 1281 2557 von Hans gebracht, folglich bekenne
230 2496 1309 2626 es, daß dieses das gleiche Bist seye,
237 2577 1305 2684 so sein Man̄ angeschaffet. Daraus
222 2665 1305 2790 es selbst auch der Mauten gebetzet.
238 2740 1271 2879 schs habe ein sein hert gäntzlich
225 2824 1222 2944 geleeret, und alles grosenbahret,
279 2894 1329 3028 Seye ihm leid, daß es so hartnäckig
219 2972 1326 3104 geläugnet. Actum den 25. 9br 1769.
1213 3045 1330 3131 .
2707 163 2838 272 .
1945 213 2341 355 dappen.
1910 319 2273 460 Urtheil.
1589 446 2808 614 Mier Schulthers Kleine und große
1585 556 2777 688 Rath der Stadt und Respublic Berge, verunden
1547 619 2805 760 hiermit Demnach nitt heute Eyden verstamelt
1570 674 2797 819 mnt vortragen laßen, die verführte Priminal
1550 758 2764 874 Procedur und Vergicht der allhier vor Gericht
1555 817 2733 974 gestellten Herren darpen von Burgistein
1562 878 2767 1016 22. Jahren Alters, verheirathet mit Attriech
1580 955 2738 1109 d. Herr aus dem Tschangnau, letztlich auf dem
1557 1032 2789 1202 Sikel bey Artigen der Herrschafft Antendorff
1805 1108 2789 1242 Darauf wir dan̄ mit hochsten
1561 1162 1798 1270 geseßen
1552 1198 2786 1329 Mißfallen erstehen müßen, welcher gestalten
1565 1268 2797 1429 dieſe Übelthäteren in der Niclaus Hanentrate
1567 1344 2725 1483 Haus in der Schene weid ohnweit alitigen
1550 1395 2764 1545 nicht nur des Kosters des Diebstahls, sonder
1565 1487 2780 1619 an̄och des abscheulichen Verbrechend der Gifft¬
1549 1577 2752 1720 mischung sich schuldig gemachet; Indeme
1538 1648 2735 1791 dieselbe letzt abgeleichenen Brachmonat des
1538 1728 2768 1873 Morgens frühe in ermeltes Hand eingebrochen,
1551 1801 2779 1939 verschiedene Sachen eins Geld aus verschloßen
1545 1878 2744 2007 Behalten entwendet, und ob schon diese That
1544 1952 2705 2080 ohne Richterliche Anzeig ihr Christlich verzogen
1551 2026 2766 2149 worden, ſie hernach sich leider noch ſo weit ver-
1527 2104 2704 2225 geßen, daß sie Constags den 29. gleichen
1529 2193 2709 2299 Monats um Mittags Zeit aus Raach und bösem
1539 2255 2761 2373 Vorsich mit bey sich gehabtem Gifft in ermelter
1551 2319 2735 2440 Stand in der Scheürwend sich begeben. Da die
1536 2403 2733 2489 die über seine Zehler der Sublans Hauenbraten
1532 2469 2721 2580 Eheweis in der Stuchi einen Herr Apfel Grey
1548 2535 2718 2651 rochend angetroffen, wo Sie auf die feur¬
1544 2613 2726 2740 blotten sich nieder gestehet, und während obe
1534 2688 2702 2796 die Hanenbertin die daselbst eine kurze Zeit
1533 2755 2668 2838 verlaßen und in den Steller gegangen, die
1535 2811 2685 2940 indeßen das Sifft in den Brey geworffen,
1541 2882 2687 3014 und bald darauf sich wieder weg begeben.
1627 2962 2662 3085 Welcher gottlosen That die freywillig
1528 3048 2717 3169 geſtändig gewesen. Von welchem Freydau¬
1526 3111 2707 3226 diese zwey Eheleich zu Mutag gefließen, der
1515 3182 2705 3284 bey ihnen alsobald so übel gewürcket, daß Sie
1530 3253 2664 3349 beyde davon in Ohnmacht gestunden und
1518 3301 2625 3420 dergestalten branck worden, daß wan
2401 3386 2629 3487 ihnen etc.
