3024 4032
141 137 268 234 137.
201 267 233 385 .
298 239 1396 464 brechen, ihr Man̄ suchet hulf bey
277 348 1417 539 Nachbaren, da er aber derselben
277 426 1412 596 mitgebracht, fangt gleiches Über
260 497 1408 671 bey ihme am hefftigen Schmerzen
285 574 1400 744 im Magen mit Drechen und Erben
300 662 1427 858 Die schickten zu Meine gnädige Herrn Hancken
244 767 1417 924 Prösching, der seine Kochen ein Therian
276 842 1420 1007 und shl zu ihnen schickte, worvon die
268 928 1417 1102 auch gleich nahmen und thee darauf
271 1010 615 1107 Francken
237 1091 1303 1258 da Nachts und 9. Uhr zu ihnen
263 1191 1374 1322 käme, hat das Drechen noch immer
248 1267 1429 1426 gedauret, ich gabe Gifft ausführen
253 1344 1427 1501 de Mittel, Drechen von Haber keinen,
251 1431 1366 1587 warine Milch, Kreüten thee 55 fo
255 1524 1356 1661 daß gegenwertig alle Hofferung
240 1609 1407 1740 ist, sie seyen aus aller lebens
240 1701 1373 1851 gefahr, eine große Schlobachheit
223 1782 1387 1916 Schmerzen in allen Gliederen,
240 1872 1396 1991 Eitel pp. ist der jetzige Überbleibstel
285 1949 1385 2109 zwey Umständ und ich noch an¬
234 2043 1400 2167 mercken, es würde nemlich nach der
209 2113 1381 2270 frauen Elteren geschickt, ihnen
222 2195 1394 2346 diese traurige Gegebenheit biß end
218 2274 1372 2436 genthun, nach deme dieselben
226 2364 1358 2540 kommen und den Weg aus Eifer
215 2445 1393 2639 verfehlt, sind die über den Zaun
207 2534 1394 2731 gestiegen, und haben die gleiche
214 2635 1397 2802 dieben hinter dem Jarn verstecht
187 2728 1307 2899 angetroffen, welche von dort
201 2836 1380 3019 zum Haus, wo die kranken
217 2914 1381 3108 sich befinden, hat stehen und auch
1042 3054 1089 3122 .
187 3026 1042 3193 das Reden horen können
190 3123 1371 3299 den zweyte Anstand wäre, daß
153 3180 1386 3367 ein hund, den die Nachbauren mit
184 3271 1404 3498 gebracht habe, von dem was diese
181 3386 1365 3583 Leuth erbrochen hatten, gefreßen,
2699 174 2841 271 124.
1550 287 2848 532 habe derselbe so bald solches geschehen.
1579 385 2847 611 selbiges durch Drechen von sich geben
1576 484 2821 668 müßen. Diß ist was eine hievon
1593 573 2786 787 wißend ist, und was ich bezeugen
1571 741 1772 834 kan.
2144 693 2840 876 Joh. Alllrich Schrarul
2242 800 2625 915 Chirurgus
1569 772 2091 942 thun, den schulg
1706 876 1936 1002 1767.
1850 991 2326 1169 Schreiben.
2009 1134 2142 1239 hoce
1912 1207 1967 1276 s
1626 1212 2606 1385 Herr Freyweibel Brügger.
2013 1339 2135 1410 an
1617 1355 2827 1533 Meine Gnädige Herren die Rath¬
1858 1497 2686 1660 Hochwohlgebohrne
2111 1623 2840 1770 Gnedige Herren.
1580 1736 2830 1908 zu folgen Euer Gnader Gefelch Schreiben
1587 1849 2750 1985 sub 10t. currentis habe in Betreff des
1587 1931 2785 2060 diebstahls, so Ullrich dieres fraw an
1586 2003 2827 2116 dem Niclaus Hauenbrat und seinem
1563 2078 2777 2207 Weib in der Scheür weid zu Kieners
1574 2161 2818 2263 Stucke vernebet, und des haltenden
1581 2240 2796 2381 Verdachts halben, daß solche Diene
1575 2321 2768 2460 diesen Ehe Leuten nachwerts Sifft
1575 2409 2746 2545 beygebracht habe, mich bey dem
1566 2484 2827 2609 Hauenkrat und seinem Weit genau
1587 2568 2798 2701 informirt. In welcher Superiation
1567 2637 2840 2776 der kamenbrat und sein Weib declaren
1626 2739 2807 2873 daß diese Dieri unterem Sten
1588 2830 2828 2975 tung lezthin, als er mit seinen Leuten
1568 2911 2811 3034 zu Mühledorff begriffen, und von
1584 2983 2783 3107 seinem Wohnhaus abwesend war
1587 3064 2769 3224 frefelhaffter Weis eingebrochen
1575 3145 2789 3292 und daraus drey neue Thaler und
1572 3229 2803 3390 anders Gelt in allem bey 20.
1586 3326 2798 3492 eine neue sammetene Kappen,
