3024 4032
91 192 197 308 .
642 299 882 457 Hoch
298 434 1126 604 An Herren Großweibel c.
1137 463 1405 645 Jteer.
293 548 1433 739 und Herrn Grichtschreiber dadurch
287 666 1387 840 es vernemmen Meine gnädigen Herren und Eweren
296 764 1457 924 Herrn Großweibel, und Herrn Gricht
298 847 1450 1041 schreibers heute erstatteten Gericht, wel¬
290 964 1434 1109 icher gestalten gestrigen tags an der
282 1032 1449 1188 Juden daß in Herr Obrist Tscharmes
309 1127 1412 1287 Hand in dortigem Ehe Graben ein
283 1226 1427 1372 sodnes Kind, mänlichen Geschlechts
277 1324 1396 1482 so allbereit 14. tag oder 3 Wochen
291 1435 1400 1578 alt seyn kan, gefunden worden,
292 1524 1420 1676 einer seits, anderseits dann, daß die
280 1614 1441 1767 alldorten in diensten stehende dienst
289 1715 1435 1859 mags wegen verschiedenen Umstan¬
287 1796 1438 1948 den in Verdacht gefallen, die Muter
278 1901 1401 2039 dieser Kinder, und die Bethäterin
273 1990 1426 2167 dieses abschenlichen Kinder Mords-
267 2113 1431 2253 zu seyn, weshalben Ihr solche also¬
275 2193 1447 2336 bald in den Spittahl zu wohl verwahr¬
281 2290 1461 2464 iter Enthaltung eins Besorgung führen
271 2366 1420 2561 und übergeben laßen. Wie nun
273 2473 1418 2627 Ihr Grunden die allbereit von Euch¬
289 2576 1427 2742 veranstaltete Vorsorgen, sonderheitlich
279 2674 1423 2829 die wegen Examinierung des Stodten
283 2748 1417 2906 Cörpers und deßen Werdigung gelt.
277 2857 1429 3014 scheißen, Also haben Ir Gnaden sich
285 2926 1441 3119 Herrn Großweibel und Herrn Gricht.
280 3009 1450 3219 schreiben auch an durch verbefehlen wol¬
277 3112 1431 3278 dlen, mit der allbereit im Spitahl
282 3183 1438 3411 gefänglich enthaltenen Muter, das
273 3326 1273 3503 in dergleichen fählen übliche
1013 3437 1408 3578 praecognitions
1515 3080 1637 3203 frag
1513 3176 1634 3281 Acts
2754 276 2845 382 H.
2706 418 2825 530 und
1674 406 2697 542 praecognitions Examen abzuhalten.
1685 510 2795 597 auch die übrigen dieser leidigen Sach
1678 584 2790 716 halber aufgenommene Informationen,
1681 659 2787 787 bo es nöthig wäre, zu completieren, so¬
1678 750 2829 870 denne ebenfahls die allbereits veranstalt
1679 830 2809 971 peter disitationen vorgehen zu laßen,
1681 918 2812 1059 und wo Ihr es nöthig befundet, darüber
1661 1011 2808 1156 Meinen gnädigen Herren das fernere vorzutragen, oder
1666 1106 2790 1228 nach den Umständen nach verfluß¬
1665 1197 2781 1334 der gewohnten Reinigungs Zeit, solche
1665 1284 2793 1426 in die Obere Gefangenschafft versetzen
1657 1397 2778 1541 zu laßen, Sie die Muter so dann zu
1672 1474 2800 1618 examinieren, und der Erfolgt Meine gnädigen Herren
1668 1570 2749 1679 den Gericht zu erstatten. Actum
1659 1659 2305 1811 den 15ten Merz 1769.
2480 1759 2569 1856 G.
1786 1764 1999 1905 Signirt.
2181 1776 2477 1944 Rasttag
2476 1802 2696 1897 e
1958 2085 1993 2203 o
1866 2094 2344 2248 I. Examen
1670 2254 2782 2442 Mit Maria jungi von Buggiferg,
1666 2361 2807 2514 18. Jahren Alters, sein Vatter Peter Königi
1678 2452 2787 2601 stehe bey Junckherr Obrist scharner un
1660 2531 2795 2646 Lohn in Diensten als Unterbriecht, seine
1667 2619 2791 2737 Muter aber seye schon vor 12 oder mehr
1653 2696 2803 2830 Jahren verstorben, habe ein halb Bruder
1672 2776 2766 2917 vies 2. halb Schwesterere, es diene auch
1665 2859 2788 3000 seit verndrigem Jahr im May bey Dunck
1669 2950 2794 3095 herr Obrist Scharnier an der Judengaß
1675 3050 2809 3207 Ob es in der Religeren unterwiesen seye?
1788 3149 1835 3227 6.
1674 3156 2795 3284 Ja, es werde könstige Pfingstein weg
1643 3249 2820 3385 Jahr seyn, daß es das erstemahl zu den
1649 3337 2436 3492 Heil. Nachtucal gegangen.
2520 3422 2748 3571 Auch etc.
