3024 4032
75 267 240 370 239.
129 1368 290 1484 den 3.
72 2207 267 2306 den 4.
611 270 979 431 Daber
286 373 1264 535 laße, so werde Er in Galgen kannen
285 476 1278 623 laugnete Er, wie auch daß Er ihns geheißen
290 534 1254 661 den Herr Jenner zu bestalen, unter
282 605 1304 754 welchem Vorwand, es immer seye. Fügte
274 682 1326 816 hingegen bey, das Madle habe ihm gesagt,
268 763 1309 912 Es seye mit einem zu Morfen versprochen,
276 829 1286 945 der ihme einer neue Rublonen auf die Ehe
270 911 1263 1046 gegeben, darauf Er Ingl geantwortet.
278 974 1294 1112 Es hate bey dem ersten bleiben sollen,
273 1054 1285 1176 mänsere allezeit glükhafftiger, habe
277 1124 1279 1251 demselben aus des Mädis Geheiß
275 1193 1233 1330 auch einen Schrief geschrieben, daß Er
264 1265 562 1382 herkomme.
290 1373 335 1425 te
300 1371 1279 1506 Art. pag. 222. §. 23. wolte Er auch
277 1452 1268 1580 keinerwegs eingestehen, noch etwas
270 1532 1319 1637 davon wißen, sonder sagte, Er seye
273 1598 1322 1731 lediglich in die Muntz gegangen, weilen
266 1676 1275 1797 das Madle ihns beruffen. In Herr
242 1750 1250 1873 Jenners Stuben seye Er niemal
271 1825 1292 1948 gewesen. Das ihm ein silbernes
260 1895 1306 2023 Caffe Kosteli zum Verkauffgebracht,
267 1967 1258 2096 seye er nicht in die Stuben kommen,
266 2029 1247 2150 sonder seye äußert der Stuben, im
270 2115 789 2235 Gang verblieben.
271 2187 317 2250 sen
311 2178 1321 2336 Art. pagil. 223. 24. §. 25. laugnete Er
263 2274 1262 2407 in Ansehn des Diebstahls gäntzlich
253 2336 1255 2468 Indeme Er gantz frech beharrete
257 2407 1273 2534 niemal in Herr Jeners Stuben
267 2481 1237 2617 gewesen zu seyn, habe ihm auch
262 2536 1302 2676 niemal zugemuhtet, die Schlußel
265 2647 1366 2739 zu dem Cabinet, zur Hand zu bringen
256 2700 1253 2825 Nach weniger gesagt, daß Er eine
259 2760 1286 2899 unbauchte Straagen Garn, mit ver¬
256 2842 1322 2989 schiedenen Gatungen gestohlenen Gelde
258 2912 1229 3009 in das rin̄ende Waßer werfen wolle,
264 2963 1283 3109 damit der diebstahl nicht auskommen,
251 3048 1263 3170 Bekente dennoch, daß Er 8. große
272 3124 1250 3234 und 7. kleine Stuk von verrufften
257 3184 1282 3305 Geld, von dem Madle empfangen,
265 3244 1351 3398 und selbe bey einem welchen Fuhrmann
260 3332 1250 3473 zwischen St. Blawe und Neuenburg
263 3369 1309 3553 den Er nicht kenne, verwehrlet. Darfür
1203 3452 1291 3536 Er
2654 298 2805 395 240
2060 317 2484 462 E aber
1603 406 2732 558 Er dem Maille nachberts 1. neue dublonen
1629 498 2732 647 zugestelt habe. Sagte auch, daß Er ihm d. 14.
1644 571 2441 696 in altem Geld und seelichen habe.
1520 662 2750 781 Den 5ten Art. pag. 225. n. 26. betreffend, bekente Er
1635 732 2802 833 dem Madle eine neue dublonen für das verruffte
1630 799 2704 904 Geld zugestelt zu haben, das übrige aber
1628 863 2740 949 laugnete Er völlig ab, nemlich, daß Er in Herr
1614 927 2784 1044 Jenners Stuben gewesen: Das Rigeli an Bureau
1632 991 2720 1078 mit einem Meßer hinaufgestoßen, daßelbe
1626 1053 2681 1175 eröfnet und den Cabinet Schlüßel heraus
1623 1116 2783 1246 genommen, noch weniger einen Geld diebstahl
1629 1188 2674 1319 in dem Cabinet begehen geholfen habe.
1616 1267 2777 1385 das Madle habe ihm auch keine Medailles
1602 1340 1888 1463 zugestelt.
1498 1441 2781 1549 Den 6ten Act. pag. a. 26. §. 27. belangend. Laugne¬
1612 1541 2724 1660 ste Er dem Madle einen Zwänzger für
1614 1614 2466 1731 Medailles gegeben zu haben.
1607 1681 2789 1832 Bekente aber, daß es damal den Passe¬
1605 1759 2782 1902 partoute zur vorgezogen, das Madle habe
1621 1822 2743 1973 selbigen an seinem eigenen Schafft
1596 1891 2698 2047 probat, und den Bart abgebrochen:
1598 1991 2766 2119 Es zeigt habe solchen hernach, wieder zur
1602 2063 2592 2184 Hand genommen und löten laßen.
1454 2117 2765 2270 den 7ten Art. pag. 227. 8. 28. anstehend. Sagte kon
1604 2207 2780 2318 daß Er den Passepartout damal gelötet
1604 2274 2772 2434 mitgebracht und hervorgezogen. Habe aber
1614 2357 2747 2518 solchen dem Machte übergeben, den Er
1598 2423 2729 2583 ein paar Tag lang behalten, und ihme
1602 2482 2726 2650 encklich ohne Bart wieder zugestelte,
1604 2571 2773 2748 mit verdenten, der Bart seye abge¬
1597 2637 2720 2804 brochen. Indeßen könne das Maille
1597 2710 2774 2894 den Diebstahl begangen haben. Laugnete
1591 2777 2720 2973 also mit dem Madle selbigen Sontag
1592 2874 2757 3042 in Herr Jenners Stuben gegangen zu seyn.
1577 2939 2732 3119 Nach daß Er diesen Schlüßel, an dem
1580 3015 2733 3189 Bureauschafftli probirt, wie auch, daß Er
1594 3116 2785 3298 andere, der Frau dili zugehörige Schlußel
1603 3170 1989 3300 bey sich gehabt.
1463 3188 1595 3337 Dach
1591 3259 2763 3431 Art. pag. 228. laugnete Er gäntzlich, daß
1602 3327 2687 3514 Es dem Madle gesagt. Es habe und
2526 3467 2785 3599 Millaber
