3024 4032
111 141 222 206 142.
141 2014 268 2129 Fr.
99 2268 277 2367 Ankl.
78 2539 269 2662 In 13.
53 2997 261 3123 Antl.
215 682 281 791 6.
543 185 606 264 .
636 196 1117 358 Dam
385 292 1375 498 den Markt gestelt, und einem Juden
386 398 1425 586 um 25. 2. verkauffet. Aus diesem Gel¬
381 453 1399 633 habe er den Papyr Müle wirth so wohl für
383 533 1424 708 das Werth der Schaffen als für seine gehalten
356 600 1117 745 Kösten mit d. 1. befriediget.
365 680 1427 870 Und endlich seye er im letzten Magnant
377 767 1365 917 Nachts in seines gewesenen Meisters
361 833 1435 1009 Hans Jausis Hans geschlichen, habe daselbst
369 928 1427 1083 einen Schafft in der Stuben erichnet, dar¬
370 1003 1417 1136 der Schlüßel auf dem Stank gelegen, und
350 1074 1399 1209 habe daraus entwendet. 1. Rok und Resti
360 1139 1378 1309 von gut tuch. 1. Leiblein von Scharlach,
356 1195 1408 1366 1. Schaubhut. 1. Schärmeßer zugmeßer
357 1286 1416 1450 1. Wiebeleisten, 1. Fugbaum. 1. Waldstage,
356 1351 1398 1517 1. Pfalmenbuch und ein Schepftuch wol¬
352 1448 1395 1578 ches aber alles wieder restituirt worden,
352 1525 1410 1660 äußert die Waldstage sols in dem Was
362 1600 707 1718 verborgen.
339 1665 1346 1827 für welche letztere begangangene
351 1763 1380 1915 diebstahl seye er am zinstag vor dem
341 1849 1378 1975 Sättag mit Ruthen gestrichen und aus
343 1911 1236 2037 dem Land verwiesen worden.
341 1994 1418 2152 Was ihne bewogen, solch große Diebstähl
354 2093 1434 2230 wieder zu begehen, seit dem Er abgestrafft
340 2173 602 2279 worden.
351 2242 1411 2401 Weilen Er keine Kleider nicht haben
336 2345 1355 2450 kön̄en, welche seinem Meister für
347 2414 1309 2551 eine Schuld zugesprochen worden.
323 2524 1378 2691 Ob Er nicht gespühre, daß Er ein elenden
328 2632 1364 2777 Mensch seÿe, der nach empfangener
321 2702 1414 2852 gnädiger Bestraffung, sich nicht gebesten
333 2788 1358 2899 sert, sondern alsobald in seinen
332 2864 1092 3009 diebstählen fortgefahren.
333 2949 1366 3130 Seye ihm hertzlich darfür, er habe zu
326 3033 1415 3201 seinem Angluck seinen Meister verloh¬
319 3114 1343 3260 und weder Verkzung noch Geld noch
306 3177 1350 3332 Kleider gehabt. Derohalb er auf solch
319 3241 1387 3423 böste Gedanken, und thaten gerathen
317 3341 1377 3502 Wann er bey seinem Meister häte
322 3397 1380 3577 bleiben können, so wäre ihm solches nicht
321 3531 799 3657 in Sinn gestiegen.
1243 3552 1288 3620 .
1192 3611 1316 3684 .
1572 417 1689 555 Col.
1537 991 1667 1096 Auth.
2780 124 2898 197 143.
1875 253 2308 415 I
1723 279 2877 503 rseye zum letzten mal ernstlich ermant, sein
1713 357 2891 572 Gebißen, gänzlich zu entladen, und zu bekennen
1714 426 2851 629 was er noch möchte verhalt haben, sonderlich
1699 475 2878 704 zu offenbahren. Ob er nicht auch im bin gehabt,
1712 532 2883 738 das Pferdt ab der Weid zu Bärchwyl zu entführen,
1711 608 2850 816 deßen Er, im verdacht seye, damiter über
1712 667 2796 863 alle seine Verbrechen desto eher Gnad
1723 741 2877 953 bey Gott und Einer Hohen Obrigkeit finden
1711 915 1892 1023 möge.
1720 898 2791 1082 er beteure, daß Er sein Herz geleeret, und
1712 1004 2853 1147 nichts mehr zu offenbahren habe, seyn das
1705 1086 2835 1232 Pferdts halber gantz unschuldig. Er bereue
1714 1130 2872 1304 von Herzen seine großen Verbrechen, bäte
1707 1201 2815 1367 Gott und eine Hohe Obrigkeit ferners
1713 1309 2401 1428 umd Gnad und Erbareid.
1799 1372 2615 1524 Abgelesen und bestätiget.
1640 1460 2860 1611 ictum in der obern Gefangen¬
1703 1566 2665 1725 schafft den 27. Octobris 1769.
2140 2082 2469 2213 rtheil
1852 2165 2344 2318 licum Rens.
1626 2309 2839 2497 die Schultheiss, Klein und große
1698 2417 2684 2549 Rähte der Stadt und Respublic Beren
1693 2490 2834 2608 Urbunden hiermit, demnach Wir heute
1701 2556 2752 2673 bey Erden verstammelt uns vortragen
1686 2632 2830 2746 laßen die verführte Criminal Procedur
1695 2684 2746 2822 und Vergicht, des alhier vor Gericht
1699 2757 2814 2888 gestelten Adam Arns von Beetigen,
1692 2830 2829 2968 Amts Friemerg, 21. Jahr Alters, seines
1701 2896 2759 3005 Handwerks ein Zimmergestell, daß wie
1689 2971 2805 3107 aus derselben höchst ausfällig erstehen
1692 3039 2833 3169 müßen, was maßen dieser Abelthäter
1702 3100 2842 3260 nach vollendeter seiner Lehrzeit, an ge¬
1690 3188 2809 3330 fangen mit schwehren diebstalen sich
1688 3251 2779 3401 zu vergehen, da Er an Orten wo Er
1690 3295 2827 3500 Gelegenheit gefunden, eingebrochen
1669 3383 2760 3545 S. 6. Reith aus den offenen Ställen
2641 3526 2775 3622 vered
