3024 4032
142 188 262 270 31.
149 769 292 925 frag
149 1449 314 1603 Antl.
131 2348 275 2476 frag
120 2574 279 2696 Act
122 2878 272 2984 fac
328 297 1443 483 Seucht gegeben. Es besinne sich aber
347 409 1437 568 nicht mehr, ob es an der Wienacht
340 498 1410 635 oder schon zuvor gewesen, da es
344 573 1434 752 draußen gemähet, es habe solches in
340 669 1312 821 lanteren Waßer eingenommen.
343 777 1424 936 Es möge alles seyn, wie es wolle
352 863 1452 1032 so erhält dennoch leiden daraus, daß
341 960 1439 1126 Es den Vorsatz gehabt, sein Kind¬
314 1059 1396 1194 zu verderben, weilen Er seine
319 1144 1430 1317 Schwängerschafft seinem Vatter und
328 1244 1432 1381 der halb Schwester, die es darum
313 1341 1133 1486 befraget, abgelaugnet.
343 1433 1448 1577 Er müße gestehen, daß der Sacher
338 1535 1426 1692 und die halb Schwester ihres darüber
320 1632 1441 1784 befraget, da der Vatter aber ihne
314 1718 1438 1865 gesagt, wann es schwänger seye,
341 1808 1407 1964 so wolle er ihres nicht nicht für
327 1915 1427 2067 sein kind halten, so habe ses ge¬
322 1997 1450 2132 dencket, es wolle dem Vatter nichts
310 2107 1423 2244 darvon sagen, und das Kind selbst
311 2198 624 2332 erzichen.
314 2298 1446 2485 Warum es dann der halb Schwester
329 2437 834 2588 nichts gesagt.
319 2517 1355 2691 Es habe beglaubt, es wäre das
314 2619 1422 2782 gleiche, als wann es solches dem
307 2731 856 2878 Vatter bekennte.
337 2809 1439 2996 Es ergebe sich aus seinen Antworte,
314 2920 1417 3098 daß es seine Schwängerschafft wohl
311 3020 1403 3156 gewust, indeme es sagen könne,
310 3115 1426 3245 daß es vonn Aprill wegg schwänger,
313 3177 1431 3360 folglich habe es auch wißen sollen,
308 3297 1360 3449 daß keine Gericht nahe seye
307 3336 1391 3569 und deßen ohngeacht, habe es so
1128 3503 1340 3614 wohl e
1516 901 1667 1016 Auct
1529 1290 1652 1449 tig.
1512 2204 1649 2345 Ants
1529 2525 1658 2657 fragen
2728 290 2845 406 35
1677 374 2786 562 wohl die Schwängerschafft abgelaugnet
1666 486 2786 648 ald die Genißt verschwiegen, dieses
1652 575 2758 697 alles zeige seinen bösen Vorstat an,
1657 665 2812 821 und daß es seines Kindes Leben nicht
1645 757 2297 903 zu redten gesuchet.
1698 876 2809 1021 Es betheure einmahl, daß es nie im
1648 964 2796 1113 Sind gehabt, sein kind zu verwahrlin
1660 1058 2768 1202 ven, sonder habe es verdingen, und
1668 1141 2164 1307 erziehen wollen.
1690 1246 2809 1407 Weren sein Vorsaz gewesen sein kind
1660 1358 2782 1499 beym Leben zu erhalten, so würde er
1665 1444 2763 1561 auf ein so starckes Bauchwehe, da
1661 1522 2787 1694 Es seine gericht nahe gewüst, nicht
1663 1617 2795 1772 auf die heimlichkeit gegangen seyn
1660 1714 2764 1866 um sein Kind also in Gefahr zu
1669 1812 2776 1968 sehen, daraus erhabe wiederum, daß
1670 1901 2774 2027 er gesucht sein kind zu verderben
1663 1976 2764 2128 und also eine treulose Muter zu
1660 2109 1965 2224 werden.
1688 2202 2739 2337 Es seye einmahl einet in dieser
1667 2294 2812 2455 Absicht auf das heimlich Genach ge¬
1666 2419 1979 2547 ggangen.
1695 2480 2802 2648 da es ein ersten Examen ausgesagt
1670 2564 2812 2744 es habe nicht Zeit gehabt, ein Gulf zu
1670 2670 2780 2847 reißen, jezund aber vorgeben, es seye
1657 2762 2790 2934 bey einer halben Stuck auf dem heim¬
1653 2846 2800 3039 rlichen Bernach verblieben, so habe es
1659 2935 2767 3118 folglich ein hulf rüffen können, und
1662 3041 2758 3235 Vo da mehr, es bey allen seinen
1649 3120 2770 3307 Kräfften verblieben. Wir diesem
1663 3215 2809 3421 ergebe sich abermahl seinen gehabten
1669 3308 2818 3526 absichenlichen Vorstag das Kind zu ver¬
1662 3471 2070 3612 wahrlosen.
2471 3434 2697 3588 Ants etc.
2786 1104 2836 1220 2.
