3024 4032
216 170 285 293 8.
415 327 1513 486 weniger einen Schwangenschafft im Sen¬
409 416 1469 574 dacht haben können, als es keinen
391 503 1484 648 großen Bauch gezeiget, allezeit gute
391 580 1506 725 farb gehabt, gestend ausgesehen, bis
399 671 1501 839 auf heutigen Tag, und alle Schristen
400 755 1481 890 geeßen. Sie verhoffen dahero
400 844 1486 982 daß aus diesen Grunden die um¬
383 949 1500 1090 eligenden Häuser gleichwie das ihrigen
371 1024 1507 1177 auch viditirt werden. Zu deme ver¬
367 1135 1508 1286 sicherte der Junckhern Obrist, daß er
385 1226 1483 1378 selbst am sonstag den 23ten hornung
366 1309 1520 1481 deß Abends um 8. Ihr den Ehr Graben
373 1410 1492 1564 im Insul Gäßli abgedecket gefun¬
379 1494 1483 1670 den, darin ein Liecht gehangen, und
367 1595 1488 1757 Arbeiter gewesen, und glaubte daher,
375 1683 1505 1851 es wäre möglich, daß das Kind von
369 1794 1498 1949 güten den Ehe Graben hinauf könte
363 1906 1165 2018 getragen worden seyn,
369 1990 1474 2107 die Frau Oberstin dan̄ fügte bey.
332 2078 1489 2250 Das Martyls seye auch Schienach der Tag
365 2169 1477 2318 in das Lohn zu seinem Vatten ge¬
353 2264 1495 2435 gangen, daselbst es nach dem Tagen
362 2339 1486 2494 der Lehenmann und der Untermags¬
352 2459 1445 2591 allda eine hefftige Colie bekommen.
350 2515 1450 2693 darauf eine starcke Perte von Blut
355 2642 1473 2826 gefolget, so daß es deßtwegen ein
335 2733 1433 2913 haar Tag draußen verbleiben
349 2867 658 2974 müßen.
340 2932 1458 3078 Am Zinstag den 28. hornungs dan̄
332 3037 1457 3233 habe es hier in der Stadt durch durch
333 3158 1426 3309 wehe geklagt. Sie habe ihm ein
345 3234 1480 3428 wenig Muter Waßer gegeben, und
341 3333 1448 3526 wie den Hr Doctor Herzog zu ihrer
1148 3459 1410 3584 damahl
1653 971 1708 1078 6
1657 1517 1711 1599 7.
1745 367 2895 549 damahl brancken Tochter in das Haus
1740 495 2926 644 gekommen, habe er ihm Camillen Ihre ver¬
1753 573 2921 682 eordnet, davon es getrauben, und habe
1745 646 2901 781 bis auf den Abend wieder gant mit
1743 729 2902 876 ihme gebeßeret, so daß es seinen
2511 862 2562 924 1
1749 827 2515 978 Dienst verrichten können.
1741 923 2839 1108 Jungfer Hancke scharner 14.
1727 1049 2881 1182 Jahren Alters Zeuget. Das Mareglich
1731 1126 2880 1270 habe letzten Sommer zu ehr gesaget, es
1735 1205 2889 1346 habe Milch in den Grüsters schon seit
1744 1291 2897 1433 anderthalb Jahren, es wiße nicht, woher
1721 1387 2092 1498 das komme.
1738 1482 2899 1624 Panchelte Collier von Concelles 24. Jahren
1732 1570 2717 1722 altens, die Kammerrungs sagt und
1701 1667 2863 1834 Sie seye erst seit lezter Liechtmaß bey
1730 1780 2869 1926 Frau Oberstin Scharner in diensten, und
1731 1857 2854 1998 konne bey ihrem gewißen bezeugen.
1731 1922 2873 2097 daß Sie am dem Mareyll nicht das¬
1732 2027 2878 2174 geringste von einer Schwängerschaffts ge¬
1737 2105 2850 2262 wahret, Sie schloßenen gleichen Stücken,
1725 2206 2875 2357 habe es obs im hembd stehen gesehen, und
1722 2299 2884 2439 seit paar Tagen seyen sie beyeinwender
1727 2374 2872 2543 gelegen, es seye auch meistens zuerst
1733 2463 2881 2618 ie das Bett gegangen, habe nicht geach¬
1732 2564 2863 2721 itet, daß es in der Nacht aufgestan¬
1736 2663 2869 2811 den und hindus gegangen, noch daß es
1726 2750 2853 2914 einen verdächtigen schlim̅en Wandel
1725 2845 2861 2992 gehabt, oder mit Mans Gilderen Ge¬
1732 2946 2858 3093 kan̄tschafft gesucht, es seye allezeit
1725 3037 2809 3185 gesund gewesen biß an Zinstag 8
1724 3127 2848 3267 Tag, da er über auch wehe geklaget
1725 3216 2869 3374 Es habe Camillen Thee getruncken, und
1732 3321 2863 3473 seye alsobald wieder beßer worden.
2620 3438 2717 3582 zu
