3024 4032
153 157 261 250 82.
848 150 1372 343 D Adam
589 325 1203 477 Schreiben.
333 379 1445 650 von Meine gnädige Herren Landvogt zu klangen.
871 573 982 623 an
317 608 1440 816 Meinen Gnädigen Herrn
338 752 1419 960 Schulthes Gott volgeb.
354 918 1334 1101 Hochwohlgebohrner.
707 1050 1429 1250 Gnädiger Herr
247 1256 1421 1428 Geüter Morgens sache burde nur
258 1356 1432 1536 gefänglich zugebracht, Adam Ann
319 1455 1442 1622 von Gütigen Undt Friedrich pergebelher
330 1561 1440 1710 unterm 6. diß Monats von Mag.
327 1630 1434 1785 wegen einem begangenen Pferdt diebstahl
315 1731 1415 1876 für ewig aus der ganzen Eydgnoßschafft
331 1803 1377 1950 verwiesen worden; dieser elende
326 1908 1370 2041 noch sehr jeman Mensch, hat sich aber
328 1984 1401 2106 leider dieser Straffe nicht nur nicht
307 2059 1393 2206 unterzogen, sondern so gar sich das
303 2149 1413 2278 angenommenen Stählens auf ein frisches
307 2228 1390 2366 in Meine gnädigen Herren Landen unterfangen,
303 2300 1411 2454 maßen er samstags den 9ten dieses zu
303 2394 1388 2541 Artenen ein paar c. d. Stieren, welche
306 2480 1412 2620 dem Müller alda zuständig gewesen.
298 2547 1407 2702 entwendet, solche gleichen Tags auf
310 2627 1415 2787 den Märit nach Sollothurn geführt, und
303 2724 1395 2848 daselbsten dem Klaus Walber von
298 2786 1397 2960 Welch um 14ten neue duplonen und
286 2898 910 3032 22. bz. verkaufft hat.
257 2962 1371 3165 jenne hat er dem Hans und, wirt zu
297 3098 1370 3249 leußligen in der Nacht vom 12. hujus
287 3183 1382 3326 eine c. v. Kalbeten gestolen, die aber
277 3243 1388 3406 zu Langenthal noch angetroffen und dem
282 3327 1373 3505 Eigen kummer wieder zugestelt worden.
294 3397 1409 3530 Wie Eyer Gnaden dieses nebst mehrer
1177 3464 1408 3597 Umstande
2793 153 2918 264 83.
1620 276 1915 398 dM.
1628 317 2793 515 Umständen aus denen beyliegenden
1681 390 2890 568 Depositionen und der Verhör mit dem Adam
1662 446 2894 611 Arn /: worin Er beyd obige diebstähl eingestan¬
1671 542 2609 712 den) zu erstehen geruhen werden.
1632 640 2871 832 Da nun der Diebstahl der vorgen Stieren
1666 730 2879 875 in Einer Gnaden Herrschafft begangen worden,
1653 797 2849 965 So habe diesen Criminalen Hoch Denen
1645 885 2878 1042 ſelben gewahrsamlich zuzustenden mich schul¬
1677 968 2822 1132 dig beglaubt, der ich anbey die Ehre habe,
1683 1022 2878 1155 mit allem Respect und Hochachtung zu seyn.
1681 1155 2440 1322 Hochwohlgebohrner
2033 1254 2814 1451 Gnädiger Herr
2158 1403 2222 1505 9
2062 1414 2520 1581 Veroselberg
1535 1457 1891 1586 Schloß Wangen
2067 1510 2832 1671 Gehorsamster Diener
1547 1548 1949 1676 Den 11. decembris 169.
1991 1605 2789 1748 digen Albrecht frisching.
1501 1756 1634 1912 Ad.
1687 1768 2865 1939 den Augenblik als obbedeüten dieb verschi¬
1665 1891 2885 2024 ken wolte, ist mir das einliegende Schreiben
1672 1970 2842 2082 von Hochl. Stand Sollothurn, nebst denen
1674 2034 2837 2180 angeschloßenen Depositionen durch einen
1659 2108 2858 2235 Lauffer expresse überbracht worden, welc
1671 2194 2873 2341 ches nun auch hier beyzulegen die Ehre habe.
2098 2355 2550 2513 deposition.
1649 2430 2848 2617 Claus Baltens von Belch, wohnhafft
1659 2547 2670 2698 im Schöngrien, Sollothurner Gebiets.
1892 2641 1960 2737 2
1578 2655 2813 2861 Hanchtags den 9. diß monats stege es
1653 2791 2883 2916 gewesen, daß Er zu Sollothurn auf dem Märit¬
1660 2856 2862 3004 den Adam Arn von Gütigen mit einem paar
1663 2902 2861 3101 Stieren angetroffen, demme Er diese Stieren
1659 3008 2845 3191 um wanene duplonen und 22 abge¬
1664 3066 2805 3267 kaufft und des Nachmitags ihme solche
1658 3181 2864 3359 ausbezalt habe, Am Montag den 15. diso
1657 3239 2875 3426 seye wiederfahren, daß diese zwey Stieren
1652 3324 2825 3528 von Artenen aus, als gestohen Gut zurück¬
1641 3394 2875 3620 gefordert worden, und weilen das Eigenthum
2678 3574 2877 3701 derselbe
