3024 4032
150 353 261 441 315.
544 330 609 380 les
455 329 1088 512 2 Examen.
303 475 1304 618 Mit Catharina Daber gebohren,
303 590 1324 732 An̄o 1712. Johan̄es Schmieds von Bernegg
301 660 884 772 hinterlaßenes Erleib.
281 721 1280 872 Verführt durch den Wohlgebohrnen.
303 818 1335 968 MühgH. alt Bauherr Hellenberg.
292 894 1318 1020 als wohlverordneten Herrn Ober Exa¬
291 966 1289 1121 minatorii, mit Zuziehung Meine gnädige Herren
281 1040 1219 1193 Großweibel und Grichtschreibens.
313 1132 1298 1282 Nachdemme derselben ernstlich vorge¬
264 1213 1260 1351 stelt worden, wie daß eine Hohe
272 1306 1276 1430 Oberkeit an ihrer bisherigen Verant¬
278 1387 1302 1512 wortung sich nicht nur nicht benügen
270 1464 1293 1610 wollen, sonder anbefohlen, ernstlicher
267 1545 1285 1671 an sie zu stehen, um sie zur wahren
279 1620 1310 1718 Bekantnuß, ihres würklich an dem Tag
272 1693 1228 1818 liegenden Verbrechens zu bringen,
1245 1698 1277 1749 .
265 1760 1302 1871 würde sie zugleich ernst meinen ermahnt,
269 1831 1298 1954 in ihrem Ablaugnen nicht fortzufahren,
262 1903 1314 2005 sonder freymühtig zu beken̄en, damit
273 1975 1159 2096 sie einiche Gnad zu hoffen haben.
155 2040 239 2171 fr.
283 2038 1349 2183 zu welcher Zeit es in der Münzgebesten
91 2132 1365 2262 Antwedere diesen kommer vor und nach Jakobs,
261 2218 1259 2339 Tag etwelche mal zu dem Meckle
1148 2286 1245 2373 53.
276 2296 1156 2420 der Magd daselbst gegangen.
287 2371 1287 2501 Sochs ihm nachfragen laßen, oder von
170 2396 256 2486 fr:
286 2445 888 2546 selbst dahin gegangen?
533 2517 610 2586 aff
295 2496 1335 2656 mötgH. von Wattenwyl, Magd, habe ihne
94 2522 248 2620 Autho
275 2605 1362 2719 auf der Gaßen angeredt und geheißen
68 2671 1364 2808 zu der Magin die Münz gehen, welches ihm befohlen
281 2749 1289 2870 wann Er sie siehe, sie in die Müntz zu
608 2805 1330 2951 Es seye mit dieser Magd
286 2834 513 2917 weisen.
533 2827 610 2915 .
285 2887 1316 3020 auf der Stell gegen die Stück zuge¬
276 2948 1322 3090 gangen, wo dieselbe angeklopfet, da
286 3038 1355 3154 dann das Madle hinab gekommen, deme
282 3109 1357 3233 die andere Magd ihns vorgestelt, welches
285 3171 1348 3307 darauf ihns ersucht, am folgenden Sontag
281 3231 1330 3359 zu ihme zu kommen, um dassen zu
296 3321 1344 3438 brouilliren. Seÿe am Sontag am Morgen
291 3402 1201 3532 vor der Predigst dahin gegangen
1170 3463 1327 3580 habe
1522 2016 1582 2112 fr.
1468 2160 1613 2295 Aut
2602 247 2738 334 246.
1971 271 2370 429 Haber
1584 389 2735 542 habe angeklopfet, da die Magd hinunter gekommen
1586 474 2726 593 und ins 3. Stegen hinauf in seine Kammer geführt,
1584 561 2687 644 wo er ihns eine kurze Zeit verlaßen, in deßen
1580 599 2450 718 habe er in dem Testament gelesen.
1577 667 2663 792 Aldieweil es in die Predigt geleutet, seye
1594 729 2705 859 des Junker von Diesbachs Magd, ein baursches
1587 795 2732 917 junges Mensch auch in diese Kammer gekommen
1593 866 2660 989 und gleich darauf seye noch eine andere
1581 930 2732 1064 Magd läße nicht, wo sie diene, angelanget.
1628 1018 2675 1143 Als Sie alle vier daselbst bey samen
1596 1097 2735 1225 wären, haben sie mit einander Caffe getrun¬
1594 1173 2713 1295 ken, und darnach habe Er auf Begehren des
1593 1244 2662 1368 Madle Häusers aus den Jahren gesaget,
1600 1315 2736 1448 welche verlanget zu wißen, ob sie heurathen
1603 1396 2737 1513 und erben werden. Welches es ihnen aus den
1586 1463 1994 1580 Tassen bezahet.
1599 1554 2705 1685 darnach habe die andere Magd, auch ungefehr
1599 1635 2716 1759 das gleiche zu wißen begehrt, ob Er henrathen
1597 1701 2702 1820 und Glük haben werde, dem Er auch nach
1599 1778 2756 1905 seinem Wille aus den Tachsen geantwortet.
1644 1857 2740 2001 Und das 3ten habe auch ein gleiches zu wißen
1599 1926 2715 2076 begehrt, dem es auch nach Wunsch geredet.
1624 2016 2685 2159 Wann er das Zweytemal in der Müntz
1603 2096 1885 2205 gewesen.
1635 2165 2742 2317 die Magd habe ihndet welche Wochen hernach
1612 2258 2747 2388 am Morgen auf dem Weibermarit beym
1583 2331 2713 2443 halten herum angetroffen, habe ihns von
1611 2392 2749 2556 da heimgeführt, da Er ihm heimder zum Ver¬
1611 2475 2773 2600 beßern gegeben. Ein Heind und ein indierien
1590 2541 2751 2683 furtuch habe Er gleichen Morgen in seiner
1611 2609 2764 2754 Stuben in der Müntz ausgebeßert, darfür
1608 2706 2768 2845 Er ihm 6. C. bezalt, und 2. Heider habe
1612 2773 2745 2925 Er mit sich weggetragen, die Everst bey
1611 2836 2715 2990 3. Wochen hernach zurückgebracht, weilen
1620 2934 2683 3069 Kindeßen zu Cortaillos bey der Frau
1618 2996 2698 3145 Cabrell gewesen. Als Er von dorten
1632 3101 2722 3225 alher kommen, seye es unterwegs bey dem
1625 3158 2696 3274 Stadler im Forst übernachter, Wols die
1634 3230 2725 3355 bemelten K. Heinder verbeßert, die Er
1636 3285 2766 3439 am Tag hernach alhier dem Madle, welches
1623 3350 2742 3501 vor der Muntz gesponnen in dem Hausgang
2488 3456 2761 3577 zugestell
