3024 4032
136 142 249 219 114.
423 272 1419 504 und Weiden entführt, darüber Er
423 362 1462 580 gefänglich eingezogen, und letzt abgelegen
412 438 1450 627 nen Herbstmonat in Getrachtung seinen
410 512 1453 699 Jugend zu gnädiger Gestraffung mit
408 591 1453 768 Ruthen gestrichen, auch aus der gestanden
417 665 1443 829 Lobl. Eydgnoßschafft verwiesen worden,
499 759 1426 896 daran Er sich aber leider keines
412 822 1422 959 wegs gebeßert, sonder so bald erunter
409 892 1414 1028 der Straffruthe weg gekommen, und
397 943 1379 1099 fort geführt worden. Er nicht nur
404 1045 1413 1177 unsere Botmäßigkeit frecher Weiste
391 1113 1418 1253 wieder betreten, sondern sager
397 1196 1393 1340 in die gleichen groben Verbrechen
394 1267 1421 1412 wieder verfallen. Indeme Er am
393 1335 1368 1464 freytag den 8ten herbstmonat, des
382 1407 1418 1533 Morgens fruhe zu Jegenstorf in ein
381 1498 1405 1609 Haus geschlichen, daselbst aus einer
386 1548 1403 1680 Stuben und verschloßenen Schafft
376 1631 1413 1761 Kleider entwendet, und mit einem
383 1704 1389 1840 Theil derselben sich auf Sollothurn
379 1774 1391 1911 geflüchtet. In der folgenden Nacht
379 1855 1353 1960 dann er wieder das Land hinauf
1352 1901 1400 1954 .
377 1919 1373 2047 gekommen, und zwischen Urthenen
376 1987 1374 2111 und Gegenstorf ein paar Stieren
379 2061 1375 2185 ab einer Weid entwendet, die Er
370 2129 1377 2259 Tags hernach zu Sollothurn um 140
367 2216 1389 2307 nene dublonen und 12 neuen
359 2275 1398 2432 Thaler verkaufft. Auch am Montag
376 2366 1424 2480 darauf in der Nacht, zu Leüßligen,
372 2446 1377 2575 dem dortigen wirth aus dem C. 3.
360 2516 1411 2642 Stall eine Kalberen weggenommen,
381 2581 1448 2708 und selbige zu Langenschal und 214. 2. 33
364 2660 1425 2808 verhandlet. Also Er gefänglich ange¬
351 2739 1407 2871 halten, und in hiesige Standen ge¬
362 2819 855 2935 bracht worden.
367 2860 1420 2999 danin dieser dende Mensch deßen
369 2917 1427 3093 alleßen geständig worden, und durch
367 2984 1405 3157 diese wiederholte nahmhaffte diebstähl
357 3079 1405 3229 kein unterbeßerliches Herz, und seine
355 3125 1415 3313 boshaffte gefährliche Reigungen sich stat¬
356 3280 818 3385 sam erzeigen.
359 3274 1409 3457 Als haben wir, denen die gemeine
348 3333 1411 3531 Sicherheit zu schüzen, und auch mit den
1317 3447 1422 3532 ho
345 3394 1406 3600 Schwerdt der Gerechtigkeit hand zu haben,
2714 273 2815 334 115.
1746 364 2820 498 von dem Allerhöchsten Regenten
1750 455 2188 546 untertrauet ist
1773 512 2742 653 zu Recht erkent und Gesprochen.
1646 657 2784 805 Es solle dieser unglükstelige Adam Arn¬
1657 740 2724 860 de als ein unverbeßerlicher dieb, nach
1723 810 2760 920 Empfelung seiner armen Seele, in die
1726 873 2793 992 Erbarie ihres Erlösters, zu wohlverdienter
1737 947 2764 1049 Straffe und andern Bösen zum Abschen¬
1732 999 2792 1094 und Schreken, dem Scharfrichter übergeben,
1732 1068 2782 1187 von demselben gebunden miten ausnach
1737 1136 2770 1274 dem Hochgericht geführt, und mit dem
1726 1209 2770 1328 Strang vom Leben zum Tod hingerich¬
1719 1285 2785 1392 tet werden. Alda Er den gantzen künffti¬
1729 1366 2811 1462 gen Jahrmarkt hindurch gangen verbleiben
1731 1418 2749 1564 und nachwerts an das verschmachte Ort
1715 1500 2740 1640 verscharret werden sein Gut dann
1728 1570 2746 1708 unserm Fisco zu erken̄t seyn solle.
1764 1661 2803 1785 Geben in Unserer Gressen Raths
1719 1743 2799 1859 Versamlung den 20ten Wintermonats
1707 1842 1921 1983 1769.
