3024 4032
72 194 202 309 227.
87 738 248 892 2
679 239 1047 394 Parser
276 325 1338 513 verblieben, So daß sie für den Bart
250 420 1339 581 zu haben, das Schloß abbrechen müßen.
283 493 1315 652 Worauf die Schmiedin weg gegangen,
248 549 1279 755 und den Schlußel und Bart mit sich
249 661 578 761 genommen.
243 732 1249 915 Ain Sontag darauf am Morgen
227 832 1341 984 Pruhe, seye die Schmiedin abermal
241 902 1335 1075 zu ihm gekommen, und habe den Passe,
233 1014 1261 1134 partout, den sie in deßen habe
261 1072 1272 1234 loten laßen, mitgebracht. Wie
267 1159 1228 1283 auch der Frau Predigkantin
1239 1231 1280 1282 .
247 1233 1310 1383 deli Bureau Schlüßel, welche sie
261 1301 1289 1469 unter dem falschen Vorgeben von
256 1377 1274 1529 derselben empfangen, darmit
233 1466 1335 1610 zu probiren ihre Cassete oder Schafft
249 1548 1342 1695 zu eröfnen, wozu Sie den Schlüßel
249 1620 607 1730 verlohren.
241 1711 1244 1864 Wahrend der Predigt seyen sie
244 1791 1330 1947 in der H. Jenners Stuben gegangen,
256 1869 1347 2012 wo die Schmiedin den Passe partent
262 1955 1307 2092 an dem untern Bureau Schäfftli¬
245 2036 1248 2164 probirt. Habe aber darmit nicht
262 2112 1278 2226 aufthun können, sondern der Bart
260 2190 1247 2321 seye in dem Schloß abgebrachen
256 2279 1020 2371 und darin verblieben.
257 2324 1348 2487 Sie habe auch der Frau dibi Schlüßel
263 2423 1265 2564 gebrauchen - Es habe solches aber
262 2510 1205 2653 nicht geschehen laßen wollen.
255 2601 1240 2731 Ausforcht es möchten selbige
270 2668 1323 2791 auch abbrechen, oder daran Steten
259 2751 1329 2850 bleiben. Seÿe darmit unverrichteter
272 2825 1245 2966 Sach und seinen diebstahl zu
276 2914 1323 3040 begehen, von einander gegangen.
140 2985 1369 3159 Auf Befragen. Ob Er den Passepartout
285 3072 1346 3204 und Bartkeute, wenn er ihm vorgelegt
276 3148 1313 3281 würde? hat Er, alsobald gesagt, ja
263 3229 1252 3362 freyliche Er seye nur ein kleiner
281 3305 1333 3439 Schlüßel, und der Bart gleiche einem
285 3406 526 3514 Hafftli¬
1139 3422 1274 3525 als
2174 282 2274 364 .
2627 320 2722 408 228.
2015 299 2365 463 Accuses.
1656 381 2745 538 Als ihm hierauf der Schlüßel und der Bart
1651 470 2643 585 absonderlich vorgewiesen worden, hat es
1641 535 2742 628 beydes ohne es zu berühren, auf den ersten
1639 584 2733 698 Anblik für den nemlichen Schlüßel und Bart
1629 637 2729 756 zu seyn erkent, und beygefügt. Die Schmie¬
1641 715 2702 833 din habe ihm gesagt, sie habe den Start,
1629 777 2727 916 nachdem solcher das erstemal abgebrochen,
1620 839 2647 987 hier in der Stadt, wiße nicht bey wei¬
1624 912 2253 1027 wieder anlöten laßen.
1615 972 2736 1131 Nach diesem fahrte Er in seiner Erzelung
1624 1054 2302 1189 folgender maßen fort¬
1516 1159 2720 1320 S. Freytags darauf etwan um halb Uhr¬
1525 1263 2735 1390 d stege die Schmieden zu dem Hand gekommen,
1618 1348 2686 1476 ihm zu sagen, sie habe zu Maleberg
1621 1421 2701 1542 in ein Glaschauen laßen, Es solle
1594 1495 2630 1631 sich nicht forchten, der Herr Jenner
1609 1570 2719 1714 werde das Bureau nichts destobeniger
1611 1650 2684 1795 aufthun können, wann schon der Bart
1614 1734 2693 1845 im Schloß verblieben. Domalen
1604 1808 2703 1952 habe sich auch von ihm begehrt, daß Er
1620 1875 2699 2023 seine Nägel an Hans und Füßen
1609 1953 2709 2105 wie auch von seinem Haar abhanen,
1603 2049 2715 2165 und ihr geben solle. Es werde zu seiner
1610 2102 2223 2234 Gestundheit dienen.
1648 2183 2673 2347 das habe es ihres auch zugestelt
1500 2264 2598 2442 9. Sie habe ihm darauf ein Stünteli¬
1606 2400 2689 2518 übergeben, welches Es in den lieben
1596 2453 2694 2605 Sak einnahen solle; damit ihns niemand
1604 2542 2633 2671 bey der Frau verleiden könne, und
1592 2626 2272 2750 ihme nichts auskomme.
1614 2680 2672 2840 habe ihm auch Mitel geben wollen,
1591 2767 2697 2925 sein Kind abzutreiben, so noch in der
1603 2830 2708 3001 rechten Zeit seye, weilen Es mit diesem
1567 2909 2707 3039 Ketl unglükhafftig seye, und sie in der
1589 2996 2609 3126 Gasse gestehen, daß Er mit einem
1596 3086 2593 3221 andern glükhafftiger seyn werde.
1596 3158 2616 3293 habe ihm in dem End kurtz vor dem
1597 3222 2629 3341 Geld diebstahl, Mitel und Kranter
1590 3290 2613 3441 gegeben, so Er aber nicht gebrauchet.
2549 3397 2674 3499 Solle
