3024 4032
152 354 283 434 405.
618 346 1096 445 E
334 409 1280 563 Ob Er das Kind allezeit daligen laßen.
232 433 316 533 Er.
205 516 446 599 Antlo. Ja
211 528 1403 682 Fr Woher es dann komme, daß Er solches am
298 628 1428 749 Sontag stachts hinder dem Haubtküste hervor¬
304 697 566 795 genommen?
177 764 296 865 Auto
328 746 1421 870 Nachdeme die Muter aus Grund, weilen
304 830 1368 940 erkstark rieche, ihm sein Zeug geforderet,
280 902 1352 1023 habe Er solches aus dem Schäftlicher vor
283 999 1388 1084 genommen, und zu erst neben das Haubt¬
299 1045 1398 1152 büße geleget. Auf Befragen von Seiten
299 1104 1397 1226 der Muter, ob etwas anders seye, habe Er
274 1169 1447 1299 gesaget, ja, da dann die Muter weggegangen,
291 1244 1385 1363 und bald darauf wieder gekommen, solches zu
272 1313 454 1400 holen.
207 1347 1373 1486 Er. Er rede jetzt, gantz anders, als in seinem
298 1436 1348 1560 ersten Examen, da Er gesaget, so bald Er
294 1520 1355 1611 wieder zu sich selbst gekommen, habe Er
298 1565 1363 1686 das Kind in seine Roche gelikelt, und
279 1643 985 1747 zu den füßen geleget.
185 1694 1388 1821 Antl: Es habe solches zuerst in ein in dienener
878 1768 991 1830 also
297 1769 1323 1891 Röchli eingelickelt, und zu den füßen
286 1831 1391 1958 geleget, wo Er geblieben bis am Abend, da Er
285 1909 1403 2027 solches in den Waad stat eingewikelt und in
289 1979 791 2085 den Schaft gethan.
198 2032 1369 2179 Fr. Wann Er das Kind in das Goehl. gethan.
180 2134 1198 2234 Antl: Erst gegen drer ehr Nachmitags
183 2197 1431 2319 Er: Ob er nicht das Kurd, alsobald in das Kloetzen un
276 2279 1294 2394 gelükelt, als Er zu sich selbst gekommen.
157 2340 1348 2482 Antl. Es betheure, daß Er solches erst Nachmitag
283 2431 1400 2552 und 3. Uhr gethan, weilen Er wegen Schlauchheit
287 2493 1385 2628 äußert Stand gewesen solches eher zu verrichten.
298 2576 1408 2675 Warund Er dann das vordere mal ein anderes
166 2556 265 2678 Fr.
271 2641 1360 2762 geredet, und gesagt, sobald Es wieder zu
1338 2734 1373 2780 .
262 2706 1339 2824 Sinnen gekommen, habe Er aus Angst das¬
255 2776 1367 2905 Kind in das Köchli eingelikelt, und zu den
246 2850 705 2947 füßen geleget.
158 2912 1365 3047 Antho, Seye bis Sachen tag niemal recht bey Sinnen
271 3005 508 3097 gewesen.
282 3051 1359 3181 Weilen Es sein Kind schon am Morgen
166 3075 250 3164 fr.
278 3130 1370 3236 verspührt, so seyn aller Anschein, Es habe
253 3196 1343 3300 solches alsobald in die Cochs eingelitelt.
277 3290 1387 3385 Es seye damal gar nicht im Stand gewesen,
141 3271 277 3396 andte
285 3345 721 3454 lich zu bewegen.
178 3381 1350 3529 Ew. Warum Er, da Er sein Kind, das erstemal
261 3469 1402 3608 gespühret, solches nicht alsobald geoffenbahret,
273 3551 903 3662 und und Hulf geruffen.
1179 3592 1345 3709 Aubl.
1497 3494 1565 3577 Dr.
2687 367 2823 456 105
1882 320 2341 472 E Ahler
1664 433 2562 543 Es habe er aus foricht nicht sagen dörfen.
1527 463 1656 558 Aufbe¬
1551 490 2495 627 fr. Und was Grund Er sich gefürchtet.
1551 554 2781 680 Auth. Weil Er anführet, daß das Kind vnd gewesen, wann
1643 616 2775 730 esgelebet häte, so würde Er solches geoffenbaret
1649 686 1818 778 haben.
1561 694 2598 881 Fr. Warum Es solches hernach nicht gestant
1678 787 2783 940 Seye auff forcht geschechen, und habe sich geschä¬
1533 828 1653 911 Antl
1648 877 1754 950 unt
1654 905 2719 1033 Was es im binn gehabt, mit dem Todten Kind
1527 936 1619 1040 Er
1635 972 2770 1085 vorzunemmen, weilen Er solches vom Mitwochen
1632 1032 2714 1162 Morgen bis am Sontag Abends verschwiegen.
1649 1098 2759 1239 Es habe nie den Vorsatz gehabt, es aus der Instul
1522 1124 1639 1232 Antb.
1637 1183 2620 1302 zu tragen, und habe es ine sagen dörfen.
1648 1223 2814 1390 Brauße doch im Sinn gehabt haben, es wegzutragen
1530 1256 1624 1369 Fr.
1642 1316 2533 1439 Sobald es solches nicht geoffenbaret.
1516 1394 2759 1506 Antl. Es bezeuge noch mal, daß Er nie im Sinn gehabt,
1638 1479 2741 1574 das Kind wegzutragen, häte gebünschet, daß
1618 1528 2759 1663 es jemand wurde entdeket haben, weilen es sol¬
1619 1593 2348 1706 cher niemand tagen dörfen.
1511 1676 1618 1775 Fr.
1635 1653 2758 1809 Ob Er nicht am Montag als Tags hernach habe
1621 1743 2381 1842 aus der Custul gehen wollen.
1502 1808 1627 1905 Antl
1635 1812 2794 1954 Ja seye wahr, habe es dem H. Doctor gesagt.
1513 1893 1601 1986 Fr.
1638 1878 2762 2000 Was es dann mit dem Kind vornemmen wollen,
1617 1958 2701 2083 wann Er aus der Insul gegangen wäre?
1507 2018 1640 2119 Antl.
1648 2024 2724 2160 Es betheure, daß Er sich darüber nicht ent¬
1611 2096 2048 2205 schloßen gehabt.
1526 2152 2735 2297 fr. Die sach lige klar am Tag, daß Er in Sund
1594 2256 2727 2362 gehabt, das Kind mit sich aus der Insul zu
1595 2327 2736 2446 tragen, damit es verborgen bleibe, solle er
1600 2387 2101 2493 nur rund beken̄en.
1509 2451 1627 2562 Antbe
1623 2455 2498 2605 Er habe hierüber nichts gedenket.
1533 2543 2769 2688 Fr. Was Er dann gemacht häte, wenn Er am Montag
1593 2605 2288 2744 aus der Instul gegangen.
1509 2686 2562 2833 Antl. Es hätte das Kind müßen mit nemmen.
1513 2776 2736 2932 Frehiemit müße Er den Vorstat gefaßet haben,
1567 2845 2221 2977 das Kind weg zu tragen.
1522 2909 2134 3048 Antl. Ja, das seyn wahr.
1495 2979 2750 3144 Fr. Warum Er der Muter nicht alsobald die Warheit
1582 3074 2745 3215 gesagt, sonder vorgegeben Es habe eine fausse¬
1576 3146 2012 3266 Coucto gemacht.
1518 3207 2691 3350 Anth. Er möge sich nicht erinneren der Muter¬
1570 3295 2690 3428 gesagt zu haben, daß Er eine fausse Couche
1574 3362 2740 3508 gemacht, solches müste in der Angst geschehen
1583 3435 1743 3542 seyn.
1590 3489 2725 3630 b Er also gewürt habe, daß keine fausse louche
1585 3579 1952 3691 vorgegangen.
2615 3593 2775 3698 Hubloc
