3024 4032
171 154 263 230 88.
278 266 373 417 .
589 181 1101 318 Adam
374 262 1445 480 solcher gleichheit, daß sie von einander nicht
611 360 649 406 2
372 359 1452 542 wohl zu unterscheiden. Wie nun derselben
366 423 1444 614 Meister deren Verlurst bemerket, so habe
344 500 1409 671 Es seinen Knecht nachgeschiket, welcher
346 590 1409 733 gestrigen Tags den 10. hujus von dem
360 650 1454 811 Wirth zu Peterkinden vernommen, daß
355 738 1466 905 ein gleiches paar, wie der Knecht daß all
361 818 1425 987 beschrieben, auf den Markt zu Sollothurn
347 890 1455 1043 geführt worden, also Er selbe beym Aller
339 982 1470 1135 Rütern gestehen. Diesem erhaltenen Bericht
339 1055 1432 1193 zu folg, seye Außaag mit seines Vater
333 1144 1438 1291 Niklaus Kinchels Sohn heutigen Tag auf¬
327 1215 1403 1340 Sollothern ankommen, also sie bey der
339 1290 1459 1445 alten daren Bruk den Hausknechst bey¬
339 1366 1397 1508 thurn, Joseph mit Namen angetroffen,
343 1464 1418 1601 und auf die an ihne gestelte Fragen, ver¬
342 1553 1439 1683 nommen, daß seine Frau ein gleich beschrie¬
339 1621 1455 1755 benes paar Stieren auf letst in zwar gehalten
334 1695 1415 1828 tenem Jahrmarkt von Klaus Galber
330 1800 1439 1910 dem Lehenman̄ auf Frau Stadthaubt¬
327 1874 1403 2005 mani Sury Hoof auf dem Schangene
319 1965 1436 2107 aberhandlet habe; Weßetwegen Außar
316 2044 1424 2187 mit des Riklaus Krichels Sohn nachte
311 2136 1423 2256 Bellach in der Frau Vogelsang Hoch
313 2229 1436 2356 sich begeben, und daselbsten im Stall
324 2300 1430 2436 das gesuchte paar Stieren gefunden.
305 2392 513 2491 endet.
277 2426 1431 2608 Herr Stadt Lieutenant das
321 2525 1427 2683 berichtete nahmens seiner Frau Tochter
322 2621 1443 2767 wie daß Herr Außaag selbsten quitions
302 2699 1442 2838 C. V. paar Stieren an letstem allhiesigen
300 2766 1438 2936 Jahrmarkt für keine Frau Tochter von
290 2844 1411 2998 Klaus Walber dem Lehenman̄ auf
278 2922 1406 3095 Frau Stadt Haubtmann Sury hatt auf
305 3001 1409 3169 dem Schöngern für 18. neue Louisdor
315 3100 1295 3274 und drey neue Thaler aberkaufft.
289 3158 1407 3347 Dieses C. D. Paar Stieren seye von der
269 3252 1395 3403 farb. Alter und Große, wie es oben
302 3317 1422 3506 beschrieben, mit dem Beÿsatz, daß de
300 3379 1435 3560 einte Stier eine Roßhälfftern auff
289 3525 806 3640 habe, entwendet.
1176 3552 1376 3674 Glaut
2727 265 2828 367 89.
2040 275 2463 395 d Crist
1575 337 2802 495 Klaus Balber von Gellach, der Lehenman̄
1690 438 2796 560 auf Frau Stadthaubtmann Bury Hof auf
1690 510 2817 631 dem Schöngrun 45 Jahren Alters, berichtet
1687 561 2833 693 bey seinen Ehren und Treuen. An letstem
1690 632 2837 767 in hier gehaltenem Jahrmarkt, Morgens gegen
1682 706 2778 828 Acht ihr habe er bey dem Strimmen auf dem
1683 775 2813 884 sogenan̄ten Kloster Plaz von einem Berner,
2768 869 2805 906 .
1682 836 2773 952 Adam Arn von Rietigen sich sagend, für¬
1684 901 2763 1019 10 neue Louisdor einen Zwantzger und
1682 970 2814 1105 2. 6. Trinkgeld aberhandlet, dieser Adam Arn
1687 1049 2816 1176 seye gegen 25. oder 30. Jahr alt gewesen, seye
1690 1106 2812 1228 ungeferd 3. Sclich hoch, diser Statur, habe breites
1669 1166 2822 1305 Angesicht, trube Augen, braune, brauslechte
1668 1233 2775 1374 Haar, tragte einen halb leinen Rob, nach
1672 1293 2806 1456 Ferner Art mit Täschen zugerichtet, Seitz¬
1676 1393 2812 1533 hosten von gleichem Zeug, blaue Strümpf
1687 1467 2772 1592 und neue Modeschuh, einen aufgelezten
1682 1576 2828 1657 Vollhut. Dieser Man̄ habe ihm auch einen
1681 1613 2797 1740 Gesundheits Schein darzugegeben, welchen
1676 1685 2795 1811 Er aber verlohren, deßhalben wüßte er nicht
1680 1757 2800 1872 mehr, wo derselbe geschrieben worden seye,
1672 1852 2812 1954 Er außag hate sich nicht einbilden können, daß
1681 1902 2825 2027 diese Baar gestohlen gewesen, indemme jetzt
1672 1975 2816 2107 besagter Verkauffer die Bezalung dersel¬
1679 2055 2522 2181 ben erst gegen 2 Rthr abgeholt.
2608 2078 2810 2181 Erdet
1666 2139 2823 2300 Uns Schand von Richmeistes Jahr
1680 2258 2783 2370 alt, dermalen in Herrn Besenvalets
1665 2330 2803 2442 Hoof in der Engi wohnhafft, welcher bey dem
1669 2393 2777 2515 kauff gegenwärtig gewesen, berichtet, wie
1681 2462 2735 2587 obiger mit zu thun, daß der Soldat
1666 2532 2812 2646 unter dem Waßer Thor, so von Bußingen
1672 2592 2773 2710 gebürtig, ihme Außaag vermeldet, daß
1659 2668 2782 2815 Es den Verkauffer kenne, selbiger seye
1671 2761 2142 2857 ein Zimmerman̄.
1681 2826 1718 2898 .
1641 2852 1955 3009 Hosenhe
1945 2850 2801 3011 Baumgartirer von Düzin¬
1872 2935 1927 2989 1
1669 2946 2750 3094 ged. Soldat unter dem Waßer Thor. 29.
1649 3029 2788 3162 Jahr alt, berichtet, daß Er am letzten
1659 3099 2789 3239 Markt einen Ind gestehen, der einen Ret¬
1670 3192 2806 3310 welcher wie oben beschrieben wäre, zu Herrn
1668 3256 2799 3386 Groß ins Rechten geführt, mit verdeüten
1671 3326 2795 3448 daß er ihme ein Pferdt entwendet und ver¬
1672 3409 2794 3528 kaufft, auf welches dieser Kerl dem Juden
2612 3501 2795 3605 geantw
