3024 4032
46 -52 198 68 e
424 63 1191 247 Apothecker Zeugsamme.
209 133 1380 438 kauf meinem Gist Rodel hat Ullrich
196 244 1344 491 Diere von Alitiren vor 5. b. Gifft gle
215 337 1162 502 mon̄en, den 27. May 1760.
1332 416 1388 487 .
572 444 1405 664 Rictis Koch geb. Seck in der
590 530 1355 696 untern Apotheck zu thun.
386 619 1035 824 Geselen zedel
615 780 741 846 cre
182 769 1387 1038 Herren Großheibel und Gricht schreiben
259 924 1365 1147 Es haben Meine gnädige Herren den Befehl an
194 1038 1378 1206 Herrn Amtsman zu thund abgegeben
185 1134 1373 1315 daß er den allda bekannt vorgegan¬
186 1206 1367 1386 genen Wissenschung halb, inhafftig¬
174 1295 1344 1442 ten Ullrich dieri allhero führen, und
165 1381 1354 1548 in die obere Gefangen schafft über¬
160 1474 638 1598 geben laße.
187 1548 1347 1699 deßen Ihr Herr Großweibel und
172 1652 1349 1805 Herr Grichtschreiben mit Übermachung
162 1733 1311 1877 der mit ihme in thun gehaltenen
156 1825 1334 1948 vorläufigen Verhor berechtet werdet,
159 1902 1346 2037 mit Befehl, selbigen in der Gefan¬
147 1981 1337 2126 genschafft zu enthalten, nach Anlei¬
140 2058 1352 2210 tung der zu thun verführten Praelimi¬
149 2161 1330 2267 nas Verhor denselben zu examinieren
148 2225 1313 2372 und darauf hin mit dem Weib das
143 2305 1312 2437 fernere Examen zu verführen, mit
145 2392 1321 2542 und anders aber Michen gehen zu weiterer
114 2474 1324 2656 Verfügung vorzutragen. Actum
147 2580 919 2732 den 12. Augusti 1769.
539 2708 1211 2861 anglen der
952 3169 1279 3319 Examen,
2682 172 2798 273 130
1921 197 2301 347 Examen.
1537 325 2786 496 Mit Ulrich Bier gebürtig aus dem
1572 445 2726 594 Tschangnen, seßhafft auch dem Hübel
1564 522 2746 661 bey Uitigen, 12. Jahren Alters. Habe
1563 594 2764 743 zwey Kinden aus erster Ehe, und stäge
1554 676 2732 823 seit bald zweyen Jahren rechenwachet
1560 752 2722 894 mit dene Suppen von durgisten
1544 837 2716 973 welche in hiesigem Spittahl enthalten
1550 910 2764 1055 und vor einichen Wochen darinn eines
1538 989 2424 1128 Knäblins niedergekommen.
1497 1094 2778 1211 Er. Ob er wiße, warinn er auf Thun in
1539 1171 2759 1299 das schloß geführt, und von dorten ge¬
1539 1238 2599 1375 fänglich allher gebracht worden.
1480 1313 2746 1448 Ants. Die kendt so ihne abgeholt, haben ihm
1544 1416 2725 1542 gesagt, er solle sich ein Schloß für sein
1527 1489 2704 1607 Weib versprechen, wegen einer hieb
1529 1560 2713 1684 stahls und dem beweisten Margsten
1526 1640 2720 1774 zeug, und das werde auch die Ursach
1527 1714 2741 1855 seyn, warum er allher geführt worden.
1482 1790 2734 1936 Fr. War für gestohlen Gott in sein Hand
1525 1881 2746 2014 gekommen und allda gefunden worden.
1447 1958 2641 2109 Antl. letzten Drachmonat seyner im
1546 2058 2684 2170 tschangnen gewesen, von da wieder
1527 2110 2720 2250 zurück und zum Hauenkrat gekommen,
1542 2194 2618 2315 welcher ihme gesagt, es seye ihme
1531 2246 2678 2375 Hauenkrat eine Scheibe heraus ge¬
1526 2322 2714 2452 nonen und danahen vieles entwendet
1526 2394 2678 2509 worden. Welches das erste seye so
1514 2462 2698 2601 ihme diene von diesen diebstahl be¬
1533 2539 1980 2630 kan̄t worden.
1500 2589 2674 2746 der sogenan̄ten Müller Joggels Sohn
1516 2718 2683 2810 dan, so sich in der nunmehr verstei¬
1509 2760 2648 2898 gerten Mühle zu Artigen befinde
1517 2839 2569 2963 habe ihne darnach am Mitwocher
1512 2906 2662 3042 Abends bey seinem Haus gefraget
1509 2983 2602 3102 ob er nicht fleiße, daß man ihm
1513 3050 2624 3175 tein Hans visitat. davon er in
1511 3120 2638 3259 den That nichts gewust, und seine
1498 3191 2645 3343 Weib habe ihm, alser am Abend
