<?xml version="1.0" encoding="UTF-8" standalone="yes"?>
<PcGts xmlns="http://schema.primaresearch.org/PAGE/gts/pagecontent/2013-07-15" xmlns:xsi="http://www.w3.org/2001/XMLSchema-instance" xsi:schemaLocation="http://schema.primaresearch.org/PAGE/gts/pagecontent/2013-07-15 http://schema.primaresearch.org/PAGE/gts/pagecontent/2013-07-15/pagecontent.xsd">
    <Metadata>
        <Creator>prov=University of Rostock/Institute of Mathematics/CITlab|PLANET AI GmbH/Gundram Leifert/gundram.leifert@planet-ai.de:name=German_Kurrent_XVI-XVIII_M5.4(htr_id=38771)::::v=2.6.7
prov=University of Rostock/Institute of Mathematics/CITlab|PLANET AI GmbH/Tobias Gruening/tobias.gruening@planet-ai.de:name=de.uros.citlab.module.baseline2polygon.B2PSeamMultiOriented:v=2.6.7
prov=University of Rostock/Institute of Mathematics/CITlab|PLANET AI GmbH/Tobias Gruening/tobias.gruening@planet-ai.de:name=/net_tf/LA73_249_0mod360.pb:de.uros.citlab.segmentation.CITlab_LA_ML:v=2.6.7
Transkribus</Creator>
        <Created>2022-06-16T10:54:18.221+02:00</Created>
        <LastChange>2022-09-12T15:45:02.131+02:00</LastChange>
        <TranskribusMetadata docId="1334854" pageId="52363375" pageNr="79" tsid="114645357" status="IN_PROGRESS" userId="9570" imgUrl="https://files.transkribus.eu/Get?id=UENUHOOMMTYQKOUDNEHTXTSU&amp;fileType=view" xmlUrl="https://files.transkribus.eu/Get?id=RUJTYIIWLRVDYLMKELLBFTQN" imageId="35487474"/>
    </Metadata>
    <Page imageFilename="IMG_8098.jpg" imageWidth="3024" imageHeight="4032">
        <ReadingOrder>
            <OrderedGroup id="ro_1687513593769" caption="Regions reading order">
                <RegionRefIndexed index="0" regionRef="r1"/>
                <RegionRefIndexed index="1" regionRef="r2"/>
                <RegionRefIndexed index="2" regionRef="r3"/>
                <RegionRefIndexed index="3" regionRef="r4"/>
            </OrderedGroup>
        </ReadingOrder>
        <TextRegion orientation="0.0" id="r1" custom="readingOrder {index:0;}">
            <Coords points="12,3152 12,3317 153,3317 153,3152"/>
            <TextLine id="r1l1" custom="readingOrder {index:0;}">
                <Coords points="7,3290 65,3278 80,3264 92,3272 105,3260 125,3272 146,3268 163,3273 153,3176 113,3175 67,3213 31,3204 21,3213 -1,3217"/>
                <Baseline points="12,3267 40,3263 68,3260 96,3257 124,3255 153,3252"/>
                <TextEquiv>
                    <Unicode>Ants.</Unicode>
                </TextEquiv>
            </TextLine>
            <TextEquiv>
                <Unicode>Ants.</Unicode>
            </TextEquiv>
        </TextRegion>
        <TextRegion orientation="0.0" id="r2" custom="readingOrder {index:1;}">
            <Coords points="101,0 101,691 276,691 276,0"/>
            <TextLine id="r2l1" custom="readingOrder {index:0;}">
                <Coords points="132,78 154,81 183,58 196,61 223,42 240,46 253,39 272,50 291,50 275,-46 250,-45 244,-36 206,-51 199,-40 167,-55 148,-28 132,-40 115,-27"/>
                <Baseline points="132,30 160,26 189,20 218,16 247,11 276,6"/>
                <TextEquiv>
                    <Unicode>11</Unicode>
                </TextEquiv>
            </TextLine>
            <TextLine id="r2l2" custom="readingOrder {index:1;}">
                <Coords points="162,207 173,205 187,214 197,207 219,222 238,226 250,102 224,108 212,100 185,108 172,107"/>
                <Baseline points="173,183 203,183 233,189"/>
                <TextEquiv>
                    <Unicode>Ihr</Unicode>
                </TextEquiv>
            </TextLine>
            <TextLine id="r2l3" custom="readingOrder {index:2;}">
                <Coords points="92,641 108,652 132,649 150,660 167,648 190,659 214,651 226,661 267,660 278,546 249,545 237,555 211,556 170,547 139,565 101,552"/>
                <Baseline points="101,636 127,638 154,640 180,642 207,645 233,648 260,651"/>
                <TextEquiv>
                    <Unicode>Ancto.</Unicode>
                </TextEquiv>
            </TextLine>
            <TextEquiv>
                <Unicode>11
Ihr
Ancto.</Unicode>
            </TextEquiv>
        </TextRegion>
        <TextRegion orientation="0.0" id="r3" custom="readingOrder {index:2;}">
            <Coords points="92,50 92,3420 1425,3420 1425,50"/>
            <TextLine id="r3l1" custom="readingOrder {index:0;}">
                <Coords points="591,113 671,103 792,158 836,159 890,191 907,78 876,53 801,56 762,37 731,45 674,11 603,31"/>
                <Baseline points="602,90 628,93 654,95 680,99 707,102 733,106 759,111 785,115 812,119 838,123 864,128 891,131"/>
                <TextEquiv>
                    <Unicode>Gerec</Unicode>
                </TextEquiv>
            </TextLine>
            <TextLine id="r3l2" custom="readingOrder {index:1;}">
                <Coords points="279,241 544,209 786,297 860,260 963,312 1136,308 1193,369 1303,359 1422,411 1447,324 1326,242 1133,250 971,191 815,192 769,147 620,181 302,114"/>
                <Baseline points="297,188 353,194 409,199 466,205 522,211 579,216 635,223 691,231 748,239 804,246 861,254 917,265 973,275 1030,287 1086,299 1143,312 1199,326 1255,342 1312,359 1368,378 1425,398"/>
                <TextEquiv>
                    <Unicode>bscheinen und halb schen bey dienen</Unicode>
                </TextEquiv>
            </TextLine>
            <TextLine id="r3l3" custom="readingOrder {index:2;}">
                <Coords points="257,292 450,298 497,359 660,328 735,393 929,347 1053,399 1134,381 1204,461 1326,436 1423,502 1422,412 1302,359 1192,368 1153,314 964,316 862,258 784,296 541,208 418,250 269,221"/>
                <Baseline points="270,267 327,272 385,277 442,283 500,289 558,296 615,301 673,309 730,315 788,324 846,333 903,343 961,353 1018,363 1076,374 1134,386 1191,400 1249,414 1306,430 1364,446 1422,464"/>
                <TextEquiv>
                    <Unicode>den Vorsatz gefaßet, die sechtelent</Unicode>
                </TextEquiv>
            </TextLine>
            <TextLine id="r3l4" custom="readingOrder {index:3;}">
                <Coords points="242,410 333,377 446,426 740,410 1427,553 1434,502 1327,435 1212,458 1131,384 1055,408 882,350 768,397 659,327 568,364 497,359 433,292 258,303"/>
                <Baseline points="258,354 316,361 374,367 432,374 490,379 549,386 607,394 665,400 723,407 781,414 840,422 898,430 956,438 1014,448 1072,458 1131,469 1189,479 1247,492 1305,505 1363,519 1422,534"/>
                <TextEquiv>
                    <Unicode>zu vergifften, weilen es den Man¬</Unicode>
                </TextEquiv>
            </TextLine>
            <TextLine id="r3l5" custom="readingOrder {index:4;}">
                <Coords points="233,503 383,529 475,470 658,561 797,502 984,535 1116,618 1228,571 1400,634 1406,577 1221,492 1171,519 981,451 900,491 837,430 627,400 512,431 246,406"/>
                <Baseline points="249,447 306,454 363,460 420,465 478,470 535,477 592,482 650,488 707,494 764,500 822,508 879,515 936,523 993,531 1051,540 1108,549 1165,560 1223,570 1280,583 1337,595 1395,609"/>
                <TextEquiv>
                    <Unicode>geheißen, diß gebrechten. Solle</Unicode>
                </TextEquiv>
            </TextLine>
            <TextLine id="r3l6" custom="readingOrder {index:5;}">
                <Coords points="258,557 476,587 539,568 655,590 688,626 730,597 906,608 1013,651 1126,645 1129,620 1077,587 993,604 886,540 780,543 747,506 643,561 600,523 565,548 264,504"/>
                <Baseline points="267,545 309,549 352,552 394,555 437,560 479,564 522,567 564,572 607,575 649,579 692,585 735,590 777,594 820,599 862,604 905,609 947,614 990,620 1032,626 1075,633 1118,639"/>
                <TextEquiv>
                    <Unicode>es mir rend bekenen.</Unicode>
                </TextEquiv>
            </TextLine>
            <TextLine id="r3l7" custom="readingOrder {index:6;}">
                <Coords points="287,670 498,676 568,735 657,706 1132,738 1235,799 1371,814 1408,805 1417,737 1038,662 959,708 623,593 501,644 300,569"/>
                <Baseline points="297,647 352,653 407,659 462,664 517,670 573,676 628,682 683,688 738,694 793,701 849,708 904,715 959,721 1014,729 1069,736 1125,744 1180,754 1235,763 1290,773 1345,784 1401,795"/>
                <TextEquiv>
                    <Unicode>Nem. Es betheure, daß solches</Unicode>
                </TextEquiv>
            </TextLine>
            <TextLine id="r3l8" custom="readingOrder {index:7;}">
                <Coords points="255,749 603,759 693,797 789,771 1123,824 1266,897 1339,866 1406,898 1412,849 1137,743 932,777 873,716 739,755 499,725 433,667 265,665"/>
                <Baseline points="264,732 320,738 377,742 434,747 491,752 548,757 605,762 661,767 718,773 775,778 832,784 889,790 946,797 1003,804 1059,812 1116,820 1173,829 1230,837 1287,847 1344,858 1401,869"/>
                <TextEquiv>
                    <Unicode>alles in einer Stund zugegangen.</Unicode>
                </TextEquiv>
            </TextLine>
            <TextLine id="r3l9" custom="readingOrder {index:8;}">
                <Coords points="229,863 767,862 1368,956 1398,897 1055,872 958,815 672,805 615,761 240,745"/>
                <Baseline points="240,827 297,831 354,834 411,838 469,841 526,845 583,849 641,854 698,858 755,861 813,867 870,872 927,877 984,882 1042,889 1099,896 1156,904 1214,911 1271,920 1328,929 1386,939"/>
                <TextEquiv>
                    <Unicode>Worte es aus diesen Grunden</Unicode>
                </TextEquiv>
            </TextLine>
            <TextLine id="r3l10" custom="readingOrder {index:9;}">
                <Coords points="233,941 1271,999 1407,1071 1429,989 1192,927 1106,954 890,875 734,909 566,853 365,892 240,863"/>
                <Baseline points="243,917 301,920 360,924 418,927 477,932 536,935 594,938 653,942 712,947 770,950 829,955 888,960 946,966 1005,972 1064,979 1122,987 1181,994 1240,1004 1298,1015 1357,1026 1416,1038"/>
                <TextEquiv>
                    <Unicode>leider veranlaßet worden keinen</Unicode>
                </TextEquiv>
            </TextLine>
            <TextLine id="r3l11" custom="readingOrder {index:10;} person {offset:4; length:8;}">
                <Coords points="227,1027 301,1022 420,1092 641,1029 786,1085 952,1057 1107,1141 1217,1091 1404,1125 1409,1066 1273,1000 1157,1046 1058,1003 908,1029 815,960 734,1000 411,929 232,963"/>
                <Baseline points="237,1011 295,1014 353,1017 411,1021 469,1025 527,1028 585,1031 643,1035 701,1038 759,1041 817,1046 875,1050 933,1054 991,1060 1049,1065 1107,1071 1165,1078 1223,1085 1281,1093 1339,1102 1398,1112"/>
                <TextEquiv>
                    <Unicode>den Hauenbra ihme mehr Geld¬</Unicode>
                </TextEquiv>
            </TextLine>
            <TextLine id="r3l12" custom="readingOrder {index:11;}">
                <Coords points="213,1147 305,1111 598,1124 664,1172 1061,1157 1107,1194 1174,1159 1414,1244 1427,1152 952,1057 852,1089 519,1042 423,1092 269,1013 221,1030"/>
                <Baseline points="224,1104 283,1107 343,1110 402,1113 462,1116 522,1119 581,1122 641,1125 700,1128 760,1131 820,1134 879,1139 939,1142 998,1148 1058,1152 1118,1158 1177,1164 1237,1171 1296,1178 1356,1186 1416,1196"/>
                <TextEquiv>
                    <Unicode>zureich gefordert, als es ihm entwende</Unicode>
                </TextEquiv>
            </TextLine>
            <TextLine id="r3l13" custom="readingOrder {index:12;}">
                <Coords points="200,1229 1065,1258 1202,1316 1299,1268 1390,1304 1395,1224 1339,1189 1194,1219 1003,1155 662,1173 498,1116 301,1165 205,1140"/>
                <Baseline points="210,1199 268,1201 327,1204 385,1206 444,1208 503,1211 561,1214 620,1217 679,1220 737,1223 796,1226 855,1230 913,1234 972,1238 1031,1242 1089,1247 1148,1253 1207,1257 1265,1264 1324,1270 1383,1278"/>
                <TextEquiv>
                    <Unicode>gehabt. Und dann habe die Frau</Unicode>
                </TextEquiv>
            </TextLine>
            <TextLine id="r3l14" custom="readingOrder {index:13;}">
                <Coords points="210,1303 408,1350 1116,1342 1180,1410 1295,1368 1405,1393 1411,1303 1304,1273 1194,1315 1061,1259 811,1246 662,1288 530,1216 214,1238"/>
                <Baseline points="219,1290 281,1293 343,1295 405,1298 467,1299 529,1302 591,1304 653,1308 715,1310 777,1313 839,1318 901,1321 963,1326 1025,1331 1087,1337 1149,1342 1211,1348 1273,1355 1335,1363 1398,1371"/>
                <TextEquiv>
                    <Unicode>wieder seinen verstorbenen Vatten</Unicode>
                </TextEquiv>
            </TextLine>
            <TextLine id="r3l15" custom="readingOrder {index:14;}">
                <Coords points="203,1426 280,1392 418,1449 501,1403 561,1442 714,1412 878,1454 943,1416 1210,1467 1287,1438 1383,1482 1387,1385 1182,1411 1116,1343 941,1331 773,1382 548,1328 206,1350"/>
                <Baseline points="213,1386 271,1388 329,1388 387,1389 445,1391 504,1392 562,1395 620,1397 678,1400 736,1402 795,1405 853,1409 911,1411 969,1415 1027,1418 1086,1422 1144,1426 1202,1431 1260,1436 1318,1440 1377,1445"/>
                <TextEquiv>
                    <Unicode>schmächlich geredet, und zu ihm</Unicode>
                </TextEquiv>
            </TextLine>
            <TextLine id="r3l16" custom="readingOrder {index:15;}">
                <Coords points="179,1532 538,1490 637,1534 733,1494 900,1508 971,1554 1112,1511 1400,1541 1402,1485 1286,1439 1203,1488 966,1443 892,1477 731,1413 644,1452 501,1404 428,1451 343,1401 182,1454"/>
                <Baseline points="189,1478 249,1480 309,1482 369,1484 429,1485 489,1487 549,1490 610,1491 670,1493 730,1495 790,1496 850,1499 910,1502 970,1503 1031,1506 1091,1510 1151,1514 1211,1518 1271,1523 1331,1526 1392,1532"/>
                <TextEquiv>
                    <Unicode>gesagt, sie sollen doch machen, daß</Unicode>
                </TextEquiv>
            </TextLine>
            <TextLine id="r3l17" custom="readingOrder {index:16;}">
                <Coords points="205,1581 389,1622 676,1592 741,1634 1138,1596 1216,1662 1293,1613 1366,1635 1368,1577 1181,1513 1053,1573 812,1542 759,1494 637,1532 540,1491 406,1543 310,1490 207,1521"/>
                <Baseline points="213,1574 270,1576 327,1577 384,1578 442,1580 499,1581 556,1583 614,1585 671,1586 728,1589 786,1590 843,1592 900,1595 957,1596 1015,1599 1072,1601 1129,1605 1187,1608 1244,1611 1301,1615 1359,1619"/>
                <TextEquiv>
                    <Unicode>Er in seine Ruhe komme: Solches</Unicode>
                </TextEquiv>
            </TextLine>
            <TextLine id="r3l18" custom="readingOrder {index:17;}">
                <Coords points="187,1715 409,1674 442,1708 534,1679 601,1723 669,1690 759,1718 862,1678 922,1732 1063,1689 1379,1730 1380,1661 1294,1613 1189,1670 1127,1606 1043,1667 542,1600 376,1644 288,1587 189,1594"/>
                <Baseline points="195,1673 253,1674 312,1674 371,1675 430,1676 489,1676 547,1677 606,1677 665,1679 724,1679 783,1680 841,1682 900,1683 959,1685 1018,1686 1077,1688 1135,1691 1194,1694 1253,1696 1312,1699 1371,1703"/>
                <TextEquiv>
                    <Unicode>habe ihns sehr angegriffen und</Unicode>
                </TextEquiv>
            </TextLine>
            <TextLine id="r3l19" custom="readingOrder {index:18;}">
                <Coords points="156,1794 450,1766 591,1775 690,1833 845,1783 1219,1835 1222,1722 1113,1694 939,1759 899,1732 697,1758 533,1679 379,1749 290,1688 158,1727"/>
                <Baseline points="165,1775 217,1775 269,1773 322,1773 374,1773 426,1773 479,1773 531,1772 583,1773 636,1773 688,1773 740,1775 793,1777 845,1779 897,1782 950,1785 1002,1789 1054,1795 1107,1801 1159,1807 1212,1815"/>
                <TextEquiv>
                    <Unicode>wieder sie aufgebracht</Unicode>
                </TextEquiv>
            </TextLine>
            <TextLine id="r3l20" custom="readingOrder {index:19;}">
                <Coords points="84,1933 135,1933 178,1897 192,1906 209,1904 209,1785 168,1796 128,1777 84,1776"/>
                <Baseline points="92,1895 119,1896 146,1895 173,1895 201,1896"/>
                <TextEquiv>
                    <Unicode>Ihr.</Unicode>
                </TextEquiv>
            </TextLine>
            <TextLine id="r3l21" custom="readingOrder {index:20;}">
                <Coords points="241,1889 374,1950 583,1897 673,1952 835,1901 973,1956 1036,1911 1111,1964 1202,1921 1339,1948 1342,1855 1164,1823 917,1842 842,1783 637,1871 519,1873 443,1803 244,1795"/>
                <Baseline points="248,1887 302,1889 356,1889 410,1891 464,1892 519,1893 573,1895 627,1896 681,1898 735,1899 790,1901 844,1904 898,1905 952,1907 1006,1910 1061,1911 1115,1914 1169,1916 1223,1919 1277,1921 1332,1925"/>
                <TextEquiv>
                    <Unicode>Es seye auch gantz wahrscheinlich.</Unicode>
                </TextEquiv>
            </TextLine>
            <TextLine id="r3l22" custom="readingOrder {index:21;}">
                <Coords points="187,2001 296,2025 498,1987 634,2042 807,1990 1150,1994 1234,2046 1370,2010 1371,1955 1197,1921 1110,1964 1034,1911 940,1968 784,1906 674,1956 612,1901 478,1966 286,1890 188,1904"/>
                <Baseline points="195,1983 253,1983 311,1983 370,1983 428,1983 486,1983 545,1983 603,1983 661,1983 720,1985 778,1985 836,1985 895,1986 953,1986 1011,1988 1070,1989 1128,1991 1186,1994 1245,1997 1303,1999 1362,2003"/>
                <TextEquiv>
                    <Unicode>Nachdem sein Man̄ und es Ign.</Unicode>
                </TextEquiv>
            </TextLine>
            <TextLine id="r3l23" custom="readingOrder {index:22;}">
                <Coords points="195,2080 864,2103 1080,2062 1232,2124 1375,2094 1375,2028 1232,2046 1143,1994 956,1996 851,2051 195,2019"/>
                <Baseline points="204,2073 262,2073 320,2072 378,2072 436,2071 495,2070 553,2070 611,2069 669,2069 727,2069 786,2069 844,2069 902,2069 960,2069 1018,2069 1077,2069 1135,2070 1193,2070 1251,2071 1309,2072 1368,2073"/>
                <TextEquiv>
                    <Unicode>von dem im einen Daten ange¬</Unicode>
                </TextEquiv>
            </TextLine>
            <TextLine id="r3l24" custom="readingOrder {index:23;}">
                <Coords points="183,2176 1382,2164 1381,2116 1326,2094 1213,2129 1081,2063 848,2106 650,2072 492,2117 339,2080 182,2102"/>
                <Baseline points="191,2163 250,2162 309,2160 368,2159 427,2157 486,2157 545,2156 605,2155 664,2154 723,2154 782,2153 841,2153 900,2153 959,2153 1019,2151 1078,2151 1137,2151 1196,2150 1255,2150 1314,2150 1374,2148"/>
                <TextEquiv>
                    <Unicode>kauffen, ist den Manten gebei¬</Unicode>
                </TextEquiv>
            </TextLine>
            <TextLine id="r3l25" custom="readingOrder {index:24;}">
                <Coords points="190,2313 299,2268 748,2289 838,2241 1059,2231 1372,2260 1370,2176 1270,2151 961,2185 670,2158 594,2210 543,2175 187,2178"/>
                <Baseline points="197,2258 255,2256 313,2255 372,2253 430,2250 488,2249 547,2247 605,2245 663,2243 722,2241 780,2240 838,2238 897,2237 955,2235 1013,2234 1072,2234 1130,2232 1188,2231 1247,2231 1305,2229 1364,2229"/>
                <TextEquiv>
                    <Unicode>itzet, daß nicht so viel Got mehr</Unicode>
                </TextEquiv>
            </TextLine>
            <TextLine id="r3l26" custom="readingOrder {index:25;}">
                <Coords points="189,2361 903,2362 1103,2320 1194,2376 1360,2324 1358,2261 1227,2239 1093,2300 1015,2247 952,2282 890,2242 822,2291 511,2261 187,2315"/>
                <Baseline points="197,2352 254,2349 312,2348 370,2345 428,2343 485,2340 543,2339 601,2336 659,2333 716,2331 774,2329 832,2327 890,2325 947,2324 1005,2322 1063,2321 1121,2319 1178,2318 1236,2318 1294,2316 1352,2316"/>
                <TextEquiv>
                    <Unicode>übrig geblieben, dardurch diese</Unicode>
                </TextEquiv>
            </TextLine>
            <TextLine id="r3l27" custom="readingOrder {index:26;}">
                <Coords points="188,2473 367,2454 429,2493 688,2422 858,2461 1066,2408 1319,2412 1280,2338 1195,2378 1127,2341 1070,2388 932,2349 737,2383 665,2356 591,2397 458,2363 184,2391"/>
                <Baseline points="194,2439 249,2439 305,2438 361,2436 417,2435 473,2432 528,2430 584,2429 640,2425 696,2424 752,2421 807,2418 863,2415 919,2413 975,2411 1031,2408 1086,2405 1142,2403 1198,2400 1254,2399 1310,2397"/>
                <TextEquiv>
                    <Unicode>zwey Ehelen in solche betreibte</Unicode>
                </TextEquiv>
            </TextLine>
            <TextLine id="r3l28" custom="readingOrder {index:27;}">
                <Coords points="178,2544 479,2533 581,2573 752,2518 837,2566 1074,2487 1186,2517 1334,2489 1332,2425 938,2433 880,2478 762,2425 473,2500 364,2454 277,2512 175,2467"/>
                <Baseline points="186,2534 243,2531 300,2529 357,2526 414,2525 471,2522 528,2520 585,2517 642,2515 699,2513 756,2511 813,2508 870,2507 927,2504 984,2502 1041,2499 1098,2496 1155,2493 1212,2490 1269,2487 1326,2484"/>
                <TextEquiv>
                    <Unicode>Umstände hätten gestetzt werden</Unicode>
                </TextEquiv>
            </TextLine>
            <TextLine id="r3l29" custom="readingOrder {index:28;}">
                <Coords points="185,2643 445,2595 546,2663 596,2620 675,2657 792,2592 954,2617 1359,2579 1355,2512 1282,2497 1067,2499 978,2545 925,2514 838,2566 663,2519 551,2580 180,2543"/>
                <Baseline points="192,2619 249,2618 307,2615 365,2612 423,2610 481,2607 539,2605 596,2603 654,2600 712,2597 770,2593 828,2591 886,2588 944,2584 1001,2580 1059,2577 1117,2573 1175,2570 1233,2565 1291,2562 1349,2556"/>
                <TextEquiv>
                    <Unicode>können, folglich seye nicht zu zweiflen,</Unicode>
                </TextEquiv>
            </TextLine>
            <TextLine id="r3l30" custom="readingOrder {index:29;}">
                <Coords points="184,2720 749,2682 877,2709 1369,2636 1365,2577 1236,2569 950,2621 750,2597 672,2661 593,2623 546,2667 492,2622 420,2653 260,2620 181,2664"/>
                <Baseline points="191,2708 249,2705 308,2702 366,2699 425,2696 483,2693 542,2690 600,2686 659,2683 717,2679 776,2675 834,2672 893,2668 951,2664 1010,2659 1068,2655 1127,2651 1185,2647 1244,2642 1302,2637 1361,2633"/>
                <TextEquiv>
                    <Unicode>es werde das Gifft aus dem Keller</Unicode>
                </TextEquiv>
            </TextLine>
            <TextLine id="r3l31" custom="readingOrder {index:30;}">
                <Coords points="178,2815 464,2791 507,2825 660,2778 928,2808 1135,2731 1221,2759 1355,2729 1351,2675 1187,2641 1081,2707 932,2688 880,2736 173,2740"/>
                <Baseline points="185,2793 243,2790 301,2788 359,2784 417,2781 475,2778 533,2775 591,2772 649,2769 707,2765 765,2762 823,2759 881,2754 939,2751 997,2746 1055,2742 1113,2736 1171,2731 1229,2726 1287,2720 1346,2712"/>
                <TextEquiv>
                    <Unicode>noch dazu genommen haben, derohalb</Unicode>
                </TextEquiv>
            </TextLine>
            <TextLine id="r3l32" custom="readingOrder {index:31;}">
                <Coords points="173,2905 272,2928 324,2883 767,2855 950,2883 1021,2833 1362,2793 1332,2720 846,2827 660,2777 485,2847 253,2788 168,2828"/>
                <Baseline points="179,2882 237,2880 296,2877 355,2874 414,2871 473,2868 531,2865 590,2862 649,2858 708,2854 767,2850 825,2846 884,2841 943,2836 1002,2832 1061,2826 1119,2821 1178,2816 1237,2810 1296,2804 1355,2796"/>
                <TextEquiv>
                    <Unicode>seye es ernstlich ermahnet, Gott und</Unicode>
                </TextEquiv>
            </TextLine>
            <TextLine id="r3l33" custom="readingOrder {index:32;}">
                <Coords points="150,3002 403,2953 638,2963 689,3004 862,2943 1121,2962 1168,2909 1310,2901 1304,2821 1270,2815 950,2886 456,2869 145,2928"/>
                <Baseline points="156,2981 213,2977 270,2973 327,2970 385,2967 442,2964 499,2960 556,2957 614,2953 671,2949 728,2944 785,2940 843,2935 900,2930 957,2925 1014,2919 1072,2913 1129,2907 1186,2901 1243,2893 1301,2885"/>
                <TextEquiv>
                    <Unicode>hnen Hohen Obrigkeit die Ehre zu</Unicode>
                </TextEquiv>
            </TextLine>
            <TextLine id="r3l34" custom="readingOrder {index:33;}">
                <Coords points="174,3080 587,3032 688,3083 770,3018 1126,3044 1296,2982 1291,2920 1167,2910 1118,2960 1009,2930 887,2989 457,2965 168,3011"/>
                <Baseline points="180,3062 235,3057 290,3052 346,3048 401,3045 456,3041 512,3038 567,3034 622,3030 678,3026 733,3023 788,3020 844,3015 899,3010 954,3006 1010,3001 1065,2995 1120,2990 1176,2984 1231,2977 1287,2970"/>
                <TextEquiv>
                    <Unicode>geben, und durch eine wahre De¬</Unicode>
                </TextEquiv>
            </TextLine>
            <TextLine id="r3l35" custom="readingOrder {index:34;}">
                <Coords points="170,3177 322,3145 418,3184 595,3121 838,3140 939,3090 1385,3056 1379,2993 1326,2974 1118,3048 898,3018 680,3084 607,3038 452,3104 374,3057 165,3115"/>
                <Baseline points="176,3146 236,3141 296,3136 356,3131 416,3127 476,3121 536,3116 596,3111 656,3106 716,3102 776,3097 836,3092 896,3086 956,3081 1016,3075 1076,3070 1136,3065 1196,3059 1256,3052 1316,3046 1376,3041"/>
                <TextEquiv>
                    <Unicode>kan̄tnuß sein gewißen zu entlaßen,</Unicode>
                </TextEquiv>
            </TextLine>
            <TextLine id="r3l36" custom="readingOrder {index:35;}">
                <Coords points="192,3272 357,3227 454,3271 523,3212 1291,3189 1347,3174 1342,3096 967,3092 822,3160 520,3159 443,3196 265,3144 184,3165"/>
                <Baseline points="197,3237 254,3234 311,3229 368,3225 425,3221 482,3217 539,3213 596,3209 653,3205 710,3200 767,3197 824,3192 881,3188 938,3185 995,3180 1052,3177 1109,3173 1166,3170 1223,3165 1280,3163 1338,3159"/>
                <TextEquiv>
                    <Unicode>Es bezeuge einmal, daß es von dem</Unicode>
                </TextEquiv>
            </TextLine>
            <TextLine id="r3l37" custom="readingOrder {index:36;}">
                <Coords points="166,3362 227,3373 285,3314 383,3300 839,3274 902,3308 962,3253 1310,3240 885,3192 739,3234 550,3216 441,3275 357,3228 232,3237 161,3292"/>
                <Baseline points="170,3317 226,3313 283,3307 339,3303 396,3299 453,3294 509,3289 566,3284 622,3280 679,3275 736,3269 792,3264 849,3260 905,3256 962,3251 1019,3248 1075,3244 1132,3241 1188,3238 1245,3236 1302,3234"/>
                <TextEquiv>
                    <Unicode>Sifft im Keller nichts genommen</Unicode>
                </TextEquiv>
            </TextLine>
            <TextLine id="r3l38" custom="readingOrder {index:37;}">
                <Coords points="161,3433 298,3401 367,3445 480,3372 772,3340 1262,3341 1369,3292 1366,3251 1252,3286 1076,3250 718,3323 383,3300 156,3375"/>
                <Baseline points="167,3404 226,3396 286,3389 346,3382 406,3375 465,3369 525,3363 585,3356 645,3351 704,3346 764,3340 824,3336 884,3330 943,3325 1003,3321 1063,3317 1123,3313 1182,3308 1242,3304 1302,3301 1362,3297"/>
                <TextEquiv>
                    <Unicode>und daß es mir nicht den ganzen</Unicode>
                </TextEquiv>
            </TextLine>
            <TextLine id="r3l39" custom="readingOrder {index:38;}">
                <Coords points="1002,3402 1151,3389 1248,3419 1269,3405 1296,3409 1294,3328 1261,3341 1197,3335 1162,3344 1133,3320 1118,3335 1091,3320 1001,3343"/>
                <Baseline points="1010,3390 1035,3390 1060,3390 1085,3390 1110,3389 1135,3388 1161,3387 1186,3386 1211,3384 1236,3384 1261,3384 1287,3384"/>
                <TextEquiv>
                    <Unicode>Poten etc.</Unicode>
                </TextEquiv>
            </TextLine>
            <TextEquiv>
                <Unicode>Gerec
bscheinen und halb schen bey dienen
den Vorsatz gefaßet, die sechtelent
zu vergifften, weilen es den Man¬
geheißen, diß gebrechten. Solle
es mir rend bekenen.
Nem. Es betheure, daß solches
alles in einer Stund zugegangen.
Worte es aus diesen Grunden
leider veranlaßet worden keinen
den Hauenbra ihme mehr Geld¬
zureich gefordert, als es ihm entwende
gehabt. Und dann habe die Frau
wieder seinen verstorbenen Vatten
schmächlich geredet, und zu ihm
gesagt, sie sollen doch machen, daß
Er in seine Ruhe komme: Solches
habe ihns sehr angegriffen und
wieder sie aufgebracht
Ihr.
Es seye auch gantz wahrscheinlich.
Nachdem sein Man̄ und es Ign.
von dem im einen Daten ange¬
kauffen, ist den Manten gebei¬
itzet, daß nicht so viel Got mehr
übrig geblieben, dardurch diese
zwey Ehelen in solche betreibte
Umstände hätten gestetzt werden
können, folglich seye nicht zu zweiflen,
es werde das Gifft aus dem Keller
noch dazu genommen haben, derohalb
seye es ernstlich ermahnet, Gott und
hnen Hohen Obrigkeit die Ehre zu
geben, und durch eine wahre De¬
kan̄tnuß sein gewißen zu entlaßen,
Es bezeuge einmal, daß es von dem
Sifft im Keller nichts genommen
und daß es mir nicht den ganzen
Poten etc.</Unicode>
            </TextEquiv>
        </TextRegion>
        <TextRegion orientation="0.0" id="r4" custom="readingOrder {index:3;}">
            <Coords points="1511,164 1511,3354 2894,3354 2894,164"/>
            <TextLine id="r4l1" custom="readingOrder {index:0;}">
                <Coords points="2736,224 2778,231 2784,238 2797,233 2817,234 2826,243 2844,240 2898,267 2907,164 2885,167 2850,148 2840,155 2811,146 2789,163 2770,162 2754,174 2741,171"/>
                <Baseline points="2747,201 2776,201 2805,202 2835,204 2864,208 2894,216"/>
                <TextEquiv>
                    <Unicode>150.</Unicode>
                </TextEquiv>
            </TextLine>
            <TextLine id="r4l2" custom="readingOrder {index:1;}">
                <Coords points="1957,289 2005,292 2023,278 2121,320 2183,272 2207,287 2227,275 2381,284 2368,197 2351,209 2323,190 2231,221 2207,202 2121,221 2026,187 1973,214 1956,207"/>
                <Baseline points="1965,279 1990,278 2016,276 2041,276 2067,274 2092,273 2118,272 2143,272 2169,270 2194,270 2220,270 2245,269 2271,269 2296,270 2322,270 2347,272 2373,273"/>
                <TextEquiv>
                    <Unicode>Dampen</Unicode>
                </TextEquiv>
            </TextLine>
            <TextLine id="r4l3" custom="readingOrder {index:2;}">
                <Coords points="1623,453 1829,416 1891,444 2000,398 2423,438 2494,393 2685,424 2858,384 2854,290 2754,279 2141,351 1619,331"/>
                <Baseline points="1631,434 1691,426 1752,420 1813,415 1874,411 1935,407 1996,404 2057,401 2118,399 2179,398 2240,396 2300,396 2361,395 2422,394 2483,393 2544,392 2605,390 2666,387 2727,385 2788,382 2849,378"/>
                <TextEquiv>
                    <Unicode>Resten dazu gebrauchet, sondern habe</Unicode>
                </TextEquiv>
            </TextLine>
            <TextLine id="r4l4" custom="readingOrder {index:3;}">
                <Coords points="1624,508 2881,447 2879,401 2817,380 2713,424 2603,384 2426,434 2205,396 1978,453 1838,416 1621,439"/>
                <Baseline points="1632,501 1694,494 1756,486 1818,480 1880,476 1942,471 2004,468 2066,465 2128,463 2190,461 2252,459 2314,458 2376,456 2438,455 2500,453 2562,452 2624,450 2686,447 2748,444 2810,442 2873,438"/>
                <TextEquiv>
                    <Unicode>noch das wenige, so zu unterst in dem</Unicode>
                </TextEquiv>
            </TextLine>
            <TextLine id="r4l5" custom="readingOrder {index:4;}">
                <Coords points="1613,613 1961,541 2590,525 2760,576 2883,533 2858,446 2775,481 2714,444 2261,500 2046,470 1608,505"/>
                <Baseline points="1619,569 1681,563 1744,557 1807,552 1869,547 1932,543 1995,539 2057,536 2120,533 2183,530 2246,527 2308,525 2371,522 2434,521 2496,519 2559,518 2622,516 2684,515 2747,513 2810,512 2873,510"/>
                <TextEquiv>
                    <Unicode>Pappeli verblieben, in dem Toden verlochet.</Unicode>
                </TextEquiv>
            </TextLine>
            <TextLine id="r4l6" custom="readingOrder {index:5;}">
                <Coords points="1681,688 1792,675 1847,721 1909,687 1971,725 2043,667 2157,694 2225,652 2391,651 2568,690 2622,655 2673,693 2833,642 2832,589 2640,537 2549,573 2194,568 2092,619 1755,556 1679,610"/>
                <Baseline points="1689,677 1745,674 1802,671 1859,669 1916,666 1973,664 2030,662 2086,660 2143,659 2200,656 2257,654 2314,653 2371,651 2428,650 2484,648 2541,647 2598,645 2655,644 2712,642 2769,640 2826,638"/>
                <TextEquiv>
                    <Unicode>Auf endliche kräfftige Priviant doch</Unicode>
                </TextEquiv>
            </TextLine>
            <TextLine id="r4l7" custom="readingOrder {index:6;}">
                <Coords points="1629,768 1832,800 1963,740 2292,778 2440,715 2578,747 2674,718 2723,755 2836,719 2834,675 2748,649 2702,691 2273,651 2140,699 2044,667 1967,726 1792,676 1627,710"/>
                <Baseline points="1637,758 1696,753 1756,750 1815,746 1875,743 1934,739 1994,737 2053,733 2113,731 2172,728 2232,725 2292,723 2351,720 2411,718 2470,716 2530,714 2589,713 2649,711 2708,710 2768,708 2828,707"/>
                <TextEquiv>
                    <Unicode>nichts zu unterhalten, sondern zu be¬</Unicode>
                </TextEquiv>
            </TextLine>
            <TextLine id="r4l8" custom="readingOrder {index:7;}">
                <Coords points="1616,852 2105,810 2216,865 2290,808 2855,782 2844,710 2617,766 2508,720 2368,777 2122,731 2038,787 1918,757 1833,799 1613,788"/>
                <Baseline points="1622,833 1683,828 1744,822 1805,819 1866,815 1928,812 1989,809 2050,806 2111,803 2172,800 2234,798 2295,796 2356,794 2417,792 2478,789 2540,787 2601,785 2662,782 2723,780 2784,777 2846,773"/>
                <TextEquiv>
                    <Unicode>kennen, was es noch möchte verhalt</Unicode>
                </TextEquiv>
            </TextLine>
            <TextLine id="r4l9" custom="readingOrder {index:8;}">
                <Coords points="1600,940 1882,900 2055,941 2128,891 2407,870 2538,926 2664,857 2806,876 2835,815 2690,837 2485,790 2212,856 2002,810 1596,858"/>
                <Baseline points="1607,911 1668,906 1729,902 1790,897 1851,893 1912,890 1973,887 2034,884 2095,881 2156,879 2217,876 2278,873 2339,872 2400,869 2461,867 2522,865 2583,863 2644,860 2705,857 2766,855 2828,851"/>
                <TextEquiv>
                    <Unicode>haben, dardurch es sein Gewißen in</Unicode>
                </TextEquiv>
            </TextLine>
            <TextLine id="r4l10" custom="readingOrder {index:9;}">
                <Coords points="1596,998 2796,966 2792,877 2678,856 2546,922 2409,869 2138,888 1964,957 1819,918 1774,956 1687,920 1594,944"/>
                <Baseline points="1604,989 1663,985 1722,982 1781,979 1840,975 1899,972 1958,969 2018,966 2077,965 2136,962 2195,960 2254,957 2313,954 2372,952 2432,950 2491,948 2550,946 2609,944 2668,942 2727,940 2787,938"/>
                <TextEquiv>
                    <Unicode>Suche sezen, und Bund bey Nott</Unicode>
                </TextEquiv>
            </TextLine>
            <TextLine id="r4l11" custom="readingOrder {index:10;}">
                <Coords points="1601,1099 1719,1058 2060,1082 2215,1035 2291,1068 2705,1021 2703,980 2596,947 2450,1006 2311,959 2197,1011 1921,981 1839,1021 1712,987 1663,1038 1598,1033"/>
                <Baseline points="1607,1065 1661,1062 1716,1059 1770,1056 1825,1054 1879,1051 1934,1049 1988,1045 2043,1043 2097,1041 2152,1038 2206,1036 2261,1034 2315,1031 2370,1029 2424,1027 2479,1025 2533,1022 2588,1020 2642,1017 2697,1014"/>
                <TextEquiv>
                    <Unicode>und den Menschen finden könne.</Unicode>
                </TextEquiv>
            </TextLine>
            <TextLine id="r4l12" custom="readingOrder {index:11;}">
                <Coords points="1639,1166 1827,1187 2282,1136 2393,1173 2814,1132 2797,1057 2501,1109 2379,1036 2257,1086 1995,1052 1636,1084"/>
                <Baseline points="1647,1157 1704,1155 1762,1154 1820,1152 1878,1151 1936,1149 1994,1148 2052,1146 2110,1145 2168,1142 2226,1140 2283,1139 2341,1136 2399,1134 2457,1131 2515,1128 2573,1126 2631,1124 2689,1119 2747,1116 2805,1113"/>
                <TextEquiv>
                    <Unicode>Betheurete es, daß es nun sein</Unicode>
                </TextEquiv>
            </TextLine>
            <TextLine id="r4l13" custom="readingOrder {index:12;}">
                <Coords points="1593,1254 1883,1225 1993,1273 2112,1220 2347,1221 2493,1261 2767,1205 2805,1154 2606,1125 2426,1179 2222,1140 2040,1200 1937,1156 1839,1191 1590,1170"/>
                <Baseline points="1601,1238 1660,1234 1720,1230 1780,1228 1840,1225 1900,1223 1960,1221 2019,1218 2079,1215 2139,1214 2199,1212 2259,1211 2319,1208 2379,1206 2438,1205 2498,1203 2558,1200 2618,1199 2678,1195 2738,1193 2798,1190"/>
                <TextEquiv>
                    <Unicode>Beweißen völlig entladen, und sein</Unicode>
                </TextEquiv>
            </TextLine>
            <TextLine id="r4l14" custom="readingOrder {index:13;}">
                <Coords points="1596,1337 1758,1362 1861,1310 2118,1293 2253,1344 2333,1299 2435,1329 2567,1273 2797,1281 2794,1205 2745,1199 2495,1261 2344,1218 2244,1269 2111,1220 2011,1270 1882,1226 1801,1273 1704,1232 1593,1255"/>
                <Baseline points="1604,1322 1663,1316 1722,1313 1781,1308 1841,1304 1900,1301 1959,1298 2018,1296 2078,1293 2137,1290 2196,1289 2255,1287 2315,1286 2374,1283 2433,1281 2492,1280 2552,1277 2611,1275 2670,1272 2729,1271 2789,1268"/>
                <TextEquiv>
                    <Unicode>Verbrechen in wahren treuen bekent</Unicode>
                </TextEquiv>
            </TextLine>
            <TextLine id="r4l15" custom="readingOrder {index:14;}">
                <Coords points="1600,1426 2068,1382 2421,1423 2481,1374 2767,1355 2733,1315 2639,1330 2543,1287 2255,1348 2156,1300 2099,1343 1858,1327 1779,1373 1597,1338"/>
                <Baseline points="1607,1398 1664,1395 1722,1393 1779,1390 1837,1387 1895,1384 1952,1381 2010,1377 2067,1374 2125,1373 2183,1370 2240,1367 2298,1364 2355,1362 2413,1359 2471,1358 2528,1356 2586,1355 2643,1355 2701,1353 2759,1353"/>
                <TextEquiv>
                    <Unicode>habe, ohne etwas zu verſchweigen.</Unicode>
                </TextEquiv>
            </TextLine>
            <TextLine id="r4l16" custom="readingOrder {index:15;} person {offset:24; length:4;}">
                <Coords points="1713,1487 1835,1530 1975,1466 2199,1509 2431,1450 2788,1470 2786,1387 2680,1405 2597,1354 2352,1429 1711,1399"/>
                <Baseline points="1721,1473 1776,1473 1832,1472 1888,1470 1943,1469 1999,1467 2055,1466 2111,1463 2166,1462 2222,1460 2278,1458 2334,1457 2389,1455 2445,1455 2501,1454 2557,1452 2612,1452 2668,1452 2724,1454 2780,1454"/>
                <TextEquiv>
                    <Unicode>dörfe sich deshalb auch Gott be¬</Unicode>
                </TextEquiv>
            </TextLine>
            <TextLine id="r4l17" custom="readingOrder {index:16;}">
                <Coords points="1585,1572 2078,1546 2145,1588 2302,1534 2744,1529 2763,1475 2451,1506 2394,1463 2197,1508 1972,1466 1838,1527 1733,1480 1667,1532 1583,1498"/>
                <Baseline points="1592,1551 1650,1549 1708,1548 1766,1545 1824,1544 1883,1542 1941,1539 1999,1538 2057,1536 2115,1534 2174,1532 2232,1530 2290,1529 2348,1527 2406,1526 2465,1524 2523,1523 2581,1521 2639,1520 2697,1520 2756,1518"/>
                <TextEquiv>
                    <Unicode>wüßen. Datto zugleich um eine</Unicode>
                </TextEquiv>
            </TextLine>
            <TextLine id="r4l18" custom="readingOrder {index:17;}">
                <Coords points="1588,1655 1629,1647 1716,1678 1787,1627 1860,1620 1976,1666 2096,1614 2159,1631 2158,1590 2099,1560 2038,1578 1896,1542 1857,1560 1759,1547 1586,1572"/>
                <Baseline points="1595,1625 1622,1623 1650,1622 1678,1622 1706,1620 1733,1619 1761,1617 1789,1616 1817,1616 1844,1614 1872,1614 1900,1613 1928,1613 1955,1611 1983,1611 2011,1610 2039,1610 2066,1608 2094,1608 2122,1608 2150,1608"/>
                <TextEquiv>
                    <Unicode>gnädige Urtheil.</Unicode>
                </TextEquiv>
            </TextLine>
            <TextLine id="r4l19" custom="readingOrder {index:18;}">
                <Coords points="1767,1736 1916,1721 2026,1762 2107,1723 2237,1737 2336,1708 2457,1764 2578,1710 2633,1733 2632,1634 2435,1678 2285,1603 2185,1666 2121,1640 1976,1666 1844,1626 1766,1639"/>
                <Baseline points="1775,1712 1817,1713 1859,1714 1902,1715 1944,1715 1987,1715 2029,1715 2072,1714 2114,1713 2157,1712 2199,1712 2241,1710 2284,1710 2326,1709 2369,1709 2411,1709 2454,1709 2496,1710 2539,1711 2581,1713 2624,1715"/>
                <TextEquiv>
                    <Unicode>Abgelesten und bestäthiget.</Unicode>
                </TextEquiv>
            </TextLine>
            <TextLine id="r4l20" custom="readingOrder {index:19;}">
                <Coords points="1633,1848 2008,1849 2056,1895 2135,1847 2819,1871 2819,1815 2635,1747 2361,1800 1893,1721 1634,1735"/>
                <Baseline points="1641,1848 1699,1846 1758,1844 1816,1842 1875,1842 1933,1841 1992,1841 2050,1841 2109,1841 2167,1842 2226,1842 2284,1844 2343,1844 2401,1845 2460,1847 2518,1848 2577,1848 2635,1850 2694,1851 2752,1851 2811,1853"/>
                <TextEquiv>
                    <Unicode>Actum in den Oberen Gefangen</Unicode>
                </TextEquiv>
            </TextLine>
            <TextLine id="r4l21" custom="readingOrder {index:20;}">
                <Coords points="1602,1960 1934,1913 2183,1986 2310,1912 2758,1991 2759,1883 2676,1859 2334,1884 2129,1851 2061,1889 2008,1850 1770,1846 1603,1879"/>
                <Baseline points="1611,1917 1668,1917 1725,1916 1782,1914 1839,1913 1896,1912 1953,1911 2010,1910 2067,1910 2124,1910 2181,1910 2238,1910 2295,1910 2352,1911 2409,1913 2466,1915 2523,1917 2580,1920 2637,1925 2694,1929 2751,1934"/>
                <TextEquiv>
                    <Unicode>schafft den 10. Herbstmonats d. 7. 89.</Unicode>
                </TextEquiv>
            </TextLine>
            <TextLine id="r4l22" custom="readingOrder {index:21;}">
                <Coords points="1674,2159 1782,2170 1830,2130 2085,2172 2258,2139 2342,2179 2492,2142 2544,2186 2655,2158 2737,2193 2741,2071 2620,2110 2470,2055 2206,2097 1875,2006 1677,2040"/>
                <Baseline points="1683,2124 1735,2124 1787,2124 1840,2126 1892,2127 1944,2127 1997,2129 2049,2130 2101,2133 2154,2135 2206,2136 2258,2138 2311,2140 2363,2142 2415,2143 2468,2145 2520,2145 2572,2147 2625,2147 2677,2148 2730,2148"/>
                <TextEquiv>
                    <Unicode>Dar die Delinquenum laut ihres</Unicode>
                </TextEquiv>
            </TextLine>
            <TextLine id="r4l23" custom="readingOrder {index:22;}">
                <Coords points="1600,2209 1947,2202 1993,2243 2049,2201 2329,2238 2476,2208 2589,2254 2741,2222 2742,2179 2337,2180 2270,2140 2197,2178 1778,2170 1602,2112"/>
                <Baseline points="1608,2196 1664,2195 1720,2195 1776,2195 1833,2195 1889,2196 1945,2198 2001,2199 2058,2201 2114,2202 2170,2204 2226,2207 2283,2207 2339,2210 2395,2211 2451,2213 2508,2213 2564,2214 2620,2214 2676,2214 2733,2213"/>
                <TextEquiv>
                    <Unicode>Examens vorgegeben, Sie habe auch zu</Unicode>
                </TextEquiv>
            </TextLine>
            <TextLine id="r4l24" custom="readingOrder {index:23;}">
                <Coords points="1567,2316 1757,2269 2210,2284 2372,2331 2475,2284 2774,2309 2775,2270 2691,2230 2512,2261 2136,2210 2032,2256 1870,2200 1773,2249 1570,2198"/>
                <Baseline points="1577,2267 1636,2267 1695,2267 1755,2267 1814,2267 1874,2268 1933,2270 1993,2271 2052,2273 2112,2274 2171,2276 2230,2277 2290,2280 2349,2282 2409,2283 2468,2286 2528,2288 2587,2290 2647,2292 2706,2294 2766,2295"/>
                <TextEquiv>
                    <Unicode>zweyen mahlen Gifft mit Anten ver¬</Unicode>
                </TextEquiv>
            </TextLine>
            <TextLine id="r4l25" custom="readingOrder {index:24;}">
                <Coords points="1584,2365 2408,2361 2516,2424 2632,2371 2776,2390 2778,2348 2697,2297 2481,2283 2387,2330 2207,2283 2094,2314 1764,2270 1586,2314"/>
                <Baseline points="1593,2340 1651,2340 1710,2340 1769,2340 1828,2342 1887,2342 1945,2343 2004,2345 2063,2347 2122,2349 2181,2351 2239,2353 2298,2355 2357,2358 2416,2360 2475,2362 2533,2364 2592,2366 2651,2366 2710,2367 2769,2369"/>
                <TextEquiv>
                    <Unicode>mischt auf Kachelstucken mit Schindlen</Unicode>
                </TextEquiv>
            </TextLine>
            <TextLine id="r4l26" custom="readingOrder {index:25;}">
                <Coords points="1564,2435 2773,2474 2775,2397 2715,2373 2516,2426 2414,2366 2284,2415 2089,2353 2011,2398 1932,2353 1882,2392 1796,2354 1566,2388"/>
                <Baseline points="1572,2418 1631,2420 1691,2420 1751,2421 1810,2423 1870,2424 1930,2426 1989,2427 2049,2429 2109,2430 2169,2432 2228,2435 2288,2436 2348,2438 2407,2441 2467,2442 2527,2444 2586,2445 2646,2447 2706,2448 2766,2448"/>
                <TextEquiv>
                    <Unicode>bedecht in den Garten in Mansten Löcher</Unicode>
                </TextEquiv>
            </TextLine>
            <TextLine id="r4l27" custom="readingOrder {index:26;}">
                <Coords points="1563,2528 1679,2545 1825,2496 1988,2548 2058,2517 2182,2556 2328,2522 2691,2538 2740,2524 2742,2472 2346,2435 2180,2476 1810,2425 1741,2469 1566,2446"/>
                <Baseline points="1572,2498 1630,2498 1688,2499 1746,2500 1804,2501 1862,2503 1920,2505 1978,2507 2036,2508 2094,2510 2152,2513 2210,2514 2268,2517 2326,2519 2384,2520 2442,2522 2500,2523 2558,2525 2616,2526 2674,2528 2733,2528"/>
                <TextEquiv>
                    <Unicode>geleget, und habe den Resten N. S.</Unicode>
                </TextEquiv>
            </TextLine>
            <TextLine id="r4l28" custom="readingOrder {index:27;} person {offset:9; length:8;}">
                <Coords points="1564,2619 1842,2581 1957,2644 2146,2584 2224,2629 2335,2597 2668,2622 2775,2610 2776,2569 2636,2513 2286,2574 1987,2549 1935,2509 1835,2556 1731,2503 1565,2552"/>
                <Baseline points="1572,2583 1631,2582 1691,2582 1751,2580 1811,2582 1871,2582 1930,2583 1990,2585 2050,2587 2110,2589 2170,2591 2229,2593 2289,2595 2349,2597 2409,2598 2469,2600 2528,2600 2588,2600 2648,2598 2708,2597 2768,2595"/>
                <TextEquiv>
                    <Unicode>samt dem Paquelli bey dem S. H. Don</Unicode>
                </TextEquiv>
            </TextLine>
            <TextLine id="r4l29" custom="readingOrder {index:28;}">
                <Coords points="1576,2691 1892,2662 2029,2711 2171,2646 2365,2710 2553,2680 2609,2713 2749,2689 2750,2642 2340,2597 2224,2629 2162,2583 1960,2645 1762,2586 1577,2621"/>
                <Baseline points="1584,2666 1641,2663 1699,2661 1757,2661 1815,2661 1873,2661 1931,2663 1989,2664 2047,2666 2105,2667 2163,2670 2220,2672 2278,2674 2336,2676 2394,2678 2452,2679 2510,2681 2568,2681 2626,2681 2684,2681 2742,2679"/>
                <TextEquiv>
                    <Unicode>haußen verlochet. Ward desthall</Unicode>
                </TextEquiv>
            </TextLine>
            <TextLine id="r4l30" custom="readingOrder {index:29;}">
                <Coords points="1573,2759 1999,2802 2075,2763 2691,2783 2765,2774 2767,2709 2212,2672 1945,2729 1842,2675 1574,2691"/>
                <Baseline points="1581,2747 1639,2747 1698,2745 1757,2745 1816,2747 1875,2747 1933,2748 1992,2750 2051,2751 2110,2753 2169,2756 2227,2757 2286,2759 2345,2760 2404,2762 2463,2763 2521,2765 2580,2765 2639,2766 2698,2766 2757,2765"/>
                <TextEquiv>
                    <Unicode>Meinen gnädigen Herren Schultheiß zu thun aufgetragen</Unicode>
                </TextEquiv>
            </TextLine>
            <TextLine id="r4l31" custom="readingOrder {index:30;}">
                <Coords points="1557,2835 1766,2833 1803,2867 2103,2836 2157,2890 2309,2897 2472,2841 2737,2856 2738,2807 2645,2827 2549,2764 2320,2825 2080,2758 2004,2802 1714,2768 1646,2802 1559,2758"/>
                <Baseline points="1566,2823 1624,2823 1682,2823 1740,2825 1798,2825 1857,2826 1915,2828 1973,2829 2031,2831 2089,2834 2148,2835 2206,2837 2264,2838 2322,2840 2380,2841 2439,2843 2497,2843 2555,2843 2613,2843 2671,2843 2730,2841"/>
                <TextEquiv>
                    <Unicode>die behörige Untersuchung in Loco vor</Unicode>
                </TextEquiv>
            </TextLine>
            <TextLine id="r4l32" custom="readingOrder {index:31;}">
                <Coords points="1563,2908 1682,2945 1788,2907 1911,2944 2031,2913 2219,2915 2270,2950 2349,2922 2332,2887 2275,2876 2162,2892 2102,2837 1974,2888 1860,2845 1717,2878 1655,2840 1566,2841"/>
                <Baseline points="1572,2900 1610,2900 1649,2900 1687,2900 1726,2900 1764,2901 1803,2901 1841,2903 1880,2903 1918,2904 1957,2906 1995,2907 2034,2909 2072,2910 2111,2912 2149,2913 2188,2915 2226,2916 2265,2918 2303,2920 2342,2922"/>
                <TextEquiv>
                    <Unicode>sich gehen zu laßen.</Unicode>
                </TextEquiv>
            </TextLine>
            <TextLine id="r4l33" custom="readingOrder {index:32;}">
                <Coords points="2370,2928 2430,2942 2465,2921 2496,2921 2511,2937 2545,2925 2582,2940 2670,2926 2696,2941 2750,2937 2751,2859 2723,2863 2703,2847 2621,2880 2568,2862 2527,2881 2474,2841 2372,2864"/>
                <Baseline points="2378,2919 2404,2917 2430,2916 2456,2916 2482,2916 2508,2916 2534,2918 2560,2919 2586,2919 2612,2921 2638,2922 2664,2922 2690,2922 2716,2922 2742,2921"/>
                <TextEquiv>
                    <Unicode>Welcher dann</Unicode>
                </TextEquiv>
            </TextLine>
            <TextLine id="r4l34" custom="readingOrder {index:33;} person {offset:19; length:6;}">
                <Coords points="1559,3009 1791,2980 1866,3032 1979,2981 2240,3041 2420,2991 2543,3026 2738,3007 2730,2931 2477,2976 2365,2912 2142,2911 2030,2959 1562,2912"/>
                <Baseline points="1568,2979 1626,2977 1684,2976 1742,2975 1800,2975 1858,2976 1916,2977 1974,2979 2032,2981 2090,2982 2149,2985 2207,2987 2265,2990 2323,2991 2381,2993 2439,2994 2497,2996 2555,2997 2613,2997 2671,2996 2730,2996"/>
                <TextEquiv>
                    <Unicode>hierüber folgendes Terbal samt den</Unicode>
                </TextEquiv>
            </TextLine>
            <TextLine id="r4l35" custom="readingOrder {index:34;}">
                <Coords points="1553,3111 1684,3058 2285,3135 2431,3071 2626,3119 2628,3015 2420,2991 2163,3042 1979,2980 1867,3032 1718,2977 1555,3018"/>
                <Baseline points="1562,3066 1614,3062 1667,3058 1720,3056 1773,3054 1826,3054 1879,3053 1931,3054 1984,3054 2037,3056 2090,3057 2143,3060 2196,3062 2249,3064 2301,3066 2354,3068 2407,3069 2460,3071 2513,3072 2566,3074 2619,3074"/>
                <TextEquiv>
                    <Unicode>gefundenen Sachen eingestendt.</Unicode>
                </TextEquiv>
            </TextLine>
            <TextLine id="r4l36" custom="readingOrder {index:35;}">
                <Coords points="2639,3166 2653,3167 2660,3161 2681,3163 2688,3156 2701,3155 2695,3092 2681,3092 2675,3097 2666,3096 2658,3102 2650,3098 2644,3100 2641,3097 2633,3097"/>
                <Baseline points="2646,3153 2693,3149"/>
                <TextEquiv>
                    <Unicode>se</Unicode>
                </TextEquiv>
            </TextLine>
            <TextLine id="r4l37" custom="readingOrder {index:36;}">
                <Coords points="1593,3173 2021,3159 2374,3205 2414,3172 2543,3220 2658,3200 2660,3168 2544,3105 2447,3100 2393,3147 2096,3131 1938,3063 1814,3112 1595,3123"/>
                <Baseline points="1602,3162 1654,3159 1706,3156 1759,3155 1811,3153 1864,3153 1916,3153 1969,3155 2021,3156 2074,3158 2126,3161 2178,3164 2231,3167 2283,3171 2336,3174 2388,3177 2441,3181 2493,3184 2546,3187 2598,3189 2651,3192"/>
                <TextEquiv>
                    <Unicode>Da der Hochedelgebohrnen MHH.</Unicode>
                </TextEquiv>
            </TextLine>
            <TextLine id="r4l38" custom="readingOrder {index:37;}">
                <Coords points="1510,3180 1534,3181 1560,3198 1573,3193 1565,3133 1556,3132 1548,3137 1535,3135 1529,3144 1522,3140 1516,3144 1505,3144"/>
                <Baseline points="1518,3180 1563,3174"/>
                <TextEquiv>
                    <Unicode>1</Unicode>
                </TextEquiv>
            </TextLine>
            <TextLine id="r4l39" custom="readingOrder {index:38;} person {offset:11; length:8;}">
                <Coords points="1569,3263 1656,3293 1739,3233 1832,3229 2016,3274 2238,3236 2675,3273 2719,3264 2721,3189 2667,3170 2565,3229 2414,3173 2295,3223 2022,3160 1907,3198 1754,3162 1571,3187"/>
                <Baseline points="1578,3239 1634,3234 1691,3230 1748,3227 1804,3227 1861,3226 1918,3227 1974,3228 2031,3230 2088,3233 2145,3236 2201,3239 2258,3242 2315,3245 2371,3248 2428,3249 2485,3251 2541,3252 2598,3252 2655,3252 2712,3249"/>
                <TextEquiv>
                    <Unicode>Großweibel eingerin deren, laut</Unicode>
                </TextEquiv>
            </TextLine>
            <TextLine id="r4l40" custom="readingOrder {index:39;}">
                <Coords points="1511,3262 1519,3263 1530,3269 1533,3267 1542,3268 1549,3192 1542,3191 1537,3194 1529,3190 1526,3186 1519,3186"/>
                <Baseline points="1521,3248 1536,3249"/>
                <TextEquiv>
                    <Unicode>1</Unicode>
                </TextEquiv>
            </TextLine>
            <TextLine id="r4l41" custom="readingOrder {index:40;}">
                <Coords points="1502,3353 1985,3321 2154,3393 2469,3405 2563,3355 2719,3382 2721,3284 2636,3253 2523,3305 2336,3246 2284,3285 1819,3229 1661,3289 1504,3256"/>
                <Baseline points="1511,3330 1571,3321 1631,3313 1691,3307 1751,3303 1811,3300 1871,3299 1931,3299 1991,3300 2051,3302 2111,3303 2171,3306 2231,3310 2291,3314 2351,3318 2411,3321 2471,3326 2531,3328 2591,3332 2651,3334 2712,3336"/>
                <TextEquiv>
                    <Unicode>des an den Wohledelgebohrnen Schl.</Unicode>
                </TextEquiv>
            </TextLine>
            <TextEquiv>
                <Unicode>150.
Dampen
Resten dazu gebrauchet, sondern habe
noch das wenige, so zu unterst in dem
Pappeli verblieben, in dem Toden verlochet.
Auf endliche kräfftige Priviant doch
nichts zu unterhalten, sondern zu be¬
kennen, was es noch möchte verhalt
haben, dardurch es sein Gewißen in
Suche sezen, und Bund bey Nott
und den Menschen finden könne.
Betheurete es, daß es nun sein
Beweißen völlig entladen, und sein
Verbrechen in wahren treuen bekent
habe, ohne etwas zu verſchweigen.
dörfe sich deshalb auch Gott be¬
wüßen. Datto zugleich um eine
gnädige Urtheil.
Abgelesten und bestäthiget.
Actum in den Oberen Gefangen
schafft den 10. Herbstmonats d. 7. 89.
Dar die Delinquenum laut ihres
Examens vorgegeben, Sie habe auch zu
zweyen mahlen Gifft mit Anten ver¬
mischt auf Kachelstucken mit Schindlen
bedecht in den Garten in Mansten Löcher
geleget, und habe den Resten N. S.
samt dem Paquelli bey dem S. H. Don
haußen verlochet. Ward desthall
Meinen gnädigen Herren Schultheiß zu thun aufgetragen
die behörige Untersuchung in Loco vor
sich gehen zu laßen.
Welcher dann
hierüber folgendes Terbal samt den
gefundenen Sachen eingestendt.
se
Da der Hochedelgebohrnen MHH.
1
Großweibel eingerin deren, laut
1
des an den Wohledelgebohrnen Schl.</Unicode>
            </TextEquiv>
        </TextRegion>
    </Page>
</PcGts>
