3024 4032
171 164 306 260 541.
528 162 900 328 Maria
185 297 361 472 Act.
389 308 1459 524 Sie habe ihm geglaubt, und so da
363 433 1437 591 mehr, es seine Zeiten allezeit
353 507 866 648 starck gehabt.
404 607 1472 816 Ob Sie des Mareyle, als er wide
191 621 359 804 fung
370 726 1438 882 vn die Stadt gegangen, gesehen
368 805 1278 962 seinem Schand Sack füllen.
175 925 339 1046 Ants.
380 921 1417 1066 Sie habe ihn nicht gestehen den
348 1010 1420 1190 Stand Sach füllen, und wiße
348 1115 1442 1284 nicht, was es darein gethan, es
333 1198 1432 1346 habe gesagt, es neine Genik der
351 1295 1424 1483 mit, das Säckli seye angefüllt
329 1403 671 1552 gelesen.
369 1518 1411 1691 Als sie mit dem Mareyli bey¬
158 1527 322 1668 frau.
357 1623 1455 1789 seiner Ankoufft in das losse geredit,
351 1721 1426 1858 ob sie es freundlich empfangen,
327 1814 1431 1974 und auch in allen Liebe befraget
322 1916 1451 2078 und eine Schwangerschafft zugemuter
165 2038 1390 2220 Ant. Ja, sie habe in deiter Manner
326 2123 1428 2278 mit ihm geredet, durch dem Vatter
303 2213 1436 2422 mit guten Worten gesaget, daß
323 2340 1383 2509 wihns fragen solle. Es habe
308 2453 1385 2618 ihm haben auch nichts bekennen,
314 2583 597 2697 wollen
307 2697 1384 2880 E hoch Bruggiman von
94 2705 293 2880 2.
301 2802 1388 2976 Waberen, 23 Jahren Alters, und
319 2897 1406 3086 verheirathet, sagt aus, auf
287 3024 721 3155 Gefragen:
338 3089 1338 3272 Ob es nicht beym Lehenman
138 3145 308 3298 pg.
309 3223 932 3381 im Lohn gedienet?
109 3280 1333 3520 ants. Ja von Jacobe biß wienacht.
930 3455 1163 3607 frag etc.
2791 -29 2949 108 375.
1936 201 2300 344 Bunge
1524 180 2970 596 frag, welchen Tag es dorten wegg gegangen.
1520 326 2896 674 Ants. Am Montag nach Wienachten und
1640 548 2136 719 Mittags Zeit.
1674 533 2945 834 Ob Er an der Sienacht den gantzen
1649 644 2803 907 Trg und Nacht draußen gewesen?
1525 749 1674 893 frag
1567 796 2396 998 fragen, ob es das Schareyli junge gesehen.
1540 883 1740 966 ant. 1.
1526 785 2929 1057 ants. Er, es seye aus Wienacht Sonntag am
1642 862 2885 1174 Morgen hinand kommen, da es Depos.
1653 941 2951 1230 in der Kuche gewäßen, habe nach dem
1643 1072 2928 1341 Knecht gefraget, und wie es ihm ge¬
1657 1154 2908 1428 saget, er seye in der Predigt, seye
1658 1263 2929 1504 es in die Stuben gegangen, habe die
1699 1403 1731 1462 E
1645 1383 2928 1630 händ auf den 8ten geleget, und sei¬
1658 1478 2887 1744 men Kopf darauf gestuhet.  Wald¬
1661 1579 2883 1832 darnach habe es ihn geheißen das
1668 1701 2941 1900 darbeit und dem Ober Baden hinum
1636 1827 1667 1943 l
1657 1796 2923 1995 tter holen, und auf dem Ofen wer¬
1661 1943 2890 2105 denen. Als solches waren genug
1664 2029 2935 2222 gewesen, habe es das Hackbett wieder
1656 2149 2907 2323 hinauf getragen, und das Mareyli
1659 2255 2922 2378 sere ihm in das Obergaden nachge¬
1662 2350 2911 2513 folget, daselbst Er angefangen sich.
1672 2459 2900 2645 abzuziehen. Er Dept. habe sich da
1671 2552 2924 2754 nicht verweilet, sonder seye alsobald
1659 2655 2933 2835 wieder hinwegg gegangen. Denselben
1636 2758 2913 2987 Tag habe er das Mareyli nicht mehr
1656 2876 2900 3088 gesehen, am Montag vnd Morgen
1652 2953 2922 3209 aber, habe es das Obergaden gewischet
1649 3070 2945 3333 da das Mareyle noch im Gedt gelegen
1656 3139 2909 3400 von welchem es darnach Abscheit ge¬
2713 3249 2796 3334 e
1652 3251 2917 3517 nommen, und das zu von nichts an
1643 3357 2954 3656 werd gesagt, als behuet dich Gott.
2529 3644 2758 3783 fung etc.
