3024 4032
193 272 330 362 395.
237 414 281 497 .
600 250 1051 397 Anna
352 372 1445 524 mir ihr kranker Kind zu zeigen, und meinen
343 471 1426 607 Raht zu wißen, da ich alsdann beyläuffig
340 535 1458 669 fragte, wie es um die Kranke stuhnde,
344 605 1446 747 leich bey ihr besucht. Hab sie mir zur
337 674 1470 814 antwort, daß die frau Schultheiß in Stürler
337 744 1390 863 von Thun ihr alsobald einen Platz in der
305 807 1391 957 Instul gefunden. Da sagte ihr, daß er
321 904 1414 1022 nir leid wäre, fast einen Bosten Argwohn
314 967 1368 1101 gegen das Mensch gefaßet zu haben,
325 1036 1364 1185 mein Beruf erforderte aber vorsichtig
1372 1089 1416 1168 .
288 1104 590 1220 zu seyn.
387 1158 1396 1315 dieses ist alles was von diesem Zustande
296 1252 1446 1392 stagen kan, welches in aller Treue exponiren,
297 1337 1360 1486 eigenhändig schreibe und unterschreibe.
854 1440 1010 1489 brio
284 1396 959 1537 In Bern den 25ten 1
968 1442 1202 1562 27809
670 1503 1347 1679 Sigl. Fliesser Mede
571 1687 992 1817 Dersehe
394 1785 1238 1908 Von Herr Doctor Herzog.
285 1850 1344 2008 Wolohgebohrnen, hochgeehrten Herrn
285 1947 1337 2095 Großweibels orere schuldige folge zu¬
285 2043 1360 2140 leisten, nämlich und zu wißen, warum
274 2108 1321 2203 und unter welchem Praetext die Anna
276 2171 1360 2291 Bähler in Ihr Gnaden Instul begehrt, und
271 2236 1344 2376 auch aufgenommen worden, habe die Ehre
280 2311 1294 2437 darüber kürtzlich, so viel ich mich deßen
284 2388 1193 2523 noch besinnen mag, einzuberichten.
315 2455 1371 2601 Letzt verlichenen 20. Aug. zwischen 7.
279 2537 1342 2661 und 8 Uhren, da ich eben mit etwelchen
258 2611 1366 2717 Persohnen vor meinem Haus redete, kam
267 2698 1373 2797 diese Anna Bähler auch daher, und auf die¬
207 2755 1391 2881 fragen, was sie wolle antwortete sie, sie stege
248 2825 1355 2943 Hr. Schultheiß Stürlers von Ihnen Köche, und
262 2889 1355 3021 sleutet welcher Zeit gar nicht wohl, auch
268 2963 1358 3094 deswegen heim nach Watenbyl gegangen,
280 3028 1396 3160 und aldorten Mitel zu gebrauchen, welche
277 3095 1361 3233 aber nicht anschlagen wollen, derohalb sie
267 3170 1412 3289 wieder auf Bern kommen, und halte sich 4
270 3235 1342 3353 gegenwärtig Mitel von H. Hilfer auf¬
271 3313 1332 3424 die frag, was sie von diesen Mitlen¬
266 3374 1360 3495 für ein Effect versuchen, war die Antwort¬
1245 3443 1354 3527 es
308 3441 1168 3569 bey gemand bekanten auf, brauche
1614 441 1652 488 g
2714 300 2838 384 390
1880 316 1925 364 .
1906 308 2284 417 Dahlet
1650 387 2811 495 es wolle nicht beßeren, bäte mich also inständigst
1647 444 2758 534 ich möchte sie doch in die Justel annehmen.
2763 450 2827 559 y
1642 498 2755 599 fragte hierauf was eigentlich ihr Übel sage
1649 544 2798 636 da klagt die über druken der Brust, Wallung des
1647 618 2807 712 Bebluts, so ihra zuweilen nach dem Kopfsteige¬
1649 676 2814 784 die hoffe, wann ihre reglen sich wieder einfanden,
1642 735 2797 833 es wäre ihre geholfen, und sie wieder gestund¬
1630 795 2803 915 Hierauf sagte ich, ist nicht etwan etwas greub¬
1641 860 2807 969 ästiges hierunter verborgen. Da gienge das
1626 929 2805 1033 subtestiren an, Ach mein Bott. sagte sie, er ist
1624 983 2791 1102 gelaß nichts dergleichen. Nun dann, sagt Ich
1634 1050 2793 1172 diesen Morgen wird Schanstaal gehalten,
1630 1117 2776 1238 stelle dich dorten, ich will schonen, daß ich
2296 1190 2749 1294 Im Schaustaal
2173 1219 2237 1308 b
1642 1182 2171 1305 disch placiren kan.
1634 1257 2762 1371 fragte Herr Doctor Langhand, Ob nicht Hl.
1624 1328 2819 1437 Schultheiß Stürlers Kochen sich angemeldet.
1639 1407 2824 1519 Sie möchte gern in die Instul. Ich sagte, die
1624 1466 2828 1590 seye diesen Morgen, bey mir gewesen, habe
1609 1535 2743 1658 Die hiehar bescheiden. Einige Minuten
1606 1613 2807 1738 hierauf, strafe die Kochen herrnn hier ist bie
1631 1689 2792 1815 schon sagte ich, und fragte Sie nochmahlen,
1639 1764 2818 1880 nebst noch anderen Herrens ich bekam gleiche
1623 1823 1865 1921 Antwort.
2014 1831 2794 1953 hierauf ließe ich sie abtret¬
1619 1907 2795 2015 ten, und hieße sie draußen warten, mit
1623 1981 2771 2092 Vermelden ich wolle sie annemmen, wie ich
1624 2038 2782 2160 dann auch thate. Morgens darauf Lande
1623 2108 2789 2235 ich sie in der Doctor Stuben, fragte Sie noch
1627 2187 2746 2304 einmal aber ihren Zustand, war wieder
1614 2263 2812 2390 gleichen Bescheid, auf dieser Berichthin,
1634 2329 2786 2459 verordnete ich ihra eine Penz, sagte aber
1885 2396 2246 2455 sieber ehr das
1625 2406 2763 2526 anbey, wann an sie sizge, mich deßen zu
1621 2462 2753 2602 berichten. Übermorgens bey Eintrit
1627 2530 2746 2660 in die Stuben wagte mir die Mutter, sie
1605 2610 2777 2738 habe der Köchin nichts von denen Tropfen
1612 2681 2787 2808 gegeben. Ich fragte, warum. Da sagte Sie,
1612 2751 2756 2872 Sie habe mir gestern vergeßen zu sagen,
1624 2809 2750 2948 daß Sie schon seit etwelcher Zeit Blutge¬
1617 2885 2723 2985 zeyet. Ich sagte hierauf der Mater, sie
1606 2957 2738 3075 habe sehr wohl gethan. Verordnete hernach
1617 3022 2748 3140 der Köchen ein gage Fußbäder, eine oderlaße
1622 3080 2719 3201 und das Weisenburger Waßer, den Tag
1629 3160 2716 3264 durch zu trinken. Das Blut seyen ließe nach,
1613 3209 2760 3334 Die Befande sich wohl hierauf, allein Ansehen nach,
1624 3263 2760 3398 und war wohl, bis zu ihrem traurigen Ausgang
1629 3325 1952 3396 aus der Insul¬
1625 3356 2772 3478 dis ist, was ich an Eyd und pflichts stat der Warheit zu steür
1620 3418 1949 3491 attestieren kan
1573 3468 1895 3542 den 13 tenebris
2103 3457 2724 3571 sigl. Oberzog D. Indul
1686 3505 1861 3613 1770.
