3024 4032
147 349 261 426 2122.
634 316 996 460 aber
357 407 1293 551 Baillif de S. Jean, sy est fait rendre
339 513 1310 622 homage, c'est à dire une quinzaine de jois
334 575 1336 659 apres a Martin, que des la sis la Nouvelle
324 646 1271 733 de la Detention de sa mere à Berne, il ses
340 703 1223 773 étoit rendu, avec la nommée catherrine
316 768 1346 866 Schreye, chez qui il logeoit; L'Inspecteur
321 822 1301 934 de LL. EE. ma dit, quʼon avoit voulu lui
328 877 1289 983 insinuer, quʼil étoit encore secrettement
325 941 1283 1057 à Chules ; mais les stris cy deſsous me
311 1004 1270 1106 font presume le contraire ; Pendant le
315 1067 1274 1178 Tems quʼil y a été, il est venu diverses fois
318 1132 1247 1238 au Pont de Thielle, chez l’Inspecteur,
311 1190 1360 1284 & à la Poissine, sans avoir jamais, du moins
310 1255 1253 1356 de notre su, paſsé le Pont. Je nʼay rien
299 1323 1259 1433 pu aprendre si la quantité d'Argent
304 1382 1288 1489 qu'il a du dépenser. Je sais seulement
301 1445 1279 1545 que pois l'ordinaire, il faisoit cherche
307 1512 1357 1620 du Vin, pas la femme de l'Inspecteis, quelque
285 1562 1303 1669 fois même aſsez abondament ; jʼay encore
305 1637 1262 1745 apris quʼà la Poissine, on lui avoit vn
288 1700 614 1807 des Bajoires.
403 1854 1276 1985 opre du Verbal de la
298 1940 1351 2069 Deposition du Sicis Jonas Chatteray
293 2023 1357 2134 Bourgeais de Neufchatel, sis les interrogato
300 2094 1323 2179 a lui adressé pas Monsieur le Maire
324 2156 1219 2249 de la Ville, le 12 Decembre 1769.
572 2227 988 2329 Dn 12. obris 1769.
319 2266 1320 2420 oble & vertueux Samuel
287 2360 1287 2447 Petit pierre, Conseiller d'Etat &
295 2429 1276 2519 Maire de la Ville de Neufchatel,
287 2491 1220 2599 pour sa majesté le sois de
288 2547 1307 2679 Pruſse, notre Souverain Prince &
291 2630 1342 2726 Seigneurs V. R. en Son Studience, préſent
304 2682 1346 2806 le Greffier Saussigné & le grand lauthier
292 2755 1337 2853 Samuel Convert, a fait comparoitre
292 2820 1291 2894 le Sieur Jonas Chattenay, Bourgers
300 2877 1322 2981 de cette Ville, & cy devant hôte à la Clef-
295 2932 1336 3045 des, lequel il a requis par la Religion
296 2992 1338 3098 di serment qu'il lui a preté, de lui dire
299 3042 1361 3169 toute verité, si les questions qu'il pa lui
302 3127 541 3193 adresser.
290 3161 1240 3271 Interroge. Sʼil connoit une femme,
304 3215 1354 3313 nommée Catharine Schmid, nee Räber
229 3315 1313 3395 Repond. quoui, quʼil connoit une femme qui
301 3362 1327 3446 sapelle Schmid, & quʼil la conoit depuis
294 3413 1280 3517 plus de vingt ans, que sa Profession
1181 3462 1307 3537 etoit
2610 278 2747 378 2110
2023 296 2397 448 Reber
1630 405 2724 525 toit conturiere en blanc, quelle a travaille
1614 505 2613 601 pour lui en cette qualité, mais il y a longtems.
1548 566 2691 688 Interoge. Sʼil y a longtems quʼil nʼà vue cette femme dans
1630 621 1869 710 cette ville.
1574 649 2724 780 Repond. Quʼil se rapelle qu’à la derniere foire de
1606 738 2656 845 dt. Martin, la dite, femme paſser chez lui, sans
1602 807 2685 918 savoir que la dite femme eut rien à faire, dans
1600 870 2725 983 sa maison, quelle dit alors, quelle etoit domicilée
1603 937 1838 1035 à Milles.
1560 964 2754 1103 Interroge. Sʼil y a environs trois mois, que cette dite
1612 1062 2329 1167 femme, nʼa point été chez leu
1587 1108 2734 1219 Reponse. Qua l’Exception, de ce quʼil la vit à le
1623 1175 2698 1259 le derniere forie, qui est au Commencement de
1604 1252 2696 1335 Novembre, il ne se rapelle pas de l’avoir vû,
1621 1316 2051 1418 depuis un longtems.
1548 1363 2741 1483 Interroge. Si lui Deposant, na point done, à la
1620 1427 2725 1543 Dite Schmid une Clefsans Barbe, & cela, il ya
1620 1488 2761 1579 environ trois ou quatre Mois, ou au Commencement
1622 1553 2768 1658 de Novembre, à la derniere foire, quand elle fut
1618 1599 2700 1717 cec, & dont la dite Schmid, disoit voulos se
1608 1690 2326 1791 serois en place de Persos.
1545 1758 2740 1844 Repond. Que non, quʼil ne lui a jamais donne ni
1625 1820 2536 1929 lef ni Person, ni rien de semblable.
1534 1917 2736 1994 Interroge. Si la dite femme Schmid, a travaillé
1621 1957 2223 2050 pois lui, & en quel tems.
1546 2013 2674 2126 Repond que la dite Schmid lui a fait des
1602 2101 2739 2195 Chemises, il y a environ quinze a seire Ans,
1619 2171 2697 2266 & que cʼest la tout Louvrage, quelle a eut
1606 2211 1997 2299 fait pour lui.
1639 2279 2760 2400 Cette Declaration relue au Semain, d
1621 2351 2761 2474 lʼa confirmée, par la Religion du ſerment,
1623 2424 2751 2538 qui lui a été intime, en tout, son Contenu
1636 2480 2721 2594 Eil à été ordoné par Monsieur le Marie
1633 2540 2722 2669 au Griffier Soussigne, de l'expedier en cette
1602 2617 2634 2732 forme, munie de son seine notarial. A
1616 2682 2645 2809 Neuschatel le jour & l’un que dessus.
1877 2743 2579 2867 Sigl. D. F. Jeanienang
2581 2796 2654 2844 .
2330 2836 2735 2912 avec paraphe
1599 2818 2642 2973 Le tout fidelement copié, d’apres les
2675 2894 2739 2969 .
1638 2917 2155 3026 Pieces Originales.
1824 3000 2760 3153 sige Chancellerie de Neufchatel.
