3024 4032
152 2141 234 2250 3.
165 253 298 348 293.
271 340 315 457 .
539 246 1101 404 Balmen
326 357 1331 516 ihme solches anzuzeigen, da sie dann
322 435 1288 611 in aller Ein mit einander zuruk zu
314 503 1212 653 diesem Kind gegangen, haben es
313 579 1267 718 aufgehoben, und in des Jacob Kolbs
306 653 1269 814 Haus in der Riederen getragen,
316 722 1317 861 deßen weib Er behörig besorget, und
301 776 1336 955 welches noch bey leben seye. Auf Geheiß
301 851 1260 1022 bemelten Chorrichters seye er depe
305 932 1300 1080 alsobald auf Kapelen gegangen, und
287 1005 1341 1162 habe nach einem etwan dahin gekomme,
301 1070 1268 1221 nen Mensch gefraget, da Er dann
298 1139 1326 1289 von dem Kristen Riesen vernommen,
295 1208 1254 1356 daß er kurz vorher an gleichem
283 1288 1272 1445 Ort, wo das Kind seye gefunden
285 1368 1253 1519 worden, ein Weibsbild gestehen
287 1428 1229 1565 und angetroffen, so auch erst
280 1505 1194 1661 kürtzlich da bey Kapelen vorbey
289 1590 1225 1717 gegangen: Sie haben darauf
292 1664 1303 1794 dieser Mensch in der Stuck beyd gesucht,
291 1733 1293 1857 aber nicht angetroffen heute mor¬
286 1798 1236 1937 gens haben sie an gleichem Ort,
283 1883 1207 2002 wo das Kind gefunden worden,
286 1941 1275 2073 doch hierwärts dem Hann. Merk¬
286 2020 1260 2153 male von einer Genißt gestehen.
306 2156 1276 2310 Jacob Kolb der Schneider
294 2266 1296 2359 in der Riederen Bonhaft, sagt aus¬
352 2341 1339 2456 destern Abends in seiner Abwesenheit
283 2401 1299 2537 habe der Niklaus Koster ein gefun¬
288 2477 1243 2595 denes Kind steiner Frau zur
289 2552 1238 2667 Besorgung übergeben, welches
298 2618 1270 2747 sie aufgenommen, und so noch bey
290 2694 1069 2814 Leben und munter seye.
284 2778 1195 2941 Hierauf wurden mit obigen
295 2885 1319 3015 Mauern alsobald zwey Thurnbeibel
298 2966 1248 3092 abgeschiket, dieses obbeschriebene
299 3026 1273 3129 Mensch in der Stand Weid oder auf
299 3098 1243 3218 der Redi, oder wo sie es erfragen
295 3165 1009 3284 könten, aufzusuchen.
1007 3170 1287 3258 die dann
300 3233 1282 3353 selbiges in der Standweid ohnweit
287 3295 1322 3427 Kapelen bey seiner verheirateten
1089 3386 1316 3487 Schwester
1313 2285 1357 2367 .
2582 358 2712 447 294.
1853 332 2401 473 Galmer
1564 441 2692 564 Schwester, der Anna Wyß angetroffen, wel¬
1621 513 2697 640 ches seine Genißt ihnen von selbst bekennet,
1621 580 2696 699 von da Sie Er auf einem Nägelin in den
1613 639 2698 761 hiesigen Spithal führen laßen, mit bele¬
1617 701 2665 821 chem Meth. Großweibel und Brucht¬
1627 785 2663 892 Schreiben alsobald nachfolgendes kurzes
1621 833 2705 973 Examen verführt, zuvor aber noch in ihrer
1622 890 2116 1012 Außag vernommen
2107 998 2150 1043 1
1528 996 2638 1136 Anna Deharen, Jakob Kolbe
1619 1122 2654 1206 Eheweib in der Riederen, welche das Kind
1625 1169 2638 1286 bervorget, alher gebracht, und deponirt.
1657 1246 2679 1357 Gestern Abends gegen 6 Uhr seye
1613 1319 2646 1435 der Stilland Moster von Kapelen zu
1633 1390 2671 1507 ihrer Behausung gekommen, und habe
1625 1459 2719 1582 gesagt, es lige ohnweit dem Brüggli neben
1630 1539 2653 1652 der Straß in des Adrian Marthalers
1619 1608 2722 1721 Maten ein lebiger Kindlein, solle kommen
1621 1682 2705 1789 Es aufzuheben. Die seye einigst zu dem
1617 1750 2688 1867 Chorrichter Hand Istenscheid gegangen,
1631 1825 2689 1932 ihme solches anzuzeigen, der dann mit
1618 1890 2651 2003 Ihnen hinab zu dem Kind gekommen,
1637 1969 2713 2082 welches sie geben dem Zaun in der Maten,
1640 2030 2713 2130 in einem trokenen Waßer Gräblein
1641 2094 2657 2216 auf dem Bauch im Blutligend und
1621 2168 2714 2289 schreyend angetroffen, so sie alsobald
1627 2247 2717 2364 aufgehoben, heimgetragen, verbunden
1630 2320 2729 2446 gewaschen, und so gut möglich besorget,
1636 2388 2690 2513 wie man mit einem frisch gebohrnen
1624 2471 2689 2581 Kind zu thun pflege, habe aber nichts
1633 2519 2726 2653 zu sich nemmen wollen. Seÿe ein Mägd¬
1640 2607 2683 2706 lein, welches ein blaued Armlin und
1626 2675 2617 2800 viele Kritzen am Leib herum habe,
1650 2744 2660 2878 Diesen Morgen haben die neben
1639 2842 2706 2981 dem Zaun hierberts der Maten Blut¬
1635 2920 2647 3048 an dem Soden gewahret, und die
1639 2984 2711 3103 Nachgeburt habe Er noch diesen Nach¬
1633 3056 2716 3180 Mittag an gleichem Ort an einem Pauli
1639 3140 2704 3255 gangen gefunden, welche Sie zur Hand
1642 3214 2518 3308 genommen und Heim getragen.
1633 3271 2662 3383 diesem nach wurde das Kindlen von den
2482 3349 2670 3450 Herren
