3024 4032
325 284 462 400 369.
796 290 1096 428 Geller.
481 410 1525 578 zu diesem Eid ihre Schwängerschaffgehen¬
485 490 739 607 gehalten.
496 561 1514 718 Wie um dergleichen schwere Verbrechen
469 637 1514 776 und Blutkünden zu straffen, und unsere
460 709 1511 839 Lande davon zu reinigen. Sie von dem
454 771 1506 923 Allerhöchsten Regirten das Schwerdt¬
463 837 1350 958 der Gerechtigkeit empfangen.
471 922 1339 1055 Als haben wir zu Recht
565 1009 1438 1173 Erclert und Gesprochen
449 1100 1475 1254 Es solle diese Mißethäterin ichsbest
439 1211 1451 1344 Zelter nach Empfehlung ihrer armen
440 1283 1395 1417 Seele in die Erbarende ihres Erlösers
426 1359 1414 1481 zu wohlverdienter Bestraffung ihres
443 1432 1469 1539 schweren verbrechend, und anderen Kösten
421 1497 1454 1626 zum Abschen und Schreken dem Scharf¬
451 1560 1502 1695 richter übergeben, von demselben gebunden
440 1638 1469 1772 Obenaus auf die gewohnte Richt stät
432 1707 1471 1829 geführt, und alda mit dem Schwerdt vom
428 1781 1450 1908 Leben zum Tod hingerichtet, der entstelte
430 1866 1435 1981 Cörper dan̄ an das verschmächte Ort
437 1920 1443 2050 verscharret werden, und ihr Gut unserem
431 1993 997 2118 Tisto zubekent, seyn.
425 2054 1486 2188 Beben in unserer großen Rahts verstan¬
425 2135 1301 2261 lung den 18 Brachmonat 1770.
362 2541 1497 2712 Als nun zu Vollziehung obiger Urteil
406 2657 1423 2791 alle nöhtige und gewöhnliche Veran¬
394 2730 1455 2850 stattungen geschehen, der Herr Groß¬
410 2809 1449 2939 weibel der Elsbeth Zetter gleichen Nachmit¬
401 2890 1423 3013 Tag das leben feyrlich abgesprochen
377 2972 1389 3074 hate, und dieselbe auch von einem
397 3018 1451 3156 güstlichen Herrn zum Tod zubereitet
400 3107 1457 3206 und getröstet würde, nach diesem dann
371 3181 1457 3295 zweyen Herren Candidaten zu Besorgung
401 3223 1442 3360 ihrer Seele heil überlaßen ward, So
373 3318 1450 3444 hat dieselbe auf den Abend gegen diese
379 3382 1414 3517 Hr Geistlichen sich erkläret, daß sie
1682 499 1734 586 .
2022 367 2265 505 Gellen
1739 473 2769 596 Sie der hohen Oberkeit aus Angst und Schreken
1727 539 2761 656 die Unwarheit vorgegeben, indem Sie kein Kind
1713 601 2756 731 zur Stett gebohren habe, sondern annoch
1722 661 2743 794 schwängern Leibs sich befinde, und ihre
2744 641 2798 769 .
1735 715 2296 845 weibestrucht verspühren.
1738 786 2794 924 Auf diese geschene so übernemmende Anzeig
1727 874 2805 989 haben die Herren Großweibel und Reicht¬
1707 926 2782 1059 schreiber sich förderlichst in die Gefangen,
1705 1005 2761 1111 schaft begeben, und da die Zeller auf der
1723 1071 2793 1209 Wiederruffung ihrer gethanen Bekantnus
1730 1163 2797 1275 und Versicherung ihrer vorgebenden Burk¬
1726 1231 2773 1360 lichen Schwängerschaft beharret. So haben
1711 1308 2754 1388 Sie mit vorwißen und Gutheißen Ihro
1714 1378 2721 1499 Gnaden H. Amtschultheilen solche
1721 1455 2725 1575 durch erfahrne Medicos und Haurgos
1724 1523 2782 1652 viditieren laßen. Welcher eydlicher Bericht
1723 1603 2765 1724 dahinaus gefallen, daß sie in der
1722 1668 2803 1796 That vermuhten, selbige seye schwängern
1708 1748 2740 1872 Reibs, und möge sich in dem H. Monat
1718 1822 2573 1944 ihrer Schwängerschaft befinden.
1768 1894 2746 2036 Als nun all dieses Zinstag Morgens
1719 1978 2797 2090 MagH. und oberen vorgetragen worden,
1699 2048 2786 2141 haben hoch dieselben die Execution der
1720 2134 2784 2253 Tags vorhero ausgefalten Todtes Urtheil
1723 2202 2735 2317 aufzuschieben erkent, und zugleich
1724 2266 2772 2398 anbefohlen, daß diese Elebet Zeller
1723 2344 2788 2471 aus der oberen Gefangenschafft in den
1721 2416 2791 2540 Spithal transportiert, alda bis zu erfolgen¬
1733 2496 2785 2620 der allfälliger Benist erforderlich besor¬
1723 2566 2695 2692 get, und wohl verwahret werden soll,
1732 2634 2622 2764 welches auch gleichen Tag geschehen.
1731 2709 2753 2847 Und da die Zeller Montags den 30ten
1717 2801 2773 2918 Heumonats des Morgens in dem Spithal
1735 2876 2713 2982 eines volkommen wohl ausgetragenen
1724 2943 2756 3050 lebendigen Knoch keins niedergekommen
1738 3014 2758 3138 und Meine gnädiger Herren und Oberen den 16ten Augl.
1728 3086 2740 3193 der Bericht davon abgestatet worden;
1731 3147 2759 3274 So haben hochdieselben bey dieser Bewand¬
1742 3221 2719 3299 uns und aus Grund, daß durch diese
1735 3297 2739 3415 der Elebacht Zeller Geburth dero ohnedem
2547 3361 2703 3427 wieder
