3024 4032
107 2961 177 3061 n
183 329 294 416 73.
678 305 1023 436 Eria.
348 404 1483 596 fin 3 ten und letztermal seyn Er an einem Mittwochen
334 489 1421 625 dahin gegangen, nach dem die Instul muter am
334 551 1395 675 Morgen zu dem Haus gekommen, und für dar¬
334 618 1345 741 Anneli ein Clochte und ein Heind geforderet
334 683 1465 832 mit verdenten, Es befinde sich wohl. Der Muter
326 750 1450 912 habe. Er damal das Clochli zugestelt und Nach¬
318 826 1434 949 im tags und 2. Uhr habe Er ihm auf sein Begehr¬
333 884 1437 1033 ren, das Heins und ein Säkli gebracht: Als Er ihm
330 965 1460 1094 wieder vermuhten im Betliegend angetroffen, habe
310 1019 1471 1146 Er zu ihm gesagt, Er habe geglaubt, Es seye gesund¬
321 1070 1454 1177 brauch by ihm geantwortet, so habe seine zeiten wieder bekommen
312 1099 1079 1199 Er seye hierauf weg gegangen.
215 1136 1462 1291 fr: Ob Er an dem Anneli kein schlimmer Umgange
299 1220 1394 1341 gewahret, da Er so lang neben ihm gedienet.
172 1310 318 1385 Autho
340 1288 1383 1456 Keineswegs. Er habe allezeit ein scheücher
302 1359 1418 1518 Mensch zu seyn geschinen, das mit niemand
291 1437 1023 1565 sonderlich Umgang gehabt.
179 1554 1408 1736 Harbante Dachs, die Doctor
285 1657 1217 1804 Muter in der Instul wurde befragt.
206 1731 1409 1856 fr. Sie habe vormals ausgesagt, Sie seye am
280 1814 1449 1949 Morgen frühe in der Stuben bey dem Annel
279 1887 1433 2030 gewesen, und habe die Stuben gewüschet, zu
284 1959 1056 2089 welcher Stund solches gewesen.
172 2037 992 2151 Aants zwischen E. und 6. Rthr.
184 2094 1447 2242 fr. zu welcher Zeit Sie dem Anneli das Weißen¬
283 2190 1345 2290 burger Waßer zu strinken geben wollen.
166 2252 1465 2369 Antl. Beye zuvor gewesen, als die die Stuben gebüschet
198 2350 1446 2460 Er: Ob sie ihne nicht gefragt, warum Er das Weis¬
557 2410 651 2473 faßen
277 2413 1088 2517 senburger nicht truncken wolle.
171 2487 1423 2613 Antl. Wohl Er habe ihr gesagt, seine Zeiten seyen
279 2561 758 2655 wieder gekommen.
189 2616 1155 2752 Fr. Ob die nicht daran gezweiflet:
178 2709 1446 2849 kantl. Ja, Es habe aber gesagt, Es klage sich nicht geschlind.
187 2792 1330 2922 Fr. Ob Er ihr nicht blutige Einger zur vorgezogen.
193 2868 425 2947 Auflo. Ja.
220 2904 1142 3042 fr. zu welcher Zeit dieses geschehen.
196 2988 1424 3090 Antl. zwüschen 5. und 6. Ahr, als Sie denen anderen
297 3049 1403 3177 Patienten die Medicin schon beygebracht gehabt, und Sie
294 3126 1138 3235 würklich im Conschen begriffen gewesen.
309 3185 1406 3312 Das Anneli Tage, Sie habe ungefehr und H. Uhr mit
215 3204 297 3285 fr.
300 3247 612 3349 ihme geredet:
165 3274 1427 3381 Authe bietermeine einmal, es seyn wie gesagt eher gelesen.
196 3356 1362 3479 Ir: Ob der Herr Doctor damal in die Stube gekommen.
195 3422 1463 3531 Aufla. Seye erst bey anderthalb Stunden hernach angelanget,
300 3481 1406 3618 dem Sie gleich gesagt, das Annell habe seine Zeiten
2745 323 2847 407 4114.
1946 310 2274 441 Bohler
1674 404 2137 510 Zeiten wieder bekommen.
1596 445 1645 518 4
1604 426 2759 579 Fr. Wann die Depl. die selbige Racht schlaffen gegangen.
1585 499 2833 654 ments, diesege wegen dem Veter bis um 11. Uhr aufgeblieben,
1664 555 2804 673 und damal seye die bald eingeschlaffen, weilen
1656 620 2812 737 Sie keine sterbende Patienten gehabt. Betheure
1662 679 2839 812 daß die in der Sacht nicht das geringste verführet
1655 755 2017 884 noch gemerket.
1676 831 2571 969 Retine Unels von Villingen.
1608 877 1694 993 d
1658 942 2829 1065 Nachdeme derselben ihre vorige Aussag abgelesen
1670 1005 2376 1104 worden, wurde Sie befragt.
1673 1049 2804 1197 Ob Sie an dem Anneli nichts bemerket, da sie ihns
1583 1087 1653 1184 Fr.
1659 1141 2810 1258 am Morgen gestehen auf dem Betsitzen, und die
1656 1212 2514 1322 Sein über das Bethinab langen.
1678 1272 2821 1405 Bar nichts. Seye am Morgen etwan und 5. Rthr
1559 1281 1665 1392 Antli
1661 1353 1871 1449 gewesen.
1672 1396 2775 1536 Wie lange Zeit hernach, das Anneli sich und
1560 1422 1660 1531 Fr.
1666 1487 2812 1606 bet getrahet, als die Muter zu ihr gekommen,
1652 1555 2269 1654 die Mitel zu geben
1564 1624 2534 1749 Anth. Etwan̄ eine halbe Stund darnach.
1570 1670 2809 1805 Fr. Wie lange hernach der H. Doctor in die Stuben
1644 1781 1922 1882 gekommen.
1546 1832 2822 1965 Anth. Eine gute Weil hernach Glaube Er seyn etwas
1640 1921 2281 2025 vor 8 Uhr angelanget.
1563 1980 2750 2113 Fr. Ob sie von der Zeit an, da es auf dem Get¬
1648 2068 2816 2149 geseßen, bis die Ruber zu dem Det gekommen,
1631 2131 2579 2253 den nicht gehöret, daß Er geachtet
1556 2187 2794 2330 Auth. Sie versichern, daß Sie gar nichts gehöret,
1647 2271 2051 2359 noch bemerket.
1591 2329 2813 2473 H Barner Lubecker die Magd in der Decise
1649 2437 2823 2568 Stuben, bestätigte ihre Aussag, mit dem Versichern,
1652 2490 2494 2637 daß ihr weiters nichts bekant seyn.
1818 2719 1942 2804 1
1969 2670 2604 2893 Examen
1620 2853 2745 3019 oblich Anna Ahler von
1977 2973 2365 3094 Watenwyl.
1629 3025 2811 3181 Da ihme zum vorand sein letzter Excemen wieder
1659 3139 2802 3271 wortlich vorgelesen, und es auf die kräftigste Weise
1633 3213 2790 3321 zur wahren Bekantnus ermahnt worden, mit
1642 3273 2756 3398 verdenten, daß Eine hohe Obenheit, an seiner
1645 3338 2775 3462 bisherigen Verantwortung sich nicht beingen könne,
1646 3397 2820 3518 Ponder anbefohlen. Es end mehrerem über sein großes
1644 3451 2493 3578 verbrechen ernstlich zu examiniren.
2601 3495 2786 3594 Müride
