3024 4032
209 302 334 407 309.
475 319 987 462 Eintheil
780 445 983 547 de
262 485 1342 662 Gadlenn Calmen
258 681 1318 852 HHr. Sathalten Kleine und
256 791 1314 919 Große Räthe der Stadt und Republik
319 870 1298 986 Bern, erkunden hiermit, Alsdann
305 937 1292 1056 Wir heute bey Erden versammelt, und
323 1013 1366 1131 vortragen laßen, die Criminal Procedur
324 1080 1330 1203 und Vergicht, der gegenwärtig alhier¬
317 1161 1315 1305 Gericht stehenden Mißethäterin,
324 1236 1338 1355 namens Madlena Balmer, gebürtig,
308 1309 1305 1434 von Mühleberg, 39. Jahren Alters.
252 1374 1313 1501 Daß daraus wir mit höchsten gedauren
321 1457 1349 1582 und Misfallen erstehen müßen, welcher
304 1537 1383 1659 Gestalten diese Abelväterin ferndrigen
310 1600 1370 1733 Jahrs in unreinem Begschlaf sich vertrabet,
312 1689 1376 1819 ihre erfolgte Schwängerschaft nicht nur geheim
316 1763 1393 1858 gehalten, sonder selbige ihren Meisterleuten
321 1831 1274 1955 und andern Versohnen die Ihr solche
1180 1914 1231 1981 Ob
310 1900 1320 2052 zugemuhtet frecher Weise abgelaugnet,
294 1991 1321 2120 ja gar an der Richtmeß den 2. Hornung
316 2046 1348 2174 letzthin, da sie von hier weg aus dem dienst
306 2125 1336 2264 getreten, auf offener Stras genseits der
298 2190 1361 2329 Gäbelbach Brugg und hierwärts der Riederen,
292 2279 1356 2409 ohne Hulf zu Begehren, deren sie dazu
294 2340 1390 2470 leichtlich hate haben können, eines lebendigen
291 2418 1330 2564 Mägdleins niedergekommen, selbiges nicht
273 2492 1261 2634 zu besorgen gesucht, sonder diese
282 2573 1359 2704 ihre Leibesfrucht als eine Treuloste Muter
295 2629 1368 2787 auf eine abschenliche Weise über den Zaun,
283 2729 1341 2880 durch Gestrauch in die darbey liegeld
284 2804 1361 2952 gelegene Mäte geworfen, und alsobald
276 2894 1290 3038 verlaßen, da dann gleich hernach dieses
276 2958 1368 3115 unschuldige Kindlein durch sein Geschrey
280 3040 1311 3180 cdetent von vorbey gehenden Leüten
283 3121 1289 3249 entdeket, aus einem Mallergraben,
267 3199 1310 3335 wo es in seinem Blut gelegen, verritzet und
270 3279 1315 3414 verwundet, aufgehoben und so gut möglich
268 3349 1260 3464 besorget worden. Welches aber tags
262 3415 785 3530 hernach verstorben.
1063 3475 1218 3583 Man̄
2601 307 2694 403 310
1888 291 2336 423 Zalter
1566 379 2640 515 Wann nun diese Arme Sunderin, solche ihre gotlose
1575 452 2570 589 und untrene That zwar freywillig eingestanden.
1575 522 2676 666 dergleichen schwäre verbrechen und Blutstunden aber
1567 589 2673 735 zu tilgen, und Unsere Land davon zu reinigen
1571 654 2639 798 Uns oblieget, dazu auch von dem allerhöchsten
1586 721 2683 848 Regenten, der Gewalt und das Schwerdt und
1580 784 2574 916 untertrauet worden. Als haben wir
1651 875 2539 1039 zu Recht erkent und Gesprochen.
1560 998 2667 1158 Wolle diese Mißethäterin Madlena
1545 1107 2629 1242 Halmen, nach Empfehlung ihrer armen
1569 1193 2632 1320 Seele in die Erbarende ihres Erlösters, zu
1585 1263 2693 1380 wohlverdienter Bestrafung ihre 3 schwehren
1585 1344 2659 1473 Verbrechens, und andern zum Abstehen und
1577 1420 2713 1540 Schreben ihrem Scharfrichter übergeben, von demsel¬
2625 1541 2712 1590 .
1589 1505 2627 1602 ben gebunden, obenaus auf die gewohnte
1578 1572 2705 1696 Richtstat geführt und alda mit dem Schweret
1597 1653 2647 1788 vom Leben zum Tod hingerichtet der
1587 1725 2732 1841 entseelte Cörper dann, an das verschmachte
1584 1800 2737 1921 Ort verscharret werden, und ihr Gut unserm
1576 1877 2151 1997 Fisco zubekent seyn.
1594 1947 2702 2071 Deber in unserer großen Rathsverstan¬
1588 2017 2380 2141 lung den 30ten Aprill 1770
1500 2177 2401 2334 Zedel an Megt. die Rath.
1565 2330 2734 2452 Bey Beurtheilung der Magdalena Balmer,
1603 2396 2687 2522 einer Kindsmorderin, ist vor Magt
1601 2481 2743 2579 und Oberen geandet worden, welcher gestal¬
1587 2552 2674 2676 sten deßen vormalige Meisterer Erl.
1596 2624 2705 2746 Knüchel, wie auch die Hebammen Müller
1596 2696 2731 2823 in dieserem Vorfal sich nicht so betragen
1598 2783 2686 2889 wie die Vorsicht, und das aljährliche zu
1594 2841 2668 2959 verlesende Mandat wegen Exposition
1597 2922 2688 3041 der Kindern, theils erfordert, theils dann
1600 2983 2709 3107 vorschreibet; Indeme aber Hochgedacht
1600 3053 2712 3178 Megt und S. R. u. B. die fernere Behand¬
1612 3114 2727 3252 lung dieses Anzugs lediger dingen Ihnen
1606 3194 2692 3320 Meine gnädigen Herren und dabey zugleich auch überlaßen
1613 3261 2724 3390 das erforderliche von ihnen aus zu veranstalten.
2566 3340 2678 3392 Al 8
