3024 4032
127 151 246 215 100
273 2425 339 2543 e
529 192 1194 362 Adan
345 322 1432 552 Großweibel und Grichtschreiben
417 440 1433 623 nach vorherigem Zuspruch, so zu reden
400 507 1443 696 daß sie solches allfällig Eydlich bestätigen
386 571 1443 763 dorffen, in ihren Abslaagen vernommen
387 652 537 731 Al8.
271 715 1445 911 2. Declaris Rauchel von Jege
393 815 1389 997 wohnhafft zu Artenen 13 Jahren
373 891 930 1008 Alters sagt aus¬
373 970 1425 1139 Er habe sagen gehört von Nachbauren
387 1048 1439 1215 die hier zugegen seyen, daß der Adam
363 1131 1403 1302 Arn am Tag hernach, als Er hier zu
369 1203 1436 1364 Bern mit Ruthen gestrichen worden,
364 1289 1403 1432 zu Bäriswyl ein Pferdt ab der Weid
379 1362 1441 1510 entwenden wollen, seye aber von einem
342 1445 1393 1590 Knecht davon verjagt worden. Denne
356 1539 1432 1673 solle er auch dem Schulmeister zu Jugenster
352 1599 1398 1740 Kleider entwendet haben. Der Schul¬
357 1674 1431 1817 meister habe gesagt, der dieb habe zugleich
356 1753 1378 1872 Stieren vor dem Hans angebunden
352 1826 1375 1965 gehabt, während der Zeit, als Erden.
1375 1876 1408 1939 .
350 1899 1382 2039 Diebstahl begangen. Weiters seye
337 1983 1364 2117 ihm von dem Arn, nichts bekant.
339 2067 1434 2200 Als daß ihme sept freytag den 8. 7b
336 2133 1423 2229 2. Paar Stieren ab der Weid gekommen,
336 2211 1395 2320 das einte paar habe Er zu Sollothurn
345 2287 1354 2403 wieder erfraget, und seye auch ihm
339 2344 1419 2469 wieder zugestelt worden, da dann sich erfun
331 2419 1417 2561 den, daß dieser gleiche Arn selbige
343 2491 1426 2651 weggeführt, und nach des wächter Bericht
319 2558 1413 2699 zu Vollothurn am Samstag am Morgen
327 2638 1419 2753 um 4 Uhr dorten, damit angekommen.
311 2713 1378 2865 Solle sich bey dem Man̄ so selbige
331 2770 1377 2943 umm 24. neue duplonen gekauffet
308 2843 1378 3016 Bendicht Arn geheißen haben. Das
326 2923 1379 3084 andere paar Stieren dann habe Er
323 2965 1403 3167 Depi tags hernach im dorff gegenstorf,
328 3091 1345 3231 wo sie ohne Hälftern ungebünden
312 3148 1343 3311 geloffen, angetroffen, und wieder
305 3224 1402 3401 heimgeführte dem Pferdesto zu gleiche
289 3281 1395 3477 Zeit auch in der Weid gestanden sey
289 3420 927 3541 darin verblieben.
1239 3442 1315 3570 2.
1469 2867 1530 2971 zu
2762 179 2876 272 101.
1986 240 2395 385 d Gg.
1594 321 2787 531 2. Jacob Godtsch. von Urthenen der
1724 417 2699 590 Müller 24. Jahren alters, sagt aus¬
1696 479 2831 686 Am Freytag nach dem Battag seye keinem
1733 562 2804 738 verbandten dem Niklaus Knüchel in
1714 630 2866 829 paar Stieren ab der Weid entführt worden
1730 701 2829 897 auf deßen Anhalten Er mit seinem Sohn
1731 765 2826 948 auf Sollothurn sich begeben, und so gleich
1735 834 2797 1034 erfraget, daß ein solches paar Stieren
1718 921 2762 1056 dorten angekommen, und auf ein Gut zu
1723 981 2817 1150 Selzen um genene Duplonen verkaufft
1734 1075 2819 1207 worden, dahin sie mit einander gegangen
1728 1139 2866 1279 und die Stieren alsobald gefunden und erkennt,
1721 1211 2785 1343 welcher Sie sogleich Ihr Gnaden Herrn
1716 1282 2802 1427 Schultheiß angezeigt, der Ihnen solche
1724 1357 2794 1504 wieder zugesprochen habe. Mann habe
1718 1430 2829 1586 gesagt der Verkauffer dieser Stieren
1731 1507 2790 1659 seye ein junger Mensch mit fallen
1711 1582 2779 1728 Haaren. Seither habe sich erfunden
1730 1664 2832 1816 daß es den Adam Arn gewesen, so solche
1724 1763 2150 1865 verkaufft habe.
1718 1796 2837 1936 welcher wie Er gehört auch zu Bäriswyl
1718 1875 2813 1993 ein Pferdt ab der weid habe entwenden
1723 1937 2840 2062 wollen. Weiters seye ihm nichts in Wißer
1570 2044 2848 2208 3. Hans Wellsch. Gerichtlar zu Hand.
1710 2158 2636 2280 wyl 44. jahren alters sagt aus
1695 2238 2744 2384 Ain Mitwochen vor dem Bättag bey
1707 2326 2826 2455 Eingang der Nacht habe er im paar Stiere
1715 2402 2816 2510 und 1. Pferdt auf eine Weid an der Land¬
1702 2478 2780 2610 straß geführt, da ihme in der Rukkehr
1713 2561 2775 2691 der Adam Arn begegnet, welchen Er
1722 2633 2819 2772 obschon derselbe den hut vorhinabgeli¬
1707 2707 2762 2838 zet gehabt wohl gekennet, weilen Er in
1714 2790 2821 2917 ihrem Dorff gearbeitet, und habe ihme
1705 2866 2841 3014 im Vorbergang einen guten Abend gebun¬
1707 2937 2854 3074 schet. Als Er dept. von demselben in etwas
1715 3012 2742 3158 entfernet wäre, seye seine Tochter
1718 3098 2816 3253 gegen ihm zugekommen, welche auch wiech
2354 3194 2527 3257 gezeichelt
1717 3183 2799 3316 auf eine andere Weid- und habe ihne
1699 3244 2791 3386 gefragt, ob Er den Adam Arn auch
1717 3322 2090 3447 gekennet habe.
1697 3395 2826 3566 Indeßen seye sein kircht Hans Kundt
2692 3529 2809 3637 au
