3024 4032
317 348 448 435 333.
720 340 997 487 Ressen.
409 467 1510 616 Nach heute durch die S. v. ihr Graben
430 552 1490 686 geleitet werden, welcher dan̄zumahl
439 627 1487 765 viel Monast mit sich führe, und an
406 701 1505 821 Kasten ligen laßen, seye in diesen
412 773 1496 905 Abend nach 4. Rthr wieder zu dem
418 856 1472 1001 Rasten gegangen, in dem Vorstoß
409 943 1508 1093 solchen zueeren. Als er das Gese
428 1017 1495 1159 andlaufen laßen, seye das Kindlen
422 1110 1471 1238 oben auf dem Morat gelegen, auf
425 1191 1478 1362 gleiche weise, wie vnd noch lage, da
419 1296 1471 1429 es aufgehoben worden. Er Depe¬
398 1385 1495 1544 habe selbiges nicht berühret, sondern
407 1477 1489 1650 beglaubt seine Schuldigkeit zu stehen,
412 1562 1488 1732 erforderlichst dem Herr Priester
394 1668 1471 1832 anzuzeigen, so er auch ohne Verzeig
397 1778 1476 1912 gethan. Actum den 30t April 1770
571 1923 1421 2093 disum Repectum
374 2038 1496 2205 De 1. May von Herrn Roßelet und Hartmann
415 2153 1486 2349 And Befehl der WohlEdelgebohrnen
398 2288 1495 2434 uns hochgeehrten Herren Großweibel
364 2367 1415 2507 Steiger und Herrn Grichtschreiben
366 2458 1447 2596 Willading haben eid unter schriebene
396 2547 1504 2680 Medicus, und Chirurgus den 30ten April. 1770.
379 2640 1455 2797 Nachmitag und Ahn in der Instul
397 2742 1482 2892 und in Gegenwart hochgedacht Meine gnädigen Herr
393 2827 1491 2973 das gleichen Tags vos in dem so genandten
387 2913 1476 3046 Samler Kosten des Schuzmühlibacht
376 3025 1455 3142 bey der Ring Mann hiesiger Haupt
374 3105 1428 3222 Statt gefundene Sind, so in ihren
397 3196 1451 3340 aller Gegenwart aufgehoben und
390 3273 1438 3426 in die Instet transportiert worden,
383 3368 1488 3516 genau und pflichtmäßig besichtiget
1682 584 1724 644 1
2718 403 2855 507 221
2081 373 2353 512 Vetter.
1750 496 2738 648 uns befunden. Daß diß kind
1729 597 2791 723 ein wohlgestaltetes ausgewachtenes
1739 676 2807 790 mit Zaaren und Klagel an Hand und
1720 749 2818 906 füßen verstehenes Kind hiemit wahr
1708 829 2792 987 scheinlich ein angetragenes und 9.
1720 928 2803 1064 Monat in Mutter Leib gelegener
1720 1011 2829 1173 vnnd seye und zwar weiblichen Geschlecht.
1774 1116 2817 1234 Die Nabelschnur bare etwas mehr
1733 1195 2821 1354 als ein Schuh lang von dem Leib abge¬
1726 1283 2774 1408 schmidten, noch voll blut und anoch
1732 1366 2748 1507 blütend, aber nicht unterbunden.
1749 1470 2809 1610 äußerlich an der ganzen Oberkläche
1735 1557 2811 1667 der Haut dieses Todten Köppens ware
1741 1646 2803 1782 keine Verlezung noch Zeichen ange¬
1737 1723 2830 1886 thaner Gewalthätigkeit zu mercken,
1737 1825 2787 1947 nur waren einiche leichte Seize an
1740 1907 2814 2053 der Haus der rechten Achsel Bey
1737 1990 2827 2137 eröffnung der haut der Gang handen
1722 2062 2802 2217 dar zimlich viel extravasierter Blut
1720 2157 2775 2308 zwischen der haut und dem Serieracio
1716 2257 2832 2387 so das de parietale und temporale rechten
1732 2340 2829 2488 Zeit deckte, nach aufgehobenem peneraciu
1720 2422 2772 2562 fanden wie das Op parietale decerum
1725 2499 2811 2635 Praeclumier in Trangulares figue, davon
1725 2575 2809 2724 der aper an die Futuram (quamosam dieses
1728 2652 2812 2822 Knochen mit dem Osse temporali gleicher
1742 2744 2784 2906 keiten reichte, und die Aste bis an
1738 2830 2770 2991 die faturam paqualem vortrickte, dar
1748 2912 2806 3077 So ocupitale hatte auch eine Practue
1821 2999 2803 3148 an seinem oberen Theil, welche
1740 3084 2772 3231 ohngeferd so von dem Knachen Durch¬
1726 3177 2763 3326 wanderte, von rechten zur Linken
1735 3250 2793 3385 Seite, allein weder unter dem Osse
1738 3331 2784 3467 temporali dextro et parietati ejus deus Lateris
2540 3434 2699 3554 nach
