<?xml version="1.0" encoding="UTF-8" standalone="yes"?>
<PcGts xmlns="http://schema.primaresearch.org/PAGE/gts/pagecontent/2013-07-15" xmlns:xsi="http://www.w3.org/2001/XMLSchema-instance" xsi:schemaLocation="http://schema.primaresearch.org/PAGE/gts/pagecontent/2013-07-15 http://schema.primaresearch.org/PAGE/gts/pagecontent/2013-07-15/pagecontent.xsd">
    <Metadata>
        <Creator>prov=University of Rostock/Institute of Mathematics/CITlab|PLANET AI GmbH/Gundram Leifert/gundram.leifert@planet-ai.de:name=German_Kurrent_XVI-XVIII_M5.4(htr_id=38771)::::v=2.6.7
prov=University of Rostock/Institute of Mathematics/CITlab|PLANET AI GmbH/Tobias Gruening/tobias.gruening@planet-ai.de:name=de.uros.citlab.module.baseline2polygon.B2PSeamMultiOriented:v=2.6.7
prov=University of Rostock/Institute of Mathematics/CITlab|PLANET AI GmbH/Tobias Gruening/tobias.gruening@planet-ai.de:name=/net_tf/LA73_249_0mod360.pb:de.uros.citlab.segmentation.CITlab_LA_ML:v=2.6.7
Transkribus</Creator>
        <Created>2022-06-16T10:54:20.224+02:00</Created>
        <LastChange>2022-09-12T15:48:40.468+02:00</LastChange>
        <TranskribusMetadata docId="1334854" pageId="52364155" pageNr="201" tsid="114646293" status="IN_PROGRESS" userId="9570" imgUrl="https://files.transkribus.eu/Get?id=MTPBFYAVLHZJTGETGTUWHDPI&amp;fileType=view" xmlUrl="https://files.transkribus.eu/Get?id=KPQFATIDNFBBHIAEDHRTXVTA" imageId="35487687"/>
    </Metadata>
    <Page imageFilename="IMG_8220.jpg" imageWidth="3024" imageHeight="4032">
        <ReadingOrder>
            <OrderedGroup id="ro_1687513601641" caption="Regions reading order">
                <RegionRefIndexed index="0" regionRef="r1"/>
                <RegionRefIndexed index="1" regionRef="r2"/>
                <RegionRefIndexed index="2" regionRef="r3"/>
            </OrderedGroup>
        </ReadingOrder>
        <TextRegion orientation="0.0" id="r1" custom="readingOrder {index:0;}">
            <Coords points="221,214 221,385 335,385 335,214"/>
            <TextLine id="r1l1" custom="readingOrder {index:0;}">
                <Coords points="218,360 237,357 262,363 275,358 285,364 307,352 330,350 347,341 336,278 327,280 313,273 293,280 272,280 263,287 256,283 249,287 236,279 220,293 207,293"/>
                <Baseline points="221,335 249,324 278,319 306,315 335,314"/>
                <TextEquiv>
                    <Unicode>199.</Unicode>
                </TextEquiv>
            </TextLine>
            <TextEquiv>
                <Unicode>199.</Unicode>
            </TextEquiv>
        </TextRegion>
        <TextRegion orientation="0.0" id="r2" custom="readingOrder {index:1;}">
            <Coords points="167,302 167,3451 1446,3451 1446,302"/>
            <TextLine id="r2l1" custom="readingOrder {index:0;} person {offset:0; length:4; continued:true;}">
                <Coords points="602,350 708,365 778,402 981,401 1025,376 1059,380 1059,257 937,302 830,284 801,301 752,277 602,294"/>
                <Baseline points="609,345 635,345 661,345 687,346 713,347 739,348 765,348 791,350 817,351 843,351 869,351 895,351 921,350 947,349 973,346 999,344 1025,341 1052,336"/>
                <TextEquiv>
                    <Unicode>Anna</Unicode>
                </TextEquiv>
            </TextLine>
            <TextLine id="r2l2" custom="readingOrder {index:1;} person {offset:0; length:11; continued:true;}">
                <Coords points="345,485 722,461 806,511 951,463 1403,519 1406,455 1220,401 917,425 350,377"/>
                <Baseline points="354,449 406,450 458,450 510,452 562,452 614,453 666,453 719,455 771,456 823,458 875,459 927,461 979,463 1031,467 1084,470 1136,474 1188,480 1240,485 1292,491 1344,497 1397,506"/>
                <TextEquiv>
                    <Unicode>ohne Kummer und Sorgen, in einer völligen</Unicode>
                </TextEquiv>
            </TextLine>
            <TextLine id="r2l3" custom="readingOrder {index:2;}">
                <Coords points="321,543 441,570 551,526 725,537 788,576 968,533 1242,563 1298,621 1452,614 1455,545 1247,488 1130,530 987,466 861,469 809,511 740,466 325,468"/>
                <Baseline points="330,522 385,525 441,527 497,528 553,530 608,530 664,531 720,531 776,531 831,533 887,533 943,535 999,537 1054,540 1110,544 1166,549 1222,556 1277,564 1333,574 1389,585 1445,597"/>
                <TextEquiv>
                    <Unicode>Sicherheit gebesten, selbst meiner sonstängst</Unicode>
                </TextEquiv>
            </TextLine>
            <TextLine id="r2l4" custom="readingOrder {index:3;} person {offset:33; length:8;}">
                <Coords points="329,648 532,600 1446,664 1448,612 1302,620 1178,553 845,540 787,576 711,537 657,586 562,526 439,571 335,530"/>
                <Baseline points="339,588 394,593 449,597 504,599 559,602 614,603 669,605 724,605 779,606 834,607 889,608 944,610 999,612 1054,614 1109,618 1164,622 1219,627 1274,633 1329,641 1384,649 1439,660"/>
                <TextEquiv>
                    <Unicode>lichen Bemühts Art zuwieder. Der Traurige</Unicode>
                </TextEquiv>
            </TextLine>
            <TextLine id="r2l5" custom="readingOrder {index:4;}">
                <Coords points="325,665 1453,730 1455,689 1335,642 1079,613 327,635"/>
                <Baseline points="333,659 388,662 444,666 499,668 555,670 611,672 666,674 722,675 778,676 833,677 889,679 945,680 1000,683 1056,685 1112,689 1167,692 1223,696 1279,703 1334,710 1390,718 1446,726"/>
                <TextEquiv>
                    <Unicode>ausgang hat bewiesen, daß ich alzu leicht glaubig</Unicode>
                </TextEquiv>
            </TextLine>
            <TextLine id="r2l6" custom="readingOrder {index:5;} person {offset:41; length:6;}">
                <Coords points="316,742 1385,803 1442,797 1445,729 319,669"/>
                <Baseline points="324,725 379,729 435,731 490,734 546,735 601,737 657,739 712,741 768,743 823,744 879,746 934,748 990,750 1045,753 1101,756 1156,759 1212,762 1267,768 1323,772 1378,778 1434,785"/>
                <TextEquiv>
                    <Unicode>und sorglos gewesen seyn, ohngeacht mich vieler</Unicode>
                </TextEquiv>
            </TextLine>
            <TextLine id="r2l7" custom="readingOrder {index:6;}">
                <Coords points="312,827 546,814 613,859 698,815 734,840 771,815 1243,841 1245,782 1197,765 1150,796 1120,764 892,779 845,747 793,786 753,752 720,778 609,745 419,779 315,741"/>
                <Baseline points="321,797 366,797 412,798 458,800 504,801 549,803 595,804 641,806 687,807 732,809 778,812 824,813 870,816 915,818 961,819 1007,822 1053,823 1098,825 1144,827 1190,828 1236,828"/>
                <TextEquiv>
                    <Unicode>in meiner Sicherheit gestärket hat.</Unicode>
                </TextEquiv>
            </TextLine>
            <TextLine id="r2l8" custom="readingOrder {index:7;}">
                <Coords points="1239,851 1254,852 1266,844 1271,846 1278,843 1285,852 1293,851 1310,856 1316,821 1307,819 1298,810 1292,811 1269,786 1257,790 1250,789"/>
                <Baseline points="1250,834 1277,840 1304,843"/>
                <TextEquiv>
                    <Unicode>.</Unicode>
                </TextEquiv>
            </TextLine>
            <TextLine id="r2l9" custom="readingOrder {index:8;}">
                <Coords points="1328,867 1341,871 1352,866 1366,868 1382,859 1387,866 1405,872 1415,871 1421,806 1384,805 1373,792 1352,800 1334,797"/>
                <Baseline points="1338,842 1374,846 1410,848"/>
                <TextEquiv>
                    <Unicode>der</Unicode>
                </TextEquiv>
            </TextLine>
            <TextLine id="r2l10" custom="readingOrder {index:9;} person {offset:0; length:8;}">
                <Coords points="306,922 381,878 473,914 563,883 1365,930 1368,867 1005,829 924,859 849,818 757,863 698,815 621,862 545,813 310,825"/>
                <Baseline points="315,867 367,870 419,873 471,875 523,878 576,880 628,882 680,884 732,885 784,887 837,888 889,890 941,891 993,894 1045,896 1098,897 1150,900 1202,903 1254,905 1306,908 1359,911"/>
                <TextEquiv>
                    <Unicode>Schmertz den ich empfinde, bey den bloßen</Unicode>
                </TextEquiv>
            </TextLine>
            <TextLine id="r2l11" custom="readingOrder {index:10;}">
                <Coords points="316,958 1414,1006 1415,955 1340,964 1260,910 1076,932 1021,897 795,920 731,891 685,921 538,882 473,914 385,877 318,916"/>
                <Baseline points="324,935 378,939 432,942 486,945 540,947 594,950 648,951 703,954 757,956 811,958 865,960 919,962 973,965 1027,966 1082,968 1136,971 1190,973 1244,976 1298,980 1352,983 1407,986"/>
                <TextEquiv>
                    <Unicode>Gedanken, daß vielleicht durch ernstlichern</Unicode>
                </TextEquiv>
            </TextLine>
            <TextLine id="r2l12" custom="readingOrder {index:11;}">
                <Coords points="310,1015 390,1067 471,1019 1441,1085 1443,1034 1395,1049 1311,989 1242,1017 1046,969 677,1000 611,955 313,959"/>
                <Baseline points="318,1008 373,1011 429,1014 485,1017 541,1019 597,1022 652,1024 708,1026 764,1029 820,1031 876,1032 931,1034 987,1037 1043,1039 1099,1043 1155,1046 1210,1050 1266,1053 1322,1058 1378,1062 1434,1068"/>
                <TextEquiv>
                    <Unicode>Maßregeln dem erfolgten Übel wäre vorge¬</Unicode>
                </TextEquiv>
            </TextLine>
            <TextLine id="r2l13" custom="readingOrder {index:12;}">
                <Coords points="302,1131 446,1083 636,1092 687,1133 729,1101 947,1139 1167,1116 1248,1166 1427,1144 1429,1093 1315,1097 1260,1056 1022,1082 951,1043 850,1070 795,1032 616,1057 470,1018 389,1067 308,1014"/>
                <Baseline points="312,1080 367,1082 422,1085 478,1087 533,1089 588,1092 644,1095 699,1097 754,1100 810,1103 865,1105 920,1107 976,1110 1031,1113 1086,1116 1142,1120 1197,1123 1252,1127 1308,1130 1363,1135 1419,1139"/>
                <TextEquiv>
                    <Unicode>bauet worden, ist unbeschreiblich. Auch gehet</Unicode>
                </TextEquiv>
            </TextLine>
            <TextLine id="r2l14" custom="readingOrder {index:13;}">
                <Coords points="301,1159 811,1208 1187,1195 1425,1248 1428,1173 1322,1141 1248,1167 625,1091 541,1137 465,1090 302,1131"/>
                <Baseline points="309,1151 364,1155 420,1159 475,1163 531,1165 586,1167 642,1170 697,1172 753,1174 808,1176 864,1178 919,1181 975,1182 1030,1185 1086,1188 1141,1191 1197,1194 1252,1198 1308,1203 1363,1208 1419,1214"/>
                <TextEquiv>
                    <Unicode>mir der Verdruß, welchen derwegen Meine gnädigen</Unicode>
                </TextEquiv>
            </TextLine>
            <TextLine id="r2l15" custom="readingOrder {index:14;}">
                <Coords points="281,1279 370,1236 570,1246 623,1290 793,1248 845,1290 1041,1263 1429,1304 1431,1251 1187,1194 1096,1224 286,1167"/>
                <Baseline points="291,1229 347,1232 404,1235 460,1236 517,1239 573,1242 630,1244 686,1247 743,1250 799,1251 856,1253 913,1256 969,1259 1026,1262 1082,1263 1139,1266 1195,1269 1252,1272 1308,1275 1365,1278 1422,1281"/>
                <TextEquiv>
                    <Unicode>Schultheiß und Frau Schultheisind haben werden,</Unicode>
                </TextEquiv>
            </TextLine>
            <TextLine id="r2l16" custom="readingOrder {index:15;} place {offset:8; length:7;}">
                <Coords points="301,1329 396,1360 501,1312 624,1346 848,1325 978,1368 1169,1344 1233,1391 1406,1358 1407,1328 1244,1272 1151,1318 1066,1265 881,1312 796,1249 625,1288 475,1241 304,1267"/>
                <Baseline points="309,1304 363,1305 417,1308 472,1310 526,1313 581,1315 635,1317 690,1320 744,1322 799,1325 853,1327 907,1330 962,1332 1016,1335 1071,1338 1125,1341 1180,1343 1234,1345 1289,1347 1343,1350 1398,1352"/>
                <TextEquiv>
                    <Unicode>lehr zu Hertzen, da ich nichts anders stagen</Unicode>
                </TextEquiv>
            </TextLine>
            <TextLine id="r2l17" custom="readingOrder {index:16;}">
                <Coords points="299,1385 658,1400 747,1454 889,1461 970,1419 1057,1465 1150,1425 1230,1478 1312,1436 1425,1449 1428,1397 1307,1354 1235,1391 1157,1345 826,1385 713,1331 502,1311 402,1360 301,1329"/>
                <Baseline points="306,1373 361,1377 417,1379 472,1383 528,1386 584,1389 639,1392 695,1395 751,1398 806,1402 862,1404 918,1407 973,1410 1029,1413 1085,1415 1140,1418 1196,1420 1252,1422 1307,1424 1363,1425 1419,1427"/>
                <TextEquiv>
                    <Unicode>kan, als daß Sie jeder Zeit bezeüget haben,</Unicode>
                </TextEquiv>
            </TextLine>
            <TextLine id="r2l18" custom="readingOrder {index:17;}">
                <Coords points="279,1464 766,1477 850,1517 916,1487 1022,1533 1083,1494 1395,1513 1398,1457 1324,1435 1257,1472 1115,1422 994,1469 949,1426 854,1465 702,1452 614,1394 377,1412 284,1380"/>
                <Baseline points="287,1449 342,1451 397,1454 452,1458 507,1461 562,1465 617,1469 672,1471 727,1475 782,1478 838,1482 893,1484 948,1487 1003,1490 1058,1493 1113,1494 1168,1496 1223,1497 1278,1499 1333,1499 1389,1499"/>
                <TextEquiv>
                    <Unicode>wie sehr es ihnen angelegen seyn, daß eine</Unicode>
                </TextEquiv>
            </TextLine>
            <TextLine id="r2l19" custom="readingOrder {index:18;}">
                <Coords points="292,1528 536,1534 601,1575 660,1547 1050,1568 1158,1620 1236,1566 1386,1583 1390,1515 1331,1539 1286,1498 1200,1535 1078,1494 1003,1542 933,1488 852,1520 800,1483 446,1484 395,1449 294,1489"/>
                <Baseline points="300,1521 356,1524 413,1529 470,1532 527,1535 583,1539 640,1543 697,1547 754,1550 811,1554 867,1557 924,1560 981,1563 1038,1566 1095,1568 1151,1571 1208,1571 1265,1572 1322,1572 1379,1572"/>
                <TextEquiv>
                    <Unicode>etwa zu befürchtende einglükliche That</Unicode>
                </TextEquiv>
            </TextLine>
            <TextLine id="r2l20" custom="readingOrder {index:19;}">
                <Coords points="286,1600 370,1635 737,1624 923,1676 1053,1645 1143,1685 1196,1646 1432,1661 1434,1626 1244,1572 1159,1621 1117,1579 1018,1614 976,1571 823,1554 602,1576 289,1538"/>
                <Baseline points="294,1593 350,1598 407,1602 463,1605 520,1609 576,1613 633,1617 689,1622 746,1625 802,1629 859,1632 916,1635 972,1637 1029,1640 1085,1641 1142,1643 1198,1644 1255,1646 1311,1646 1368,1646 1425,1644"/>
                <TextEquiv>
                    <Unicode>verhütet werde. Auch kan ich nicht verhelen,</Unicode>
                </TextEquiv>
            </TextLine>
            <TextLine id="r2l21" custom="readingOrder {index:20;}">
                <Coords points="276,1681 621,1748 768,1697 1131,1710 1203,1752 1255,1719 1366,1763 1358,1652 1135,1687 1088,1648 1015,1694 833,1638 690,1628 646,1666 280,1603"/>
                <Baseline points="284,1668 337,1671 391,1674 445,1678 499,1682 553,1685 607,1689 660,1692 714,1696 768,1698 822,1703 876,1706 930,1709 984,1710 1037,1713 1091,1714 1145,1715 1199,1716 1253,1716 1307,1715 1361,1713"/>
                <TextEquiv>
                    <Unicode>daß obschon ich in dem gantzen Beschäff</Unicode>
                </TextEquiv>
            </TextLine>
            <TextLine id="r2l22" custom="readingOrder {index:21;}">
                <Coords points="283,1756 586,1766 703,1808 884,1782 944,1828 1259,1793 1313,1822 1335,1766 908,1707 852,1744 756,1701 633,1748 532,1705 482,1736 284,1721"/>
                <Baseline points="290,1743 341,1745 393,1749 445,1753 497,1757 549,1760 600,1764 652,1767 704,1770 756,1773 808,1777 859,1779 911,1782 963,1785 1015,1787 1067,1788 1118,1788 1170,1790 1222,1788 1274,1788 1326,1787"/>
                <TextEquiv>
                    <Unicode>meistens mit ihrem Raht und laßen.</Unicode>
                </TextEquiv>
            </TextLine>
            <TextLine id="r2l23" custom="readingOrder {index:22;}">
                <Coords points="261,1852 469,1829 528,1877 622,1837 674,1884 799,1844 917,1894 1127,1875 1296,1908 1344,1893 1348,1822 885,1833 796,1781 694,1812 584,1766 266,1758"/>
                <Baseline points="270,1815 323,1818 376,1821 430,1825 483,1829 537,1833 590,1837 643,1841 697,1845 750,1849 804,1852 857,1856 910,1858 964,1861 1017,1862 1071,1864 1124,1865 1177,1866 1231,1865 1284,1865 1338,1863"/>
                <TextEquiv>
                    <Unicode>gehandlet habe, sie doch gleichwohl vieles</Unicode>
                </TextEquiv>
            </TextLine>
            <TextLine id="r2l24" custom="readingOrder {index:23;}">
                <Coords points="283,1893 566,1952 982,1930 1194,1993 1269,1944 1390,1940 1393,1874 1102,1914 800,1843 675,1885 620,1838 502,1883 285,1865"/>
                <Baseline points="291,1887 345,1892 400,1895 454,1899 509,1902 564,1907 618,1910 673,1914 727,1917 782,1921 837,1925 891,1927 946,1929 1000,1932 1055,1934 1110,1935 1164,1935 1219,1937 1273,1935 1328,1935 1383,1932"/>
                <TextEquiv>
                    <Unicode>meiner Vorsichtigkeit überlaßen haben.</Unicode>
                </TextEquiv>
            </TextLine>
            <TextLine id="r2l25" custom="readingOrder {index:24;}">
                <Coords points="268,1987 494,1987 603,2035 681,1999 839,2049 1101,2013 1207,2067 1391,2038 1393,1982 1272,1944 1189,1994 991,1932 657,1927 549,1974 271,1920"/>
                <Baseline points="276,1970 331,1974 386,1979 442,1982 497,1986 553,1989 608,1993 664,1996 719,1998 775,2001 830,2004 885,2006 941,2007 996,2009 1052,2009 1107,2010 1163,2010 1218,2010 1274,2010 1329,2009 1385,2009"/>
                <TextEquiv>
                    <Unicode>Allein menschliche Fehler und menschliche</Unicode>
                </TextEquiv>
            </TextLine>
            <TextLine id="r2l26" custom="readingOrder {index:25;}">
                <Coords points="267,2086 1226,2098 1347,2085 1349,2029 1125,2066 1007,2015 836,2050 730,2008 633,2054 519,1992 468,2026 270,1986"/>
                <Baseline points="275,2049 328,2054 381,2057 434,2060 488,2064 541,2066 594,2069 647,2070 701,2073 754,2075 807,2076 860,2078 914,2079 967,2079 1020,2081 1073,2081 1127,2081 1180,2081 1233,2081 1286,2079 1340,2079"/>
                <TextEquiv>
                    <Unicode>Klugheit, grenzen sehr nahe an einander</Unicode>
                </TextEquiv>
            </TextLine>
            <TextLine id="r2l27" custom="readingOrder {index:26;}">
                <Coords points="267,2116 739,2172 904,2147 1261,2184 1385,2149 1328,2087 268,2087"/>
                <Baseline points="275,2117 330,2120 385,2124 440,2127 495,2130 550,2132 605,2135 660,2139 715,2141 770,2144 826,2146 881,2148 936,2150 991,2150 1046,2151 1101,2151 1156,2151 1211,2150 1266,2149 1321,2147 1377,2144"/>
                <TextEquiv>
                    <Unicode>und müßen öfters beyde das gleiche Schiksal</Unicode>
                </TextEquiv>
            </TextLine>
            <TextLine id="r2l28" custom="readingOrder {index:27;}">
                <Coords points="267,2218 295,2211 309,2224 325,2211 401,2205 429,2218 446,2203 494,2234 526,2231 547,2250 562,2248 567,2156 524,2166 494,2145 471,2157 443,2133 424,2146 372,2125 349,2145 330,2145 302,2124 272,2120"/>
                <Baseline points="276,2186 301,2188 327,2190 352,2192 378,2193 403,2195 429,2196 454,2197 480,2198 505,2199 531,2201 557,2202"/>
                <TextEquiv>
                    <Unicode>befördern.</Unicode>
                </TextEquiv>
            </TextLine>
            <TextLine id="r2l29" custom="readingOrder {index:28;}">
                <Coords points="723,2233 799,2213 883,2219 925,2258 1071,2224 1283,2245 1356,2236 1357,2177 1310,2160 1256,2187 1103,2152 1043,2176 1008,2152 964,2169 904,2147 863,2177 785,2150 724,2179"/>
                <Baseline points="731,2208 761,2208 792,2210 823,2211 854,2213 885,2213 916,2214 947,2216 978,2217 1009,2217 1040,2219 1070,2219 1101,2220 1132,2220 1163,2220 1194,2220 1225,2219 1256,2219 1287,2218 1318,2217 1349,2216"/>
                <TextEquiv>
                    <Unicode>der stiefste Kummer, der</Unicode>
                </TextEquiv>
            </TextLine>
            <TextLine id="r2l30" custom="readingOrder {index:29;}">
                <Coords points="277,2281 361,2315 609,2270 748,2330 823,2281 967,2290 1143,2343 1349,2311 1398,2231 1070,2223 1002,2262 793,2217 674,2256 447,2203 278,2238"/>
                <Baseline points="284,2261 339,2262 394,2264 449,2265 505,2267 560,2270 615,2272 670,2275 726,2277 781,2280 836,2282 891,2285 947,2286 1002,2288 1057,2289 1112,2289 1168,2289 1223,2288 1278,2285 1333,2282 1389,2277"/>
                <TextEquiv>
                    <Unicode>mich schon einige Zeit lang klaget, greßet</Unicode>
                </TextEquiv>
            </TextLine>
            <TextLine id="r2l31" custom="readingOrder {index:30;}">
                <Coords points="269,2363 414,2350 452,2378 525,2344 612,2367 888,2355 974,2383 1009,2364 1011,2312 939,2287 873,2310 823,2282 764,2330 651,2327 599,2276 271,2310"/>
                <Baseline points="278,2331 314,2331 350,2333 386,2334 422,2336 459,2337 495,2340 531,2341 567,2343 603,2344 640,2346 676,2348 712,2349 748,2351 784,2351 821,2352 857,2354 893,2354 929,2354 965,2354 1002,2354"/>
                <TextEquiv>
                    <Unicode>mir diese Anmerkung aus¬</Unicode>
                </TextEquiv>
            </TextLine>
            <TextLine id="r2l32" custom="readingOrder {index:31;} person {offset:4; length:14;}">
                <Coords points="334,2432 1213,2449 1416,2413 1429,2372 1369,2394 1239,2344 1177,2398 1065,2361 963,2396 790,2352 333,2370"/>
                <Baseline points="341,2408 395,2412 449,2415 503,2419 557,2421 611,2423 665,2424 719,2426 773,2426 827,2426 881,2426 935,2424 989,2424 1043,2423 1097,2421 1151,2418 1205,2417 1259,2415 1313,2412 1367,2409 1422,2408"/>
                <TextEquiv>
                    <Unicode>dem Melcher Fähler habe den aufgetragenen</Unicode>
                </TextEquiv>
            </TextLine>
            <TextLine id="r2l33" custom="readingOrder {index:32;}">
                <Coords points="274,2539 447,2491 875,2532 1414,2485 1303,2417 983,2472 942,2440 836,2471 763,2426 684,2460 409,2411 274,2437"/>
                <Baseline points="281,2487 337,2489 393,2492 449,2494 506,2496 562,2497 618,2498 675,2499 731,2499 787,2499 844,2499 900,2499 956,2499 1012,2497 1069,2496 1125,2495 1181,2492 1238,2490 1294,2487 1350,2485 1407,2483"/>
                <TextEquiv>
                    <Unicode>Befehl selbsten vorgelesen; Er wird erscheinen</Unicode>
                </TextEquiv>
            </TextLine>
            <TextLine id="r2l34" custom="readingOrder {index:33;} person {offset:17; length:11;}">
                <Coords points="274,2567 430,2610 529,2575 1141,2604 1426,2569 1426,2524 1160,2504 1039,2554 945,2511 892,2552 799,2502 274,2538"/>
                <Baseline points="281,2556 337,2558 394,2562 451,2565 508,2567 565,2570 622,2571 678,2573 735,2574 792,2574 849,2576 906,2576 963,2576 1020,2574 1076,2573 1133,2571 1190,2570 1247,2567 1304,2564 1361,2559 1418,2556"/>
                <TextEquiv>
                    <Unicode>und zugleich der Überbringer dieses Schreibens</Unicode>
                </TextEquiv>
            </TextLine>
            <TextLine id="r2l35" custom="readingOrder {index:34;}">
                <Coords points="246,2654 441,2644 545,2701 678,2650 830,2702 1099,2650 1202,2698 1432,2683 1432,2574 1398,2562 1345,2601 1271,2567 854,2627 796,2588 246,2589"/>
                <Baseline points="254,2631 312,2634 371,2636 429,2639 488,2640 546,2643 605,2645 663,2646 722,2648 780,2648 839,2649 897,2649 956,2649 1014,2649 1073,2648 1131,2646 1190,2643 1248,2641 1307,2637 1365,2633 1424,2627"/>
                <TextEquiv>
                    <Unicode>stagne. Ich habe die Ehre mit aller Hochachtung</Unicode>
                </TextEquiv>
            </TextLine>
            <TextLine id="r2l36" custom="readingOrder {index:35;}">
                <Coords points="253,2740 285,2752 343,2739 381,2753 419,2739 462,2742 483,2728 505,2729 507,2661 470,2663 440,2644 423,2654 415,2646 388,2644 378,2653 357,2646 342,2657 303,2636 255,2645"/>
                <Baseline points="261,2702 287,2703 313,2703 340,2703 366,2705 392,2705 419,2705 445,2706 471,2708 498,2711"/>
                <TextEquiv>
                    <Unicode>zuseyn.</Unicode>
                </TextEquiv>
            </TextLine>
            <TextLine id="r2l37" custom="readingOrder {index:36;}">
                <Coords points="297,2819 508,2808 695,2862 796,2813 1054,2815 1055,2768 974,2730 847,2766 801,2733 603,2747 527,2705 375,2757 298,2744"/>
                <Baseline points="305,2790 342,2793 379,2796 416,2798 453,2801 490,2802 527,2804 564,2805 601,2806 638,2807 676,2807 713,2808 750,2808 787,2808 824,2807 861,2807 898,2805 935,2804 972,2802 1009,2800 1047,2798"/>
                <TextEquiv>
                    <Unicode>E. HochEdelgebohrner etc.</Unicode>
                </TextEquiv>
            </TextLine>
            <TextLine id="r2l38" custom="readingOrder {index:37;}">
                <Coords points="707,2934 771,2905 839,2946 896,2904 937,2930 1031,2900 1123,2936 1231,2885 1338,2876 1336,2812 1303,2796 1242,2814 1195,2784 1155,2822 1069,2816 1037,2838 877,2819 831,2846 781,2816 705,2865"/>
                <Baseline points="713,2888 743,2889 774,2889 805,2891 836,2891 867,2891 898,2891 929,2891 960,2891 991,2891 1022,2891 1052,2889 1083,2888 1114,2887 1145,2885 1176,2883 1207,2880 1238,2877 1269,2874 1300,2870 1331,2867"/>
                <TextEquiv>
                    <Unicode>HochgeEhrter Herr</Unicode>
                </TextEquiv>
            </TextLine>
            <TextLine id="r2l39" custom="readingOrder {index:38;}">
                <Coords points="703,3006 778,3016 839,2986 916,3032 1225,3036 1445,2997 1443,2938 1397,2944 1362,2911 1120,2936 1051,2914 951,2920 868,2972 701,2964"/>
                <Baseline points="710,2984 746,2985 782,2987 818,2988 855,2990 891,2991 927,2991 964,2991 1000,2991 1036,2991 1073,2990 1109,2990 1145,2987 1181,2985 1218,2984 1254,2981 1290,2977 1327,2973 1363,2969 1399,2964 1436,2958"/>
                <TextEquiv>
                    <Unicode>Dero unterthänigst gehorsamer</Unicode>
                </TextEquiv>
            </TextLine>
            <TextLine id="r2l40" custom="readingOrder {index:39;}">
                <Coords points="159,3010 193,2996 211,3009 394,3005 430,3031 462,3005 556,3011 557,2971 510,2956 491,2975 455,2965 428,2984 395,2949 349,2957 278,2907 234,2922 161,2919"/>
                <Baseline points="167,3000 192,2999 217,2999 243,2999 268,2999 294,3000 319,3000 345,3002 370,3002 396,3003 421,3003 447,3005 472,3005 498,3006 523,3006 549,3005"/>
                <TextEquiv>
                    <Unicode>Wastenwyl den</Unicode>
                </TextEquiv>
            </TextLine>
            <TextLine id="r2l41" custom="readingOrder {index:40;}">
                <Coords points="823,3068 835,3070 851,3059 869,3071 904,3066 944,3080 968,3066 1015,3067 1015,2991 978,3014 969,3008 940,3033 915,3032 878,2999 860,3005 850,3000 838,3012 823,3008"/>
                <Baseline points="830,3059 855,3060 880,3062 905,3062 931,3063 956,3062 981,3061 1007,3059"/>
                <TextEquiv>
                    <Unicode>Diener.</Unicode>
                </TextEquiv>
            </TextLine>
            <TextLine id="r2l42" custom="readingOrder {index:41;}">
                <Coords points="185,3100 385,3108 408,3122 474,3102 536,3109 552,3105 555,3028 506,3030 490,3016 428,3030 393,3005 285,3010 189,2997"/>
                <Baseline points="194,3060 219,3059 244,3057 269,3057 294,3057 319,3059 344,3060 370,3062 395,3064 420,3066 445,3067 470,3068 495,3068 520,3067 546,3065"/>
                <TextEquiv>
                    <Unicode>13. Sept. 1770.</Unicode>
                </TextEquiv>
            </TextLine>
            <TextLine id="r2l43" custom="readingOrder {index:42;} person {offset:12; length:5;}">
                <Coords points="853,3174 926,3129 1005,3128 1039,3145 1070,3124 1115,3142 1156,3123 1316,3112 1336,3104 1331,3025 1293,3020 1234,3047 1142,3039 1125,3057 1099,3046 1024,3078 846,3063"/>
                <Baseline points="857,3128 883,3127 909,3126 935,3126 961,3125 987,3124 1014,3123 1040,3122 1066,3121 1092,3120 1118,3119 1144,3117 1171,3115 1197,3112 1223,3110 1249,3107 1275,3104 1301,3101 1328,3096"/>
                <TextEquiv>
                    <Unicode>D. Rod. des Losea</Unicode>
                </TextEquiv>
            </TextLine>
            <TextLine id="r2l44" custom="readingOrder {index:43;}">
                <Coords points="1006,3238 1028,3231 1041,3238 1054,3230 1112,3239 1178,3228 1209,3234 1205,3141 1190,3140 1167,3122 1149,3127 1126,3106 1113,3112 1101,3106 1047,3141 1002,3153"/>
                <Baseline points="1011,3192 1037,3189 1064,3188 1091,3186 1118,3185 1145,3183 1172,3183 1199,3182"/>
                <TextEquiv>
                    <Unicode>Pfarr¬</Unicode>
                </TextEquiv>
            </TextLine>
            <TextLine id="r2l45" custom="readingOrder {index:44;}">
                <Coords points="1094,3460 1110,3458 1143,3475 1159,3460 1175,3470 1301,3461 1301,3365 1212,3360 1192,3381 1174,3377 1161,3386 1094,3361"/>
                <Baseline points="1101,3434 1128,3431 1155,3431 1183,3431 1210,3431 1238,3431 1265,3432 1293,3434"/>
                <TextEquiv>
                    <Unicode>Bericht.</Unicode>
                </TextEquiv>
            </TextLine>
            <TextEquiv>
                <Unicode>Anna
ohne Kummer und Sorgen, in einer völligen
Sicherheit gebesten, selbst meiner sonstängst
lichen Bemühts Art zuwieder. Der Traurige
ausgang hat bewiesen, daß ich alzu leicht glaubig
und sorglos gewesen seyn, ohngeacht mich vieler
in meiner Sicherheit gestärket hat.
.
der
Schmertz den ich empfinde, bey den bloßen
Gedanken, daß vielleicht durch ernstlichern
Maßregeln dem erfolgten Übel wäre vorge¬
bauet worden, ist unbeschreiblich. Auch gehet
mir der Verdruß, welchen derwegen Meine gnädigen
Schultheiß und Frau Schultheisind haben werden,
lehr zu Hertzen, da ich nichts anders stagen
kan, als daß Sie jeder Zeit bezeüget haben,
wie sehr es ihnen angelegen seyn, daß eine
etwa zu befürchtende einglükliche That
verhütet werde. Auch kan ich nicht verhelen,
daß obschon ich in dem gantzen Beschäff
meistens mit ihrem Raht und laßen.
gehandlet habe, sie doch gleichwohl vieles
meiner Vorsichtigkeit überlaßen haben.
Allein menschliche Fehler und menschliche
Klugheit, grenzen sehr nahe an einander
und müßen öfters beyde das gleiche Schiksal
befördern.
der stiefste Kummer, der
mich schon einige Zeit lang klaget, greßet
mir diese Anmerkung aus¬
dem Melcher Fähler habe den aufgetragenen
Befehl selbsten vorgelesen; Er wird erscheinen
und zugleich der Überbringer dieses Schreibens
stagne. Ich habe die Ehre mit aller Hochachtung
zuseyn.
E. HochEdelgebohrner etc.
HochgeEhrter Herr
Dero unterthänigst gehorsamer
Wastenwyl den
Diener.
13. Sept. 1770.
D. Rod. des Losea
Pfarr¬
Bericht.</Unicode>
            </TextEquiv>
        </TextRegion>
        <TextRegion orientation="0.0" id="r3" custom="readingOrder {index:2;}">
            <Coords points="1598,305 1598,3521 2835,3521 2835,305"/>
            <TextLine id="r3l1" custom="readingOrder {index:0;}">
                <Coords points="2737,386 2749,386 2753,391 2765,385 2782,393 2793,388 2807,394 2821,390 2829,396 2838,395 2845,299 2832,298 2820,308 2814,304 2800,308 2779,300 2743,305"/>
                <Baseline points="2748,341 2777,344 2806,347 2835,347"/>
                <TextEquiv>
                    <Unicode>394.</Unicode>
                </TextEquiv>
            </TextLine>
            <TextLine id="r3l2" custom="readingOrder {index:1;}">
                <Coords points="1928,439 2019,428 2058,403 2092,423 2181,413 2241,431 2369,409 2365,339 2266,311 2246,328 2192,313 2161,336 2109,322 2008,340 1950,331 1924,347"/>
                <Baseline points="1934,410 1959,409 1984,407 2009,405 2034,403 2059,401 2084,398 2109,396 2134,393 2159,391 2184,390 2209,389 2234,389 2259,389 2284,389 2309,390 2334,393 2360,396"/>
                <TextEquiv>
                    <Unicode>Aber</Unicode>
                </TextEquiv>
            </TextLine>
            <TextLine id="r3l3" custom="readingOrder {index:2;}">
                <Coords points="2009,496 2049,515 2091,490 2148,515 2223,504 2255,507 2270,522 2292,502 2326,501 2326,433 2302,421 2249,442 2208,424 2149,451 2059,403 2009,428"/>
                <Baseline points="2016,491 2041,491 2066,491 2091,491 2116,489 2141,489 2167,488 2192,488 2217,488 2242,488 2267,489 2292,491 2318,494"/>
                <TextEquiv>
                    <Unicode>Denicht</Unicode>
                </TextEquiv>
            </TextLine>
            <TextLine id="r3l4" custom="readingOrder {index:3;} person {offset:10; length:15;}">
                <Coords points="1732,564 1831,550 1868,579 1989,550 2081,591 2363,595 2499,539 2553,547 2552,465 2447,453 2305,524 2138,518 2091,489 2047,523 1865,480 1816,497 1785,469 1731,486"/>
                <Baseline points="1740,555 1780,553 1820,551 1860,548 1901,548 1941,546 1981,546 2022,545 2062,545 2102,545 2143,545 2183,544 2223,543 2263,543 2304,543 2344,542 2384,541 2425,540 2465,539 2505,536 2546,533"/>
                <TextEquiv>
                    <Unicode>von Herrn Doctorii Helfer.</Unicode>
                </TextEquiv>
            </TextLine>
            <TextLine id="r3l5" custom="readingOrder {index:4;}">
                <Coords points="1642,575 1653,573 1661,579 1668,574 1680,582 1691,579 1684,503 1676,504 1658,516 1643,505 1635,506"/>
                <Baseline points="1650,576 1683,573"/>
                <TextEquiv>
                    <Unicode>4</Unicode>
                </TextEquiv>
            </TextLine>
            <TextLine id="r3l6" custom="readingOrder {index:5;}">
                <Coords points="1609,702 1832,642 2547,666 2734,656 2757,620 2615,576 2102,600 1989,550 1848,624 1793,595 1608,618"/>
                <Baseline points="1616,668 1672,659 1729,652 1786,646 1842,641 1899,638 1956,636 2012,635 2069,633 2126,635 2183,635 2239,635 2296,637 2353,638 2409,639 2466,639 2523,641 2579,641 2636,639 2693,638 2750,635"/>
                <TextEquiv>
                    <Unicode>Ich Ends unterschriebner erkläre, wie daß ich den</Unicode>
                </TextEquiv>
            </TextLine>
            <TextLine id="r3l7" custom="readingOrder {index:6;}">
                <Coords points="1591,772 1830,697 1892,727 2113,691 2351,726 2755,706 2754,650 2651,640 2480,681 2399,646 2113,679 1943,635 1669,687 1591,652"/>
                <Baseline points="1598,720 1655,711 1712,705 1770,699 1827,695 1885,693 1942,691 2000,690 2057,690 2115,692 2172,693 2229,694 2287,695 2344,698 2402,698 2459,699 2517,699 2574,699 2632,698 2689,696 2747,692"/>
                <TextEquiv>
                    <Unicode> 18ten letzt verfloßenen Angstmonat gegen Abend zu</Unicode>
                </TextEquiv>
            </TextLine>
            <TextLine id="r3l8" custom="readingOrder {index:7;}">
                <Coords points="1648,769 2794,745 2759,696 2476,729 2391,692 2351,727 2087,691 1648,737"/>
                <Baseline points="1655,759 1711,754 1768,750 1824,746 1881,744 1937,742 1994,741 2050,741 2107,741 2163,741 2220,743 2277,743 2333,744 2390,745 2446,746 2503,746 2559,746 2616,744 2672,743 2729,741 2786,737"/>
                <TextEquiv>
                    <Unicode>einer kranken eiligst beruffen worden, so man nur</Unicode>
                </TextEquiv>
            </TextLine>
            <TextLine id="r3l9" custom="readingOrder {index:8;} place {offset:42; length:4;}">
                <Coords points="1645,813 1958,796 2011,838 2096,793 2636,797 2681,838 2774,805 2773,753 2587,743 2282,772 2149,742 2083,779 2004,737 1645,784"/>
                <Baseline points="1653,813 1708,807 1764,802 1819,799 1875,797 1931,794 1986,793 2042,792 2098,792 2153,792 2209,792 2265,793 2320,794 2376,794 2432,794 2487,794 2543,794 2599,793 2654,791 2710,789 2766,786"/>
                <TextEquiv>
                    <Unicode>Vagte, der frau Schultheiß in Stürler von Thun, ihre</Unicode>
                </TextEquiv>
            </TextLine>
            <TextLine id="r3l10" custom="readingOrder {index:9;}">
                <Coords points="1637,880 1861,866 1905,899 2034,846 2199,897 2397,853 2565,896 2768,861 2767,824 2535,796 2463,827 2076,795 2015,834 1922,794 1636,828"/>
                <Baseline points="1644,870 1699,864 1755,860 1811,857 1867,855 1923,852 1978,851 2034,851 2090,849 2146,849 2202,849 2257,849 2313,849 2369,849 2425,849 2481,849 2536,849 2592,848 2648,848 2704,845 2760,843"/>
                <TextEquiv>
                    <Unicode>Röchin zu seyn, sich aber jezo bey einer Frauen</Unicode>
                </TextEquiv>
            </TextLine>
            <TextLine id="r3l11" custom="readingOrder {index:10;}">
                <Coords points="1637,937 1877,954 2103,907 2204,950 2289,910 2405,954 2469,915 2828,917 2812,851 2565,896 2400,853 2284,891 2030,858 1972,896 1637,886"/>
                <Baseline points="1644,927 1702,924 1761,920 1820,918 1879,916 1938,914 1996,914 2055,912 2114,912 2173,912 2232,911 2290,911 2349,911 2408,911 2467,911 2526,909 2584,909 2643,908 2702,906 2761,905 2820,903"/>
                <TextEquiv>
                    <Unicode>befinde, deren Mann bey Herrn Bauherrn Ath dienete.</Unicode>
                </TextEquiv>
            </TextLine>
            <TextLine id="r3l12" custom="readingOrder {index:11;}">
                <Coords points="1628,1031 1825,985 2822,968 2798,917 2654,948 2592,913 2531,951 2473,915 2404,954 2356,918 2202,951 2083,915 2008,962 1627,954"/>
                <Baseline points="1635,993 1697,989 1759,986 1821,983 1883,980 1945,978 2007,977 2069,975 2131,974 2193,972 2255,972 2317,971 2379,971 2441,969 2503,969 2565,968 2627,966 2689,966 2751,965 2814,963"/>
                <TextEquiv>
                    <Unicode>Nachdeme ich mich dahin begeben, die Kranke, so</Unicode>
                </TextEquiv>
            </TextLine>
            <TextLine id="r3l13" custom="readingOrder {index:12;}">
                <Coords points="1642,1064 1877,1044 2024,1095 2149,1042 2349,1083 2423,1038 2720,1080 2803,1027 2802,977 2401,975 2263,1014 2215,978 1786,989 1641,1033"/>
                <Baseline points="1649,1055 1706,1053 1763,1051 1821,1049 1878,1047 1935,1046 1993,1044 2050,1042 2107,1041 2165,1040 2222,1038 2279,1037 2337,1036 2394,1035 2451,1034 2509,1034 2566,1034 2623,1032 2681,1032 2738,1032 2796,1032"/>
                <TextEquiv>
                    <Unicode>aber das Bet nicht hütete, angehört und befragt.</Unicode>
                </TextEquiv>
            </TextLine>
            <TextLine id="r3l14" custom="readingOrder {index:13;}">
                <Coords points="1645,1124 1969,1152 2012,1118 2304,1111 2505,1145 2565,1112 2776,1124 2775,1051 2720,1080 2443,1044 2292,1088 2150,1043 2062,1090 1644,1069"/>
                <Baseline points="1652,1115 1707,1113 1763,1113 1819,1112 1875,1110 1931,1110 1986,1109 2042,1107 2098,1107 2154,1106 2210,1104 2265,1104 2321,1103 2377,1101 2433,1101 2489,1100 2544,1098 2600,1098 2656,1097 2712,1097 2768,1097"/>
                <TextEquiv>
                    <Unicode>und unter anderem vernommen, daß ihre monat¬</Unicode>
                </TextEquiv>
            </TextLine>
            <TextLine id="r3l15" custom="readingOrder {index:14;}">
                <Coords points="1646,1233 1768,1179 2063,1217 2150,1191 2265,1221 2321,1181 2678,1199 2750,1180 2750,1120 2562,1112 2520,1147 2187,1114 1987,1154 1882,1119 1645,1129"/>
                <Baseline points="1653,1182 1707,1181 1761,1179 1816,1178 1870,1178 1925,1176 1979,1176 2034,1175 2088,1175 2143,1175 2197,1175 2251,1174 2306,1173 2360,1173 2415,1173 2469,1173 2524,1173 2578,1173 2633,1172 2687,1172 2742,1172"/>
                <TextEquiv>
                    <Unicode>liche Reinigung seit verschiedenen Monaten</Unicode>
                </TextEquiv>
            </TextLine>
            <TextLine id="r3l16" custom="readingOrder {index:15;}">
                <Coords points="1639,1278 2196,1237 2629,1270 2797,1216 2550,1216 2481,1180 2072,1218 1906,1177 1639,1226"/>
                <Baseline points="1647,1245 1704,1244 1761,1242 1818,1241 1875,1239 1932,1239 1989,1239 2046,1238 2103,1238 2160,1238 2218,1238 2275,1238 2332,1238 2389,1238 2446,1238 2503,1238 2560,1238 2617,1237 2674,1236 2731,1235 2789,1233"/>
                <TextEquiv>
                    <Unicode>ausgeblieben ihre vielfältigen Klagen gar</Unicode>
                </TextEquiv>
            </TextLine>
            <TextLine id="r3l17" custom="readingOrder {index:16;}">
                <Coords points="1631,1364 1698,1317 1922,1307 2158,1310 2269,1359 2324,1310 2442,1313 2491,1351 2568,1307 2812,1309 2812,1275 2196,1237 2108,1272 1994,1243 1903,1288 1707,1249 1630,1277"/>
                <Baseline points="1638,1313 1696,1310 1754,1308 1813,1307 1871,1305 1929,1305 1988,1304 2046,1304 2104,1302 2163,1302 2221,1302 2279,1302 2338,1302 2396,1302 2454,1302 2513,1302 2571,1301 2629,1301 2688,1301 2746,1299 2805,1299"/>
                <TextEquiv>
                    <Unicode>keine gegenwärtige Gefahr anzeigten mir</Unicode>
                </TextEquiv>
            </TextLine>
            <TextLine id="r3l18" custom="readingOrder {index:17;}">
                <Coords points="1649,1395 1974,1426 2047,1378 2377,1379 2472,1415 2749,1374 2704,1304 2570,1354 2443,1312 2266,1355 2161,1311 2036,1340 1922,1307 1843,1358 1754,1316 1648,1337"/>
                <Baseline points="1656,1379 1710,1377 1764,1376 1818,1374 1873,1373 1927,1373 1981,1371 2036,1371 2090,1370 2144,1370 2199,1370 2253,1370 2307,1368 2361,1368 2416,1368 2470,1368 2524,1368 2579,1368 2633,1368 2687,1367 2742,1367"/>
                <TextEquiv>
                    <Unicode>es aber nicht möglich wäre, den Ursprung so</Unicode>
                </TextEquiv>
            </TextLine>
            <TextLine id="r3l19" custom="readingOrder {index:18;}">
                <Coords points="1635,1461 2771,1462 2717,1382 2477,1417 2307,1382 2145,1413 2047,1379 1905,1429 1635,1406"/>
                <Baseline points="1643,1446 1699,1446 1755,1446 1811,1445 1867,1445 1923,1445 1979,1443 2035,1443 2091,1443 2147,1442 2203,1442 2259,1440 2315,1440 2371,1439 2427,1439 2483,1439 2539,1438 2595,1437 2651,1437 2707,1437 2763,1437"/>
                <TextEquiv>
                    <Unicode>vieler angegebenen Beschwerden in diesem</Unicode>
                </TextEquiv>
            </TextLine>
            <TextLine id="r3l20" custom="readingOrder {index:19;}">
                <Coords points="1637,1536 2183,1515 2277,1545 2318,1506 2565,1548 2771,1513 2771,1479 2502,1491 2381,1450 2141,1498 1976,1459 1915,1488 1854,1449 1781,1486 1636,1461"/>
                <Baseline points="1644,1521 1702,1520 1761,1520 1820,1518 1879,1518 1938,1517 1997,1515 2056,1515 2115,1514 2174,1514 2232,1512 2291,1512 2350,1511 2409,1511 2468,1511 2527,1511 2586,1511 2645,1511 2704,1512 2763,1512"/>
                <TextEquiv>
                    <Unicode>Augenblik zu ergründen, so begnügte mich</Unicode>
                </TextEquiv>
            </TextLine>
            <TextLine id="r3l21" custom="readingOrder {index:20;}">
                <Coords points="1642,1614 2077,1593 2148,1627 2242,1578 2829,1602 2829,1522 2469,1558 2320,1507 2282,1544 2043,1520 1931,1563 1833,1520 1641,1541"/>
                <Baseline points="1649,1584 1707,1584 1766,1584 1824,1583 1883,1583 1942,1581 2000,1581 2059,1581 2118,1580 2176,1580 2235,1580 2294,1580 2352,1580 2411,1580 2470,1580 2528,1580 2587,1580 2646,1580 2704,1581 2763,1581 2822,1583"/>
                <TextEquiv>
                    <Unicode>ihr zu sagen, daß Ich der Sach nachdenken wolte,</Unicode>
                </TextEquiv>
            </TextLine>
            <TextLine id="r3l22" custom="readingOrder {index:21;}">
                <Coords points="1636,1665 2815,1672 2828,1602 2740,1623 2637,1581 2424,1625 2257,1580 2138,1628 1840,1589 1636,1618"/>
                <Baseline points="1643,1647 1701,1649 1760,1650 1819,1652 1878,1652 1937,1653 1996,1653 2054,1653 2113,1653 2172,1653 2231,1653 2290,1653 2349,1653 2408,1653 2466,1653 2525,1653 2584,1653 2643,1653 2702,1653 2761,1655 2820,1655"/>
                <TextEquiv>
                    <Unicode>die Frau, bey welcher sie wohnete, könte unter¬</Unicode>
                </TextEquiv>
            </TextLine>
            <TextLine id="r3l23" custom="readingOrder {index:22;}">
                <Coords points="1636,1777 1815,1724 2812,1742 2812,1698 2710,1660 2604,1707 2515,1660 2390,1707 2282,1656 2172,1709 2005,1658 1636,1672"/>
                <Baseline points="1643,1721 1701,1722 1759,1724 1817,1724 1875,1725 1933,1725 1991,1727 2049,1727 2107,1727 2165,1727 2223,1727 2281,1727 2339,1727 2397,1725 2455,1725 2513,1725 2571,1725 2629,1725 2687,1724 2745,1724 2804,1724"/>
                <TextEquiv>
                    <Unicode>deßen den anderen Morgen zu mir kommen</Unicode>
                </TextEquiv>
            </TextLine>
            <TextLine id="r3l24" custom="readingOrder {index:23;}">
                <Coords points="1633,1816 1702,1799 1829,1851 1968,1804 2098,1852 2241,1804 2548,1801 2719,1854 2821,1800 2821,1746 2430,1721 2002,1763 1928,1730 1847,1777 1765,1737 1633,1772"/>
                <Baseline points="1641,1790 1699,1793 1758,1796 1816,1797 1875,1799 1934,1800 1992,1800 2051,1800 2109,1800 2168,1800 2227,1800 2285,1800 2344,1799 2402,1799 2461,1799 2520,1799 2578,1799 2637,1799 2695,1800 2754,1800 2813,1802"/>
                <TextEquiv>
                    <Unicode>und berichten, wie sie die Kranke die Nacht</Unicode>
                </TextEquiv>
            </TextLine>
            <TextLine id="r3l25" custom="readingOrder {index:24;}">
                <Coords points="1612,1918 1640,1907 1681,1927 1736,1882 1779,1910 1813,1906 1835,1918 1879,1893 1920,1908 1937,1901 1938,1808 1827,1853 1746,1839 1712,1819 1696,1825 1678,1808 1613,1808"/>
                <Baseline points="1620,1871 1645,1871 1671,1872 1697,1872 1723,1872 1748,1874 1774,1874 1800,1874 1826,1875 1851,1875 1877,1875 1903,1875 1929,1874"/>
                <TextEquiv>
                    <Unicode>zugebracht.</Unicode>
                </TextEquiv>
            </TextLine>
            <TextLine id="r3l26" custom="readingOrder {index:25;}">
                <Coords points="1684,1957 1825,1949 1948,2000 2159,1951 2753,1985 2805,1959 2805,1912 2662,1937 2527,1895 2464,1931 2338,1871 2234,1935 2164,1894 2097,1937 2025,1892 1821,1932 1733,1884 1684,1922"/>
                <Baseline points="1691,1941 1746,1943 1801,1943 1857,1944 1912,1945 1967,1946 2023,1947 2078,1949 2133,1949 2189,1950 2244,1952 2299,1952 2355,1953 2410,1955 2465,1955 2521,1955 2576,1956 2631,1956 2687,1956 2742,1956 2798,1956"/>
                <TextEquiv>
                    <Unicode>da nun die Frau denn auch den Morgen 19ten</Unicode>
                </TextEquiv>
            </TextLine>
            <TextLine id="r3l27" custom="readingOrder {index:26;}">
                <Coords points="1634,2046 1767,2064 1850,2017 2295,2065 2349,2035 2485,2085 2812,2030 2813,1959 2251,1959 2172,2009 2091,1954 1949,2005 1825,1949 1636,1957"/>
                <Baseline points="1643,2006 1701,2009 1759,2012 1817,2015 1875,2016 1933,2019 1991,2021 2049,2022 2107,2024 2165,2025 2224,2027 2282,2028 2340,2028 2398,2030 2456,2030 2514,2030 2572,2030 2630,2031 2688,2031 2746,2031 2805,2030"/>
                <TextEquiv>
                    <Unicode>Augl. zu mir kommen, so sagte ich ihr, daß</Unicode>
                </TextEquiv>
            </TextLine>
            <TextLine id="r3l28" custom="readingOrder {index:27;}">
                <Coords points="1637,2112 2551,2101 2727,2144 2820,2127 2822,2056 2651,2041 2507,2091 2192,2037 2038,2081 1846,2018 1774,2065 1639,2057"/>
                <Baseline points="1646,2076 1704,2080 1762,2083 1821,2086 1879,2088 1938,2091 1996,2094 2054,2096 2113,2098 2171,2100 2230,2102 2288,2102 2346,2103 2405,2105 2463,2106 2522,2106 2580,2106 2638,2106 2697,2108 2755,2106 2814,2106"/>
                <TextEquiv>
                    <Unicode>ich nicht gerne nur so unbekanten Weibsbil¬</Unicode>
                </TextEquiv>
            </TextLine>
            <TextLine id="r3l29" custom="readingOrder {index:28;}">
                <Coords points="1618,2174 1803,2154 2007,2220 2218,2189 2327,2227 2470,2182 2781,2191 2783,2130 2694,2159 2590,2109 2165,2103 2002,2146 1941,2109 1745,2139 1685,2092 1619,2121"/>
                <Baseline points="1625,2150 1682,2153 1740,2156 1797,2158 1855,2161 1912,2163 1970,2166 2027,2169 2085,2171 2142,2174 2200,2175 2257,2177 2315,2178 2372,2180 2430,2180 2487,2181 2545,2181 2602,2181 2660,2180 2717,2179 2775,2177"/>
                <TextEquiv>
                    <Unicode>dern, starke, oder so zu sagen decidierende</Unicode>
                </TextEquiv>
            </TextLine>
            <TextLine id="r3l30" custom="readingOrder {index:29;}">
                <Coords points="1625,2245 2812,2280 2812,2241 2647,2205 2498,2199 2415,2243 2272,2237 2218,2190 2097,2226 1628,2173"/>
                <Baseline points="1634,2217 1692,2221 1751,2225 1809,2229 1868,2232 1926,2235 1985,2238 2043,2241 2102,2244 2160,2247 2219,2250 2278,2252 2336,2255 2395,2257 2453,2259 2512,2261 2570,2262 2629,2262 2687,2264 2746,2264 2805,2264"/>
                <TextEquiv>
                    <Unicode>Medicamenta gebe, wo die monatliche Reinigung</Unicode>
                </TextEquiv>
            </TextLine>
            <TextLine id="r3l31" custom="readingOrder {index:30;}">
                <Coords points="1626,2331 1796,2304 1912,2347 2199,2322 2683,2376 2757,2349 2760,2272 2470,2301 2400,2272 2322,2307 2230,2258 2096,2304 1967,2242 1629,2247"/>
                <Baseline points="1634,2298 1689,2301 1745,2303 1801,2306 1857,2309 1913,2312 1969,2314 2024,2316 2080,2319 2136,2322 2192,2323 2248,2325 2304,2328 2360,2329 2415,2330 2471,2331 2527,2331 2583,2333 2639,2333 2695,2331 2751,2331"/>
                <TextEquiv>
                    <Unicode>fehlet. Und ohne der Kranken etwas zuzu¬</Unicode>
                </TextEquiv>
            </TextLine>
            <TextLine id="r3l32" custom="readingOrder {index:31;}">
                <Coords points="1623,2406 2731,2438 2732,2383 2596,2347 2376,2387 2322,2344 2130,2381 1989,2326 1869,2366 1796,2305 1626,2330"/>
                <Baseline points="1632,2378 1686,2379 1741,2382 1795,2383 1850,2385 1905,2387 1959,2390 2014,2392 2068,2394 2123,2397 2178,2399 2232,2402 2287,2403 2341,2405 2396,2406 2451,2408 2505,2408 2560,2409 2614,2409 2669,2408 2724,2406"/>
                <TextEquiv>
                    <Unicode>Ruchten, hätte nur ihr Bauch, wiewohl es</Unicode>
                </TextEquiv>
            </TextLine>
            <TextLine id="r3l33" custom="readingOrder {index:32;}">
                <Coords points="1625,2504 1699,2466 1998,2519 2097,2473 2276,2526 2634,2484 2745,2517 2748,2446 2477,2423 2325,2463 2220,2414 2070,2444 1930,2400 1880,2441 1696,2387 1628,2416"/>
                <Baseline points="1635,2445 1690,2447 1745,2450 1800,2453 1855,2456 1911,2459 1966,2463 2021,2465 2076,2468 2131,2471 2187,2474 2242,2476 2297,2479 2352,2481 2407,2483 2463,2484 2518,2484 2573,2486 2628,2486 2683,2484 2739,2483"/>
                <TextEquiv>
                    <Unicode>schon dunkel gewesen, ziemlich die ge¬</Unicode>
                </TextEquiv>
            </TextLine>
            <TextLine id="r3l34" custom="readingOrder {index:33;}">
                <Coords points="1626,2531 1859,2537 1966,2599 2087,2546 2173,2589 2290,2559 2531,2601 2754,2580 2757,2512 2557,2484 2491,2525 2368,2491 2297,2527 2071,2489 1831,2519 1699,2465 1626,2507"/>
                <Baseline points="1634,2523 1689,2527 1745,2529 1801,2532 1856,2535 1912,2539 1968,2542 2023,2545 2079,2547 2135,2550 2191,2553 2246,2555 2302,2556 2358,2558 2413,2559 2469,2561 2525,2561 2580,2561 2636,2561 2692,2561 2748,2559"/>
                <TextEquiv>
                    <Unicode>schinnen, wolte ihr derweilen etwas lin¬</Unicode>
                </TextEquiv>
            </TextLine>
            <TextLine id="r3l35" custom="readingOrder {index:34;}">
                <Coords points="1630,2609 1881,2618 2004,2674 2112,2626 2766,2663 2760,2570 2520,2603 2456,2568 2174,2589 2087,2548 1973,2602 1861,2539 1632,2556"/>
                <Baseline points="1638,2600 1694,2603 1750,2606 1806,2609 1862,2611 1918,2615 1974,2616 2030,2619 2086,2622 2142,2625 2199,2627 2255,2630 2311,2631 2367,2633 2423,2634 2479,2636 2535,2636 2591,2636 2647,2636 2703,2636 2760,2634"/>
                <TextEquiv>
                    <Unicode>derndes und unschädliches verschreiben, wel¬</Unicode>
                </TextEquiv>
            </TextLine>
            <TextLine id="r3l36" custom="readingOrder {index:35;}">
                <Coords points="1628,2716 1896,2691 1924,2720 2305,2715 2340,2747 2420,2714 2712,2722 2758,2677 2573,2641 2201,2655 2160,2624 2005,2679 1898,2673 1817,2616 1630,2625"/>
                <Baseline points="1637,2673 1692,2677 1748,2681 1803,2684 1859,2688 1915,2690 1970,2693 2026,2696 2082,2698 2137,2700 2193,2702 2249,2703 2304,2705 2360,2705 2416,2706 2471,2706 2527,2706 2583,2706 2638,2705 2694,2703 2750,2702"/>
                <TextEquiv>
                    <Unicode>ches aus einem Pulter bestände, von ein</Unicode>
                </TextEquiv>
            </TextLine>
            <TextLine id="r3l37" custom="readingOrder {index:36;} person {offset:19; length:20; continued:true;}">
                <Coords points="1625,2773 1905,2824 2166,2785 2225,2832 2313,2790 2720,2798 2750,2742 2421,2713 2314,2755 2093,2705 1955,2738 1897,2691 1804,2731 1626,2717"/>
                <Baseline points="1632,2744 1687,2750 1743,2755 1798,2760 1854,2763 1909,2768 1965,2770 2020,2773 2076,2776 2131,2777 2187,2779 2242,2780 2298,2781 2353,2781 2409,2781 2464,2781 2520,2780 2575,2780 2631,2778 2686,2777 2742,2775"/>
                <TextEquiv>
                    <Unicode>wenig Milch zuker, magnesia alba Cremor</Unicode>
                </TextEquiv>
            </TextLine>
            <TextLine id="r3l38" custom="readingOrder {index:37;} person {offset:0; length:7; continued:true;}">
                <Coords points="1622,2840 2272,2854 2436,2899 2512,2859 2742,2875 2794,2858 2796,2790 2455,2793 2380,2836 2279,2805 2216,2840 2114,2792 2060,2832 1955,2795 1898,2830 1753,2769 1623,2774"/>
                <Baseline points="1629,2822 1686,2826 1744,2831 1802,2836 1860,2839 1918,2843 1976,2846 2034,2848 2092,2850 2150,2852 2208,2853 2265,2853 2323,2855 2381,2855 2439,2855 2497,2854 2555,2853 2613,2853 2671,2852 2729,2850 2787,2849"/>
                <TextEquiv>
                    <Unicode>tartari und ein wenig ordin. Zuver, davon</Unicode>
                </TextEquiv>
            </TextLine>
            <TextLine id="r3l39" custom="readingOrder {index:38;}">
                <Coords points="1624,2923 1962,2953 2184,2923 2260,2961 2336,2929 2534,2988 2770,2936 2771,2874 2515,2858 2436,2899 2084,2853 1968,2897 1832,2836 1625,2852"/>
                <Baseline points="1632,2897 1688,2902 1745,2907 1801,2911 1858,2915 1914,2918 1971,2921 2027,2924 2084,2925 2140,2928 2197,2930 2254,2930 2310,2931 2367,2931 2423,2931 2480,2930 2536,2930 2593,2928 2649,2928 2706,2927 2763,2924"/>
                <TextEquiv>
                    <Unicode>sie etliche mal des Tags ein Caff offeli</Unicode>
                </TextEquiv>
            </TextLine>
            <TextLine id="r3l40" custom="readingOrder {index:39;}">
                <Coords points="1636,3000 2119,3042 2162,3010 2785,3016 2795,2966 2693,2944 2483,2990 2336,2933 1924,2967 1637,2931"/>
                <Baseline points="1644,2972 1701,2978 1758,2983 1815,2987 1872,2991 1929,2994 1986,2997 2044,3000 2101,3002 2158,3003 2215,3005 2272,3005 2329,3006 2386,3006 2444,3006 2501,3006 2558,3006 2615,3005 2672,3003 2729,3003 2787,3002"/>
                <TextEquiv>
                    <Unicode>voll in ein Glaslein Maßer nemmen solte:</Unicode>
                </TextEquiv>
            </TextLine>
            <TextLine id="r3l41" custom="readingOrder {index:40;}">
                <Coords points="1633,3070 2178,3106 2618,3079 2660,3113 2705,3014 2119,3042 1634,3001"/>
                <Baseline points="1641,3048 1693,3053 1746,3057 1799,3059 1852,3063 1905,3066 1957,3070 2010,3072 2063,3075 2116,3077 2169,3078 2221,3080 2274,3081 2327,3081 2380,3081 2433,3081 2485,3080 2538,3078 2591,3077 2644,3074 2697,3071"/>
                <TextEquiv>
                    <Unicode>ermahnte darneben die Frau, auf die</Unicode>
                </TextEquiv>
            </TextLine>
            <TextLine id="r3l42" custom="readingOrder {index:41;}">
                <Coords points="1638,3125 2002,3144 2042,3180 2306,3156 2408,3202 2486,3165 2763,3158 2764,3118 2617,3079 2186,3109 1639,3065"/>
                <Baseline points="1646,3123 1701,3126 1757,3131 1812,3135 1868,3137 1923,3140 1979,3143 2034,3144 2090,3146 2145,3147 2201,3149 2256,3149 2312,3150 2367,3150 2423,3149 2478,3149 2534,3147 2589,3146 2645,3145 2700,3143 2756,3141"/>
                <TextEquiv>
                    <Unicode>Kranke ein wachsames Auge zu haben, und</Unicode>
                </TextEquiv>
            </TextLine>
            <TextLine id="r3l43" custom="readingOrder {index:42;}">
                <Coords points="1645,3199 2273,3247 2534,3226 2606,3274 2749,3248 2726,3150 2576,3207 2490,3164 2402,3206 2307,3156 1646,3165"/>
                <Baseline points="1653,3197 1707,3200 1761,3204 1816,3207 1870,3210 1925,3212 1979,3214 2034,3216 2088,3218 2143,3220 2197,3221 2251,3222 2306,3222 2360,3224 2415,3224 2469,3222 2524,3222 2578,3222 2633,3221 2687,3219 2742,3216"/>
                <TextEquiv>
                    <Unicode>mich ferners ruffen laßen, kannes sich</Unicode>
                </TextEquiv>
            </TextLine>
            <TextLine id="r3l44" custom="readingOrder {index:43;}">
                <Coords points="1645,3290 1739,3327 1792,3281 2194,3317 2529,3292 2599,3330 2731,3296 2733,3221 2606,3274 2535,3233 1931,3240 1647,3201"/>
                <Baseline points="1653,3269 1706,3271 1760,3273 1813,3276 1867,3279 1920,3282 1974,3284 2027,3287 2081,3288 2134,3291 2188,3293 2242,3294 2295,3296 2349,3296 2402,3296 2456,3296 2509,3294 2563,3293 2616,3291 2670,3287 2724,3284"/>
                <TextEquiv>
                    <Unicode>nicht beßerte. Mit diesem entließe ich die</Unicode>
                </TextEquiv>
            </TextLine>
            <TextLine id="r3l45" custom="readingOrder {index:44;}">
                <Coords points="1612,3374 1899,3345 2358,3406 2536,3361 2707,3371 2708,3327 2660,3309 2566,3343 2526,3300 2244,3298 2177,3343 2095,3296 1911,3286 1813,3330 1615,3277"/>
                <Baseline points="1620,3338 1674,3339 1728,3341 1782,3343 1836,3345 1890,3348 1944,3350 1998,3353 2052,3355 2106,3357 2160,3359 2214,3360 2268,3362 2322,3363 2376,3363 2430,3364 2484,3363 2538,3362 2592,3360 2646,3358 2700,3354"/>
                <TextEquiv>
                    <Unicode>frau, und vernahm seither nichts mehr</Unicode>
                </TextEquiv>
            </TextLine>
            <TextLine id="r3l46" custom="readingOrder {index:45;}">
                <Coords points="1636,3422 1905,3408 2250,3434 2305,3472 2368,3429 2604,3430 2712,3484 2745,3364 2348,3412 2222,3370 2118,3403 1900,3346 1638,3351"/>
                <Baseline points="1644,3407 1698,3407 1753,3407 1807,3408 1862,3411 1917,3413 1971,3414 2026,3417 2080,3420 2135,3423 2190,3425 2244,3428 2299,3429 2353,3432 2408,3433 2463,3434 2517,3434 2572,3434 2626,3432 2681,3431 2736,3428"/>
                <TextEquiv>
                    <Unicode>von der Kranken, bis etwan 2. oder 14 Tag</Unicode>
                </TextEquiv>
            </TextLine>
            <TextLine id="r3l47" custom="readingOrder {index:46;}">
                <Coords points="1618,3506 1669,3479 1775,3536 1962,3507 2013,3543 2146,3493 2261,3550 2434,3555 2510,3508 2730,3549 2732,3479 2628,3441 2460,3486 2349,3439 2306,3471 2231,3434 1884,3419 1710,3456 1621,3422"/>
                <Baseline points="1626,3477 1680,3476 1735,3476 1790,3477 1845,3478 1900,3480 1955,3482 2010,3485 2065,3486 2120,3489 2175,3492 2229,3494 2284,3497 2339,3499 2394,3500 2449,3501 2504,3503 2559,3501 2614,3501 2669,3499 2724,3497"/>
                <TextEquiv>
                    <Unicode>hernach, die Frau wieder zu mir kan, mir</Unicode>
                </TextEquiv>
            </TextLine>
            <TextEquiv>
                <Unicode>394.
Aber
Denicht
von Herrn Doctorii Helfer.
4
Ich Ends unterschriebner erkläre, wie daß ich den
 18ten letzt verfloßenen Angstmonat gegen Abend zu
einer kranken eiligst beruffen worden, so man nur
Vagte, der frau Schultheiß in Stürler von Thun, ihre
Röchin zu seyn, sich aber jezo bey einer Frauen
befinde, deren Mann bey Herrn Bauherrn Ath dienete.
Nachdeme ich mich dahin begeben, die Kranke, so
aber das Bet nicht hütete, angehört und befragt.
und unter anderem vernommen, daß ihre monat¬
liche Reinigung seit verschiedenen Monaten
ausgeblieben ihre vielfältigen Klagen gar
keine gegenwärtige Gefahr anzeigten mir
es aber nicht möglich wäre, den Ursprung so
vieler angegebenen Beschwerden in diesem
Augenblik zu ergründen, so begnügte mich
ihr zu sagen, daß Ich der Sach nachdenken wolte,
die Frau, bey welcher sie wohnete, könte unter¬
deßen den anderen Morgen zu mir kommen
und berichten, wie sie die Kranke die Nacht
zugebracht.
da nun die Frau denn auch den Morgen 19ten
Augl. zu mir kommen, so sagte ich ihr, daß
ich nicht gerne nur so unbekanten Weibsbil¬
dern, starke, oder so zu sagen decidierende
Medicamenta gebe, wo die monatliche Reinigung
fehlet. Und ohne der Kranken etwas zuzu¬
Ruchten, hätte nur ihr Bauch, wiewohl es
schon dunkel gewesen, ziemlich die ge¬
schinnen, wolte ihr derweilen etwas lin¬
derndes und unschädliches verschreiben, wel¬
ches aus einem Pulter bestände, von ein
wenig Milch zuker, magnesia alba Cremor
tartari und ein wenig ordin. Zuver, davon
sie etliche mal des Tags ein Caff offeli
voll in ein Glaslein Maßer nemmen solte:
ermahnte darneben die Frau, auf die
Kranke ein wachsames Auge zu haben, und
mich ferners ruffen laßen, kannes sich
nicht beßerte. Mit diesem entließe ich die
frau, und vernahm seither nichts mehr
von der Kranken, bis etwan 2. oder 14 Tag
hernach, die Frau wieder zu mir kan, mir</Unicode>
            </TextEquiv>
        </TextRegion>
    </Page>
</PcGts>
