3024 4032
120 2908 315 3041 befragt.
100 3091 262 3179 Autho¬
128 3150 252 3244 L.
181 289 319 397 221.
627 254 1006 412 Faber
343 365 1399 522 Geld diebstahl seyn müße. Es werde daher
275 437 322 507 1
319 466 1264 575 zum letzten mal ernstlich ermant, in
322 530 1334 647 seiner Halsstarrigkeit nicht fortzufahren,
319 597 1279 712 sonder in sich selbst zu gehen, Gott und
313 672 1346 795 imer 5. oben Oberkeit die Ehre zu geben
323 742 1289 852 und die Wahrheit seines Verbrechens zu
318 809 1328 932 bekennen, so könne Er noch Gnad zu hoffen
322 886 492 980 haben.
187 955 1241 1083 Anth. Es könne einmal diesen diebstahl
1237 944 1295 1061 .
322 1039 1294 1175 nicht bekennen, weil Er unschuldig seyn,
319 1114 1019 1231 und alle Wahrheit gesaget.
474 1203 1233 1323 Abgelesten und bestätiget.
271 1257 1252 1427 Actum in der Obern Gefangen,
295 1371 1283 1510 schafft den 18 Christmonats 1769.
554 1453 653 1546 .
554 1524 641 1653 tes
565 1600 1121 1726 Examen.
296 1686 1198 1834 Mit Madlena Hauser von
288 1791 1271 1911 Sigrisbyl, Andreas Kirchers Eheweib
296 1851 1338 1987 von Trachselwald, verführt durch MngH.
291 1934 1280 2050 Ober Examinatorn, Mit Zuziehung
285 2000 1315 2113 Meine gnädigen Herren Großweibel und Grichtschreiber.
270 2083 1292 2252 Auf eine kräfftige Vorstellung seines
301 2190 1218 2325 verbrechend, und ernstlichen Zuspruch,
303 2267 1270 2394 dermal alle Hergangenheit aufrichtig
289 2330 1282 2439 zu bekennen, und über alles die reine
296 2390 1296 2511 Wahrheit ohne Nachgier, niemand zu lieb
299 2472 1291 2582 noch zu leid zu reden, so es werde befragt
297 2550 1267 2667 werden, welches man um so da ehender
285 2611 1310 2736 von ihm erwärten seye, als Er zu d
291 2686 1278 2797 seinem besten dienen werde, und
289 2767 1264 2889 eine Hohe Oberkeit solches von ihm
292 2838 1201 2959 zu wißen verlange. Ward Er
337 2923 1266 3055 Seit wie lang Er mit der Schmieden
298 2999 887 3127 in Bekantschafft stehe.
313 3067 1325 3208 ferndriges Jahr in der Erndzeit haben
306 3161 1338 3282 des Herr Landschreiber Stürlers Magd,
297 3221 1305 3341 ihns zu sich zimber beruffen, wo diese
291 3291 1286 3416 Schmieden sich einbefunden um Sasses
1165 3375 1274 3460 zu
1513 1489 1583 1574 3.
2604 291 2763 382 222.
1937 277 2336 430 Hochgel.
1564 381 2678 512 zu brouilliren, da es auch eine brouilliren
1606 449 2736 605 laßen, welche ihme gesagt. Es werde im Heürathen
1609 513 2688 639 nicht glüklich seyn. Von dieser Zeit an, habe Er
1601 589 2661 700 bis in frühling Sie niener gestehen. Albann
1610 655 2690 765 das Bubeli Diebi Magd bey HgH. Rathsherr
1593 708 2711 814 von Vattenwyl ihme sagen laßen, die Schmie¬
1598 781 2707 891 die seye wieder da, ob Er zu ihm kommen wolle,
1597 832 2701 921 um eine Tasse zu brouillen? Wie Er die
1593 897 2622 1011 Unmöglichkeit vorgeschüzet, so habe dieses
1593 967 2689 1077 Bäbeli ihm die Schmiedin zugeschikt, welche
1600 1035 2666 1151 am Abend zwischen Tag und Nacht sich ange¬
1603 1097 2663 1217 meldet. Es habe selbe alsobald in sein
1597 1169 2677 1291 Stublein hinauf geführt, wo Er sich aus den
1590 1237 2665 1363 Dasses und Karten wahrstagen laßen, die
1593 1310 2690 1444 gin das gleiche gesagt, wie das erstemal
1601 1388 2446 1519 darfür habe Er ihr 1. bz. bezalt.
1610 1473 2735 1639 Letzt abgeleichenen Augstmonat seyn dieselbe
1601 1583 2733 1696 an einem Montag nach dem Mittageßen, unbe¬
1601 1658 2648 1759 ruffen wieder zu der Müntz gekommen,
1604 1710 2659 1844 und habe angeklopfet, Herr Gragner habe
1584 1793 2722 1889 sie geheißen hinauf gehen, da habe sie ihns
1603 1865 2731 1979 in der Kuchi angetroffen, wo sie ihns angeredet,
1603 1921 2681 2051 welche darauf in sein Stublein sich begeben.
1600 1997 2646 2117 da habe sie ihm wiedermal brocellat
1595 2063 2718 2200 und aus den Karten gesaget, mit verdeüten.
1587 2132 2714 2268 Es solle doch steinen Man̄ fahren laßen:
1590 2197 2625 2339 Wan Er nicht Geld in ein Kloster auf
1561 2282 2707 2422 Freyburg schike, so werde Er an Galgen
1594 2342 2707 2501 kommen. Als Er Ihr gesagt. Es habe nicht
1598 2426 2643 2561 Geld darfür habe die Schmieden ihm
1587 2496 2622 2647 geantwortet. Es solle seinen Herrn
1603 2563 2616 2703 bestälen, Er sein reich genug. solle
1584 2650 2637 2776 schauen, wo Er die Schlüßel habe. Es
1593 2736 2714 2853 habe ihr darauf zum Bescheid gegeben, der
1582 2783 2691 2928 Herr seye eigentlich, genug, daß Er die
1589 2857 2208 2984 Schlüßel liegen laße.
1630 2943 2667 3043 darbey seye es damal verblieben,
1606 3014 2682 3130 und die Schmieden seye wieder wegge¬
1593 3072 1873 3184 gangen.
1503 3131 2708 3291 3. Ein Sontag, entweders zu Eich im Angst¬
1607 3236 2702 3360 oder Anfangs unterbstmonat, seye diese
1587 3287 2642 3427 Schmieden des Morgens frühe, das
2550 3390 2665 3437 noch
