3024 4032
215 304 315 403 37
721 281 1100 423 Anna
437 405 1276 576 Spier Reversprechung.
298 507 1400 684 Ich Ends unterschriebner bekenne, mich ehelich
328 627 1413 743 verlobt zu haben, mit der ehrsamen Dochter
193 639 312 762 2.
321 694 1425 821 Zusanne Beller, gebürtig von Watenwyl
312 765 1389 891 jedoch daß Wir beyde gesin̄et noch 2. Jahr
326 833 1339 937 mit dienen zuzubringen, ehe wir und
1337 907 1372 945 .
319 901 1404 1037 bestäten laßen wollen, Worzu und Got
316 979 1328 1101 keinen Segen und Hulf verleihen wolle.
315 1044 1452 1202 Beschehen zu Bern den Seren Heumonat 1769.
411 1127 721 1244 unterschr
849 1142 1371 1274 Joh. Friderich Stoker,
864 1230 1443 1362 gebürtig von Schafhausen.
166 1352 1407 1519 Edel. An Herrn Großweibel und Herrn
319 1452 783 1575 Grichtschreiber.
294 1536 1387 1674 Mecit haben aus der von Euch Herrn
295 1622 1336 1749 Großweibel und Herrn Grifsschreiber
287 1693 1337 1798 gethanen Relation und dem verlesenen
304 1773 1381 1890 xamine vernohmen, was gestalten Anna
298 1852 1371 1984 Böhler von Statenwyl, so sich in hiesiger
300 1908 1335 2022 kranken Instul befindet, und seinem
289 1972 1409 2119 vorgeben nach, mit Johan̄ Frederich Stoker
294 2052 1359 2193 von Schafhausen versprochen seyn solle,
289 2120 1361 2243 einer Kindes wiedergekommen, so in dem
279 2189 1415 2319 Kranken bet tod gefunden worden, dernachen
288 2276 1423 2393 ihr Herr Großweibel und Herr Grichtsschrei¬
293 2340 1360 2464 ber ein Praecognitions Excimen verführt,
302 2415 1282 2545 und daßelbe Meinen gnädigen Herren vorgetragen.
274 2501 1418 2623 Ihr Gnd. nun haben auch Herrn Groß¬
293 2597 1421 2701 weibel und Herrn Gricht schreiber anbefehlen
305 2637 1283 2774 wollen, dieses Mensch in den Spithal
292 2705 1374 2841 transportieren zu laßen, mit demselben
302 2781 1349 2913 dann das fernere Examen zu verführen
302 2849 1336 2967 und MnGHH. zu weiterer Verordnung
293 2920 1423 3055 vorzutragen. Actum den 10ten Septembris
288 2998 461 3113 1770.
592 3093 738 3228 Seg.
846 3079 1351 3219 viecher Geri
1070 3334 1268 3470 Inso
1532 766 1594 854 E
2738 297 2853 381 218.
1935 275 2406 439 Dachsler.
1742 410 2602 571 Anformationen.
1768 512 2790 613 welche den 10ten und 14ten herbstmonat, von
1673 574 2802 684 Mein gnädige Herren Großweibel und Brichtsschreiben auf¬
1922 644 2477 736 genommen worden.
1613 684 2786 866 gfrau Schullbechen Hürler von
1662 800 2098 898 thun, deponirte.
1611 877 2784 1032 Der Anna Böhler seye bey 3. Jahren oder
1666 960 2823 1092 mehr, bey Ihnen als Köchin in Diensten gewesen,
1667 1036 2825 1162 und habe sich sowohl diensten halber als sonsten
2481 1103 2765 1198 Diesen
1646 1116 2474 1216 zu ihrem Vermigen verhalten.
1646 1179 2827 1294 kommer, als Sie mit Ihrem Eheherrn von Murten
1659 1248 2801 1352 wieder zurük gekommen, welches ungefehr ein
1648 1335 2735 1434 Monat vor Jakobstag an einem Ererstag
1650 1398 2803 1526 gewesen, habe diese ihre Kochin ihr ange¬
1649 1471 2806 1595 kündet. Es seye krank, habe Blutgeseget
1639 1551 2821 1674 und einen geschwollenen Fuß, wolle deswegen
2723 1635 2781 1698 .
1635 1617 2728 1746 heim auf Matenwyl und dann in den
1647 1694 2815 1804 Burngel gehen, das Waßer zu gebrauchen,
1636 1763 2807 1885 seye auch zu Herrn Operatorn Kuhn gegang¬
1639 1831 2810 1957 gen, selben wegen seinem geschwollenen huß
1617 1905 2787 2033 zu berahten, weilen Er auf Bescheiden nicht
1636 1978 2295 2094 in das Haus gekommen.
2380 1987 2718 2101 am Montag
1639 2042 2783 2177 darauf seye es auf Watenwyl verreiset.
1687 2120 2736 2246 Wie sie die Frau Deponentin von jemand
1630 2201 2803 2320 Magen gehört, daß geschwollene huß Zeichen
1639 2265 2756 2404 einer Schwängerschaft seyn können, habe
1630 2344 2711 2470 die Nemethalb, ohne habenden weiteren
1639 2418 2809 2548 Grund, verdacht gefaßet, und solches ihrem
1630 2501 2748 2627 Eheherrn geoffenbahret, der dann Tags
1617 2568 2735 2698 hernach am zinstag, an Herrn Pfarrer
1627 2634 2747 2777 Delosea auf Wattenwyl geschrieben, mit
1623 2702 2766 2853 ernstlichem Ansuchen, selbiges der Schwan¬
1624 2775 2726 2921 gerschaft halb zu befragen, auch Obacht
1630 2850 2748 2972 auf ihn zu halten und zweyen Verrich¬
1621 2930 2750 3061 tern anzubefehlen, daß die Er nicht weg¬
1617 3001 2746 3127 gehen laßen. Weilen H. Pfarrer, aber
1611 3076 2753 3190 gust hier in Bern sich befände, haben Sie
1631 3145 2760 3268 nicht nur ihm den Brief selbst zugestelt,
1620 3223 2729 3347 sondern annoch den nemlichen Tag dieser
1628 3283 2681 3413 Magd halb das gleiche mündlich gesagt.
1671 3353 2723 3484 Etwas Zeits nach seiner Abreis, habe er
