3024 4032
97 2184 252 2312 Fr.
79 2437 281 2569 Actis.
28 2894 213 3047 Ie.
38 3235 239 3371 Autl.
112 158 247 251 94.
318 348 385 461 .
565 192 1013 354 Dadam
374 341 1414 525 Kalbeten aus dem Stall entwendet, und
380 416 1422 620 sich darmit plözlich auf Langenthal zuge¬
388 484 1409 670 machet, wo er selbige dem Kreüzlarth
387 568 1397 755 umd 21 8t. 8. verkauffet, habe aber
387 655 1438 838 die Bezalung nicht empfangen, sonder
373 741 1454 925 er seye denselben tag daselbst verblieben
366 842 1438 1004 Wo er dann in der Nacht um 11 Uhr von
374 901 1438 1056 dem Niklaus Walker dem Lehenman̄
369 972 1432 1136 auf dem Schöngruen, dem er die Stieren
364 1055 1417 1204 verkaufft angehalten worden. Mann
358 1124 1434 1321 habe ihne auf Wangen in das Schloß
355 1219 1441 1380 geführt, wie Er unterwegs sich unbände
359 1310 1428 1467 verhalten und nicht fortgehen wollen,
338 1382 1398 1525 habe man ihne geschlagen und noch
352 1464 1306 1625 mehrere Mauer beygebracht.
340 1556 1376 1703 Da Er zu Wangen eingesetzt und
355 1648 1436 1777 nachberts von dem Freyweibel dorten
352 1736 1403 1884 abgeholt, und gefänglich alher geführt
341 1831 1441 1950 worden. Dieses seye, was er seit seinen
319 1891 1395 2049 Loßlaßung schlim̅es begangen, seye
340 1986 1378 2132 ihm leis, daß Er sich nicht beßern
334 2090 511 2163 könne.
318 2145 1426 2276 Ober mit dem aus den Stieren erlaten
330 2241 1383 2378 Geld hingekommen, werde ermahnt
328 2314 1096 2452 alle Wahrheit zu sagen.
321 2419 1421 2577 Er habe 12. neue duplonent neüethl
331 2507 1425 2640 und etwas Münz in einem Säbel auf
322 2585 1374 2736 dem Heustok zu Langenthal, wo Er
307 2668 1393 2804 übernachtet, verborgen. Alda Er noch
308 2768 1039 2907 zu finden seyn würde.
301 2847 1405 3005 Er habe ja 12. Duplonen undt neuer th
302 2923 1406 3068 jemand übergeben, solle folglich mit
304 2989 1402 3158 der Wahrheit heraus, und sich nicht auf
320 3085 1158 3243 Erdichtungen verlaßend.
279 3214 1362 3350 Ja, er habe seinem Bruder 12. neue
289 3252 1401 3425 duplonen und 1. neuen thl. zugestelt
289 3346 1402 3478 welche Er in einem ladernen Säkel, so un
278 3409 1384 3613 Schlößlin habe, auß einher Langenthal
1267 3486 1375 3584 auch
1526 1084 1672 1194 Auth.
1541 1376 1637 1475 fr.
1505 1608 1662 1754 Ants.
1483 2411 1652 2523 f
1471 2905 1656 3032 Autl.
1492 3411 1626 3521 C.
1617 693 1697 786 fr.
2704 301 2829 394 95.
2278 331 2323 403 .
1755 337 2191 477 D. 42.
1663 428 2817 588 auf offener Straaß gefunden, seye bestan¬
1733 526 2799 645 den in 8. neuen duplonen und Neuen
1718 594 2443 731 H. und das übrige in Münz¬
1735 630 2794 803 kan wahr seyn, daß das Geld zu langen,
1729 748 2797 864 thal auf dem Heü lige, und er herach seinem
1732 812 2745 934 Bruder noch so viel Geld zugestelt, so
1721 877 2764 1019 seyn kein Zweifel, daß Er solches nicht
1732 954 2446 1100 auch werde gestolen haben?
1729 1067 2792 1210 er habe dieses Geld, so er seinem Bruder
1732 1152 2795 1290 übergeben, einmal wie gesagt gefunden,
1722 1243 2568 1370 und könne nichts anders reden
1692 1325 2780 1473 In welchem Hand zu Langenthal und
1723 1415 2778 1536 an welchem Erst auf dem Fenstor daselbst
1704 1493 2763 1629 Er den Bäkel mit Geld verborgene
1717 1589 2747 1748 Es seye ein Haus mit Ziegel bedekt,
1707 1684 2787 1823 gegen dem Bären Zinüber, so das 3te
1711 1782 2764 1899 Haus ob dem Rogen seye, darunter
1718 1855 2724 1981 an den Wochen Märiten Strümpf
1708 1934 2749 2052 verkaufft werden. Daselbst rechter
1704 1998 2741 2137 Hand beym Eingang in das ten seye
1706 2100 2757 2198 die Leitern auf den Bolder. Alda
1715 2156 2787 2261 auf dem Heüstok rechts in dem hintern
1699 2234 2774 2352 Eggen etwann ein Kine tief seye der
1701 2308 2786 2435 Sekel mit Geld an der Wand zu finden
1709 2406 2728 2540 Er habe noch nicht alles bekennt, eb
1703 2493 2767 2621 Er nicht gestehen müße, daß Er auc
1686 2570 2732 2706 Mitwochen zu Nacht zu Barisbel
1703 2657 2735 2776 aus einer Maten ein dem Haus
1704 2727 2758 2861 Wischi zuständiges Pferdt entwenden
1717 2798 2783 2937 wollen, aber darauff verjagt worden.
1711 2909 2767 3047 Er bezeuge, daß er deßhalb unschuldig
1707 2991 2770 3124 Neye, wohl aber glaube er, daß er ohnbeit
1703 3073 2767 3203 davon gewesen, als solcher diebstahl
1699 3163 2698 3279 geschehen sollen, weilen Er schreyen
1701 3224 2773 3363 gehört. Man̄ habe ihn deßhalb fälsch¬
1704 3300 2200 3432 lich im Verdacht.
1694 3393 2593 3521 Ob Er kein Geld bey sich behalten
2559 3452 2728 3570 autlo.
