3024 4032
83 238 155 305 88.
432 316 977 478 Urtheil.
114 445 278 584 zedel.
289 475 1240 635 An die Hochwohlgebohrne, Meine
257 574 1081 716 Gnädige Herren die Rath.
195 707 1293 866 Ess haben MnGHH. und Oberen Räht
247 814 1333 954 und Bürger heute bey Eyden versamlet
278 880 1303 1003 sich vortragen laßen, die Vergicht des
280 973 1297 1081 alhier gefangen sizenden Betriegers,
268 1031 1231 1165 Babriel Albrecht Heuselmans
275 1115 1353 1269 gebürtig von Worb, und daraus höchst misfällig
282 1183 1271 1316 erstehen maßen dieser elende Mensch
279 1253 1295 1396 keit einicher Zeit daher durch falsche
273 1326 1381 1474 Siegel und Unterschrifften, bey verschiedenen
268 1402 1258 1546 Particularin die beträchtliche Summ
279 1472 1345 1606 der 1670. R. aufgenommen, und dieselben
280 1552 1249 1680 in Verlurst und Schaden gebracht.
268 1614 1216 1743 zu einer wohlverdienten jedoch
272 1698 1232 1824 gnädigen Gestraffung dieses
269 1769 1265 1908 großen Vergehens, Haben Hochdie¬
258 1856 676 1953 selben sintent.
811 1872 1145 1951 daß dieser
274 1919 1240 2047 Henselman̄ als ein Erz Betrieger¬
285 2002 1330 2125 mit Ruthen gestrichen und für Lebenslang
289 2076 1346 2194 aus der gestandten Löbl. Eydgnoßschafft
279 2151 1240 2268 und zugewanten Orten eydlich.
286 2223 1009 2313 verwiesen werden solle.
336 2284 1305 2425 deßen Euer Gnaden mit Bey¬
276 2372 1333 2498 fügung des Signalements zu behöriger
290 2443 1355 2555 Veranstaltung und Ausschreibung hiermit
286 2517 1355 2626 berichtet werden, mit dem freundlichen
290 2578 1301 2704 Ansin̄en, den Herrn Wayserschreiber
279 2654 1342 2776 Stettenbach erinnern zu laßen, daß Er
288 2724 1363 2853 in Zukunfft mit mehrerer Behutsamkeit
307 2791 1256 2923 im Geld ausleihen zu Werk gehe.
327 2867 1309 2983 denne wollen MeGHH. und Oberen
301 2937 1332 3052 Euer Gnaden überlaßen haben, die
300 3004 1330 3125 zwey Pitschierstechere Heber und Teücher,
304 3077 1364 3205 wegen ihrer erzeigten Unbehutsamkeit
305 3157 1367 3268 im gravieren, nach Belieben anzustehen;
298 3209 1332 3338 wie auch die Muter des Henselmans
312 3285 1274 3396 über ihre Nachläßigkeit in seiner
322 3344 1393 3474 Unterweisung zur Religion zu bestraffen.
1154 3427 1349 3540 ngtlich
2699 178 2802 244 184.
1837 238 2377 384 Denselman̄.
1583 305 2794 461 Endlich wird Euer Gnaden auch aufgetragen, den
1602 358 2800 508 Mefelch an die Herren Geistlohen ergehen zu laßen,
1617 417 2768 562 daß im Fall ein Delinquent in Zukunfft, dem Herrn
1624 462 2776 607 Geistlichen so ihne besuchet oder tröstet, noch fernere
1614 504 2761 677 Sachen offenbahren solte: Derselbe solche Bekant¬
1623 591 2689 707 müßen mir allein einem Gnädigen Herrn
1607 618 2750 774 Amts Schultheisen, oder Einem Hochgeehrten
1618 677 2756 851 Herrn Ober Examinatoren hinterbringen, und
1619 758 2791 887 sonst niemand eröfnen solle. Deßen Ihr Mein
1603 801 2786 974 Gnädige Herren hierdurch verständiget werdet.
1612 870 2793 1047 Actum coram 200. den 22ten Januarii 1770.
1892 989 2772 1155 Grichtschreiberen Hern.
2594 1092 2737 1171 d
2299 1102 2441 1193 dol
2657 1139 2717 1205 Co
1682 1256 2738 1432 An Herrn Großweibel Effinger.
1487 1311 1661 1453 Gestel
1564 1394 2756 1592 Da MegH. und Oberen Rath und Burger,
1585 1515 2724 1660 heüte bey Eyden versamlet sich vortragen
1616 1579 2785 1719 laßen, die Criminal Procedur des hier gefan¬
1617 1651 2752 1782 gen sitzenden Babriel Albrecht Hensel¬
1625 1730 2743 1858 mais gebürtig von Worb, haben daraus
1610 1806 2804 1923 Hochdieselben höchst misfällig erstehen, der ve
1620 1865 2776 1984 welcher gestalten dieser dende Mensch frey¬
1624 1940 2789 2067 willig bekantlich worden, daß er seit einicher
1618 2020 2749 2136 Zeit daher durch falsche Siegel und Unter¬
1626 2086 2776 2198 schrifften bey verschiedenen Particularen, die
1618 2143 2759 2263 beträchtliche Summ der 1670. R. aufgenommen, und
1619 2207 2729 2329 dieselben durch sein höchst strafbares Begehen
1618 2272 2744 2390 in Verlurst und Schaden gebracht, anbey auch
1620 2338 2751 2451 die allgemeine Bicherheit in Unriche gestetzet.
2140 2416 2255 2467 gen
1648 2406 2715 2527 Als haben Megt und Oberen, und
2714 2418 2749 2499 .
1621 2486 2753 2614 gnädigen Betrachtungen, diesem Betrieger
1611 2559 2732 2663 zwar mit der Todesstraf verschonen, und
1621 2610 2652 2727 Gnade vor Recht halten laßen wollen.
1617 2675 2762 2787 damit aber vor dergleichen boshafften Betrügen,
1619 2746 2795 2858 Stadt und Land in das künftige gestichert seyen.
1627 2789 2525 2913 zu Recht erkent und gesprochen.
1543 2853 2784 3017 Es solle dieser Gabriel Albrecht Henselman̄
1554 2927 2770 3073 Szu wohl verdienter, jedoch gnädiger Bestraffung
1611 2987 2768 3132 mit Ruthen gestrichen, und auf Lebenslang, von
1611 3061 2785 3171 gestander Lobl. Eydgnoßschafft und zugewandten
1613 3121 2799 3242 Orten eydlich verwiesen werden. Welche Urtheil
1601 3168 2782 3300 Ihr Mein WohlEdelgebohrner Herr an ihme voll¬
1605 3229 2812 3354 streken laßen, und den Ban̄isations Eyd intimieren
1616 3286 2767 3407 werdet. Wie zu thun mögl. bestens wißen wird
1580 3347 2620 3493 Actum coram 200. den 22. Jan. 1770.
1900 3439 2739 3586 Grichtschreiberen Herrn.
2200 3551 2690 3665 S G
2651 3617 2770 3700 .
