3024 4032
74 132 210 237 13
98 822 185 958 thi
82 1008 225 1113 Giett
78 1436 202 1561 Ihn
184 304 243 425 .
570 191 1011 335 Examen.
246 269 1392 552 Mit Anna Barben von Lungen
233 406 1388 574 sten Arres Biers ehr weib und
216 497 1363 674 dem Schangenen 22 Jahren Alters
230 567 1394 753 seßhafft zu Uitiger, habe ein Kunbli
230 662 1372 836 sto es vordt. Wachere zier ein Spittahl
212 725 870 864 zur Welt gebohren
867 769 917 834 3
238 823 1346 965 Ob es wiße, aus was grunden er
205 909 1384 1064 hieser in den Spitahl gebracht worden.
261 1013 1381 1165 Man habe zu thun, als es dorten
230 1100 1375 1218 wegen seinem elenden kräncklichen
195 1162 1368 1306 Gustand in dem Spittahl gewesen, ihme
213 1250 1382 1395 gesagt, es habe leüten Gott beygebracht
211 1336 1278 1466 darvon es aber gar nichts wiße
241 1428 1395 1558 Es seye dißmal nicht um das laugnen
223 1502 1380 1616 zuthun, sonder daß es stein schwe
217 1568 1350 1682 res verbrechen bekene, Welches
235 1633 1350 1757 schon so viel als am tag liege. Es
213 1698 1346 1799 solle daher Bott die Ihre geben
212 1765 1342 1909 und die Wahrheit aufrichtig tagen,
225 1845 1348 1959 so könne es auch Gnad bey seiner
190 1919 928 2048 hoherr obrigkheit hoffen.
202 1991 1388 2147 hierauf machte es keiner und bemeind
209 2088 1367 2242 folgende Bekantnuß. Es seye an
217 2155 1373 2291 einem sonstag vor etwan v. Monaten
198 2221 1360 2373 een Mittags Zeit in die Scheue beid zu
211 2310 1359 2485 des Hauenkraten gegangen, wo es de
205 2377 1376 2550 Frau in der Ruche angetroffen, welche
196 2453 1361 2647 ein Herr Appel drey gewochet, Sie habe
202 2534 1372 2732 ihns auch die Ferieblatten sizen geheißen
194 2636 1383 2822 und seye weg in den Keller gegangen.
240 2709 1373 2909 Indeßen habe es ein wenig Gist, so
199 2811 1363 2976 es in einem Pappell zwischen zweyen
195 2854 1356 3070 Eingeren von Haus getragen, in den
185 2945 1359 3186 Brey geworffen. Als die Hanenberat
197 3014 1338 3254 wieder gekomen, haben sie in der
187 3092 1355 3328 Ruch noch eine Zeitlang mit einander
213 3195 1349 3412 geredet. Da selbige aber ihren
199 3237 1352 3485 Man̄ zum Mittag Eßen gerufen,
205 3351 1337 3603 seye es weg gegangen, und habe
2679 157 2858 259 136.
1903 224 2297 368 dapten.
1529 304 2823 511 in der Nachbauren Klausen gleich an¬
1567 392 2815 563 stoßendem Herr, Kohm für ein res
1525 445 2810 620 hand gesammelt, darauf er sich herinn
2588 569 2618 607 e
1544 491 2821 705 begeben, und daselbst bis auf dem Abend
2479 564 2555 629 Al
1554 572 2787 767 verblieben. Wo es mit keinen Stieff
1544 633 2796 836 Kinderen in den Wald gegangen, die
1543 719 2836 910 daselbst Holtz zusamen gelesen, indeßen
1553 777 2809 977 habe es sich wieder in bemelten Nach¬
1550 870 2815 1046 bauren ders verfüget, und noch mehrer
1554 936 2783 1144 Kräuter zu ständlen. Da seye des
1553 1007 2815 1205 Hauentrats Schwieger zu ihm gekommen
1556 1085 2785 1287 welche ihns gefraget, was es da thue.
1564 1157 2814 1337 Als es gesagt, es wolle mit ihr zu der
1553 1234 2824 1431 Hauenbrats gehen, habe sie geantwortet
1552 1314 2815 1524 es dorfe nicht zu kommen, es seye wohl
1556 1407 2792 1594 ein unglückhafftiges Mensch und was
1532 1503 2773 1645 es gemacht habe? Es habe darauf
1544 1568 2766 1725 diese Wort erwiederet, was er gemacht
1553 1652 2783 1797 habe, das habe es gemacht, habe Sie
1543 1738 2774 1889 damit verlaßen und seye heim ge¬
1536 1847 1866 1966 gangen.
1550 1875 2706 2041 am Tag hernach, als sein Man̄ nach
1546 1982 2788 2094 Hans komen, habe er ihme vorgehalten
1536 2053 2791 2173 was es doch gemacht. Es solle deren
1539 2121 2743 2242 zauenkraten Gifft gegeben haben
1533 2196 2738 2318 und bringe sie beyde damit in das
1539 2263 2737 2394 gröste Unglück. Sie haben beyde
1548 2338 2795 2453 unteinander darüber gewendt, und es
1524 2411 2763 2534 habe solches dem Man weder bekent
1537 2488 2774 2626 noch abgelaugnet. Ain folgenden Tag
1532 2563 2776 2705 habe der Weibel von Altendorff scheit zu
1526 2639 2766 2745 Uitigen abgeholt, und auf Thun in die
1521 2725 2779 2862 Gefangenschafft geführt. Da es nach¬
1529 2803 2789 2946 werts auf Erfinden seiner Schwangen
1539 2890 2786 2992 schafft in dem Spittahl enthalten worden.
1478 2941 2746 3109 se. Es verlante des Hanenberten Weib
1532 3046 2778 3192 habe ihns auch sein ankommen weggehen
1531 3112 1881 3210 geheißen.
1455 3173 2329 3336 Anth. das seye gar nicht.
1458 3265 2762 3457 Ehr. Wie viel Gifft es in dem Pappeli
1497 3344 1790 3445 gehabt
2324 3425 2593 3557 Antl.
