3024 4032
318 340 455 456 513
690 324 1003 476 Beller.
419 434 1548 633 waß vielleicht dieser Mensch stehen zuges
466 541 1539 707 vorher einer lebendigen frucht gewesen
449 618 1519 766 seyn müße, und zwar und so da mehr
462 718 1514 875 da bey diesem Andas von einem auf
442 815 1520 965 Jacob. 1769 mit ihr vorgegangenen Be¬
449 900 1520 1043 schlaf geredet worden seye. Gegen
449 974 1545 1140 wärtig befinde sich diese Magd be¬
440 1059 1532 1210 der Jgfr. Sangartner an der Herren
436 1154 1515 1290 daß transportiert. Dieses nun habe
428 1231 1494 1394 die pflichtmahlig geglaubt, Meine gnädigen Herren
427 1317 837 1457 anzuzeigen.
659 1408 721 1502 3
458 1435 1490 1613 I dan̄ aber hoch dieselbe ihrer seits
418 1543 1466 1687 bey dieser der Sachen gestaltsamme
427 1619 1502 1783 diesend Weibs heils nicht vor sich bescheiden
417 1709 1495 1854 können, inzwiſchen dann einicher maßen
407 1803 1499 1914 periculum in Morae seyn von, als haben
409 1888 1476 2010 Sie das beste zu seyn erachtet, auch
391 1965 1499 2107 Meinem hochgeehrten Herrn Großweibel
394 2063 1463 2202 zie von anstunde Nachricht zu geben,
392 2150 1414 2296 und von doch aus die gutfindende
383 2237 1490 2396 Veranstaltung verfüegen zu können,
383 2341 1283 2491 Actum den 26tn April 1770.
658 2443 1521 2597 Sehl. Joh. And. Schedel. Secretarium
543 2746 1357 2931 isum Repertum.
322 2879 1463 3046 und Befehl Ihr Gnaden haben endt
378 2993 1480 3133 unterschriebene den 26ten April. 1770. Nach¬
379 3068 1503 3217 entag zwischen 2. und 3. Uhr in großen
368 3153 1472 3302 nenen Pittahl allhier, wegen beglaubter
361 3251 1459 3356 Genißt, genau befragt und examinirt, die
361 3329 1471 3475 Elsbeth Zellen von Bangerten so 25. Jahr
1197 3442 1315 3527 all
2702 425 2821 515 366
2041 413 2276 550 Gotten.
1729 500 2811 657 alt, und befunden, daß ihre grüste etwas
1718 611 2815 747 aufgetrieben, und durch gelindet Andrucken,
1724 680 2781 803 eine Summe geschiedene etwas bäßichte
1694 767 2810 897 Milch, doch in kleinerer Sortion fournire.
1702 839 2769 961 der untere Leib wan etwas mehr als
1707 916 2819 1058 sonsten natürlich erhoben, sie versicherte
1718 1001 2782 1136 über daß Sie von Jugens auf einen
1704 1090 2833 1226 etwas mehr als natürlich dieben und auf¬
1695 1165 2817 1311 getriebenen Bauch gehabt, auch sagte
1702 1246 2812 1388 die, daß seit dem herbstmonath oder
1704 1329 2833 1477 Anfangs keinenenats letzt verfloßenen
1683 1421 2776 1561 Jahrs ihre Mentia ausgeblieben et
1711 1496 2827 1651 vrificio uteri floße wouerklich weder Geblüth
1707 1581 2746 1695 noch etwas von Cochiis, und durch das
1702 1662 2829 1791 Anonehement könnte man auch nicht wohl
1690 1739 2773 1864 judicieren, daß seit etwelchen Tagen
1696 1829 2758 1955 etwas anderst als ein Abfluß einichen
1686 1893 2805 2013 Zeit zurückgebliebenen Meustus reme
1693 1977 2819 2118 oder vielleicht eine sogenan̄te Terten vor¬
1674 2052 2818 2212 gegangen. Dieses ist, und die pflicht
1690 2146 2739 2275 mäßig zu comunicieren die Ihre haben.
1683 2232 2401 2371 Bern den 26. April 1770.
1943 2331 2170 2461 Costerl
2168 2331 2779 2479 D. Langhand And. Jure
2132 2448 2830 2578 9. Jan. Hartmann Chir. Ju. Jure
1878 2653 2388 2846 Dopia redet
2080 2787 2175 2872 an
1753 2794 2784 2958 Herrn Großweibel Weige, und Herrn
1663 2919 2461 3059 Grichtschreiben zu ihrer Berg.
2218 3017 2283 3064 dece
1731 3015 2677 3141 und den Meinen gnädigen Herren von Eüch herrn
1694 3085 2793 3218 Großweibel erstatteten Gericht vernemen
1688 3144 2801 3326 Hochdieselber, wie daß eine bey dem Trafer
1680 3230 2799 3386 tanzi in hier in diensten gestandene
1692 3301 2794 3457 dermahlen bey Jungfer Baumgartner
2441 3428 2536 3495 in
