3024 4032
185 353 315 448 189.
598 323 1108 447 De
205 443 339 570 Fr.
349 416 1456 583 Da Er bekennen müße. Es habe nach dem Steujahr
351 515 1410 644 Umgang mit seinem Verlobten gehabt, Es
337 585 1410 685 darauf Matigkeit in seinen Gliederen
327 653 1411 769 bekommen, und seine Zeiten verlohren, auch
327 719 1412 833 geschwollen fuß, große Brucht und Angsti¬
320 789 1441 910 gungen gehabt, so seye gantz naturlich, daß
315 847 1434 975 Er als ein Mensch in seinem Alter daran
322 928 1401 1050 eine Schwängerschaft habe schließen sollen,
310 991 1433 1107 zumalen es auch sein Maser zu den
321 1065 1421 1168 Doctoren geschiket. Mitel von ihnen ein¬
312 1127 1375 1244 pfangen, selbige aber nicht gebrauchet.
220 1204 1434 1343 dentlo. Es habe allezeit große Ernst gehabt, und
325 1284 1409 1411 dann habe Er nicht geglaubt schwänger zu
314 1356 1448 1493 seyn, sonsten er nicht in die Instul gegen¬
322 1429 635 1534 gen wäre.
217 1479 334 1611 r.
340 1467 1445 1640 Ob das weib des H. Bauherrn M. Knecht,
331 1579 1442 1709 dann ihme nicht auch zugemachtet, Er möchte
322 1643 801 1751 schwanger seyn.
219 1717 1429 1853 Anth. Er könne seyn, wiße es aber nicht. Wohl
340 1802 1368 1927 aber besinne Er sich ihr gesagt zu haben,
318 1864 1373 1990 Er wünschte auch ein solches Kindlein Sie,
310 1940 1413 2071 zu haben, Er wolte seine Kleider ab dem
333 2013 759 2135 Leib verkauffen.
194 2098 306 2203 Ar
331 2082 1424 2225 Warum Es dem H. Doctor Hilfer nichts gestan¬
324 2174 419 2255 get.
196 2213 320 2357 Antl
337 2196 1406 2357 Es habe ihme auf befragen, was ihm fehle
315 2306 1419 2440 gesagt, Einhabe Matigkeit in den Gliedern,
316 2387 1363 2517 darauf Er ihme ein Drukli mit Sulter¬
299 2455 1408 2593 geschiket, wo von Er aber nichts eingenommen,
306 2539 1380 2667 indeme Er am Tag hernach in die Instul
298 2609 961 2713 zu gehen im sich gehabt.
195 2677 1246 2807 Fr. Wan wein Er geschwängeret worden.
178 2759 1262 2895 Antb. von dem Stoker von Schafhausen.
195 2827 1415 2975 Fr. Warum es ihm nicht zugeschrieben, Er ver¬
306 2911 1039 3028 müchte schwanger zu seyn.
180 2967 1409 3097 Ants. Er habe ihm durch den Heinrich Schreiben.
299 3060 1375 3186 laßen, er seye krank und werde in die
286 3128 671 3241 Insul kommen.
292 3185 1417 3320 Ob Er keinen Grund gehabt, seine Schwanger¬
180 3189 293 3321 fel.
297 3269 838 3393 schaft zu verbergens
326 3294 1438 3466 E habe solche niemal zu verbergen gesucht,
166 3328 291 3425 Autl.
294 3408 1148 3492 könne darauf leben und sterben.
300 3450 1398 3598 Warum Er dann nie selbst zu einem Doctor
175 3482 264 3571 Er
1306 3516 1402 3599 dhar
2728 318 2834 408 410.
1913 299 2352 446 Behler
1644 410 2809 536 oder Hebammen gegangen, selbige berahten, und
1629 471 2822 603 ihnen gesaget, Er vermuhte schwanger zu seyn.
1546 526 2780 687 Ants. Es habe den Verstand nicht darzu gehabt, und
1640 602 2806 743 zuglaubt, wann Er das Waßer Schike, so werden
1620 664 2826 781 die daraus seinen Zustand beßer stehen können,
1549 724 2816 888 fr. Ob wahr seyn, was es in seinem ersten Examen
1634 790 2821 919 gesagt, Es habe der frau Schultheiß in Stürler
1634 860 2808 993 von Wastenwyl zugeschrieben, Es möchte nur
1632 927 2429 1061 wißen, ob Er schwänger seyn.
1523 999 2758 1154 Anto. da Er habe ihr das zugeschrieben, mit dem
1616 1073 2796 1205 Zusatz, Er wünschte, daß Er schwanger wäre,
1632 1142 2799 1269 beim Er schon mit dem Kind von einer Thür
1615 1220 2363 1358 Her anderen gehen müste.
1549 1271 2822 1444 Fr. Wann es ich möglich seyn könte, daß Er seine
1606 1366 2812 1525 Schwängerschafft nicht geglaubet, so seye hingegen
1624 1421 2798 1567 unmöglich, daß Er habe sein Kind, ohne solches
1608 1499 2789 1647 zu geführen, gebühren können. Und da Er
1624 1566 2771 1691 bey keinen Starken Bauch schmerzen keine
1615 1653 2834 1778 Hulf nach Mitel begehrt, so seye klar zu schließen
1620 1711 2811 1857 sten, daß Er seine Beust geheim zu halten
1605 1769 2813 1915 gesuchet, und so mehr, als Er nachwerts noch bey
1618 1858 2684 1994 tung Tagen seine Riederkunft verhälet.
1659 1944 2788 2085 Es bezeuge, daß Er niemals im Sinn gehabt
1539 1968 1647 2057 Ants
1616 2024 2786 2143 zimmlich Kindbeterin zu werden: Da es aber
1613 2093 2790 2223 sein Kind bey ihme tod gefunden, seye Er
1621 2175 2766 2301 darüber erschroken, und habe es nicht sagen
1620 2245 1812 2360 dorfen.
1539 2302 2759 2441 fr. Die Herren Doctoren sagen in ihrem Bericht,
1636 2391 2828 2508 daß sein Kind lebig zur Welt gebohren, folglich
1636 2461 2768 2586 werde Er solches auch einiche Weis mishandelt
1623 2522 2834 2657 haben, solle jetzt einmal Gott und Einer hohen
1629 2604 2764 2736 Obrigkeit die Ehre geben, sein Gebis ver¬
1623 2679 2585 2794 entladen und die Warheit bekennen.
1534 2729 2784 2902 Ants. Er habe zu große Schmertzen gehabt, seye
1618 2834 2745 2968 von Sinnen gekommen, und habe in diesem
1616 2892 2748 3028 Zustand nicht wißen mögen, wie Er sein
1617 2957 2739 3103 Kind gebohren, Er betheure anbey, daß Er
1612 3033 2478 3177 solches keineswegs verwahrloset.
1529 3107 1619 3218 te
1624 3116 2804 3252 Es solle doch in seinem Ablaugnen nicht ver¬
1609 3191 2742 3332 harren, dann alles was Er sage, seye nicht
1619 3263 2825 3392 wahr sich einlich, wenn Er so große Schmertzen gehabt,
1611 3337 2816 3469 sohäte Er doch wenigstend achten und und steutzen
1626 3403 2773 3512 müßen, aber auch dieses seye mir nicht vor¬
1617 3450 2800 3598 ihm gehöret worden, folglich habe Er in böster Ab¬
1600 3514 2682 3670 Richt seine Geburts Schmertzen verdruket.
2553 3600 2718 3718 Autlo.
