3024 4032
102 188 267 312 118.
145 2083 271 2206 frun
100 2773 269 2898 Amts
349 295 1478 502 Nach kräfftiger Vermahnung zur Wahr
357 410 1478 560 seit, daß es Doct die Ehre geben- und
354 495 1493 631 aufrichtig bekennen solle, aus was Benn
355 570 1490 722 den es allhier gefänglich enthalten werde,
340 663 1500 814 Betheurete es es habe einmahl an dem
343 751 1487 921 vnd der Kinder, so da bey Junckherr
339 837 1464 1004 Obrist Tscharner in dem Ehe Graben
346 931 1467 1078 gefunden worden, keinen Antheil
352 1030 1446 1150 vonsten es solches Bott und seiner
331 1106 1468 1264 Hohen Obrigkeit bekennen wollte, wohl
344 1215 1447 1368 aber gestehe es, daß es ferndriges
316 1313 1469 1464 Jahr im Aprill ein starckes Bauchwehr
319 1401 1444 1550 bekommen, und blohen Glük von ihm
325 1501 1442 1655 gegangen. Es habe damahls ge¬
326 1592 1484 1737 gegebet, es möchte vielleicht schwangen
314 1693 1477 1841 sern, weilen des zugleich Milch bekommen
316 1774 1414 1926 aber kind habe es keines gestehen.
297 1875 1438 2029 Reither habe es allzeit Milch in den
301 1974 849 2117 Grüsten gehabt.
328 2080 1450 2248 Man verhalte ihme nicht, daß seit dem
317 2188 1459 2330 Es hier gefangen size, man keinethalb
316 2262 1452 2416 solche Gerichten eingeholet, die aller¬
309 2341 1464 2495 ddings nicht zu seinen Konsten seyen.
316 2443 1428 2609 solle sich also wohl bedenken, und
311 2533 1453 2696 durch ein hartnäckiges Ablaugnen seine
296 2643 1177 2802 Sach nicht schlemmer machen.
351 2757 413 2824 72
305 2733 1449 2917 Seine Seele laße ihme nicht zu, etwas
291 2835 1383 2975 zu bekennen, daran es ein schuldig
300 2922 1431 3075 Am letztere Wienacht Tag seye es heim
301 3004 1453 3167 auf Kersatz gegangen, habe im recht¬
642 3104 718 3173 t
295 3073 1437 3221 dten Sein eins rechten Aren Schmertzen
289 3183 1428 3353 gehabt, auch danckwehe bekommen, da
295 3253 1419 3440 dan̄ der Hans Raht ihm ein Pulverkl
283 3344 1427 3536 gegeben, so Er von Junckherr Obrist
1103 3468 1281 3607 surp
1555 1290 1689 1465 frag
1552 1563 1684 1665 Ants
1537 1878 1678 1993 Pag.
1546 2122 1672 2216 Gelts
1538 2462 1654 2598 frag
1517 2640 1661 2734 Acts.
1539 2741 1675 2874 feri.
1522 3256 1666 3388 Acto
2764 275 2863 359 9.
1691 407 2847 552 für die Glieden sucht empfangen dieses
1690 508 2832 646 Pul verli habe es am Abend in lauteren
1684 596 2821 723 Waßer eingenommen, und am Montag
1687 675 2806 820 habe seine Monat Zeit sich wieder bey
1698 749 2836 908 ihm einbefunden, am dienstag darauf
1705 846 2793 973 sere es wieder in die Stadt gekommen.
1685 945 2785 1100 am letzten Zinstag dann seye er 14.
1684 1050 2823 1185 Tag, daß es hier in der Stadt auch wieder
1683 1126 2757 1270 Bauchwehe gehabt, und ein paar Tag
1695 1200 2820 1349 hernach haben seine Reglen sich erzeiget.
1731 1292 2774 1436 Sach der Zeit, da die Klotene Blut
1698 1382 2803 1529 von ihre gegangen, ob es seither nichts
1696 1460 2800 1610 von einicher Schwängerschafft verführet.
2087 1541 2132 1616 S
1719 1560 2778 1702 Nein nicht das geringste, habe seither
1686 1629 2808 1777 seine Zeiten zu Monaten oder Rechts Wo¬
1689 1735 2224 1880 ichere weise gehabt.
1716 1836 2778 1978 Ob ad laugnen und beharren dörffe
1695 1924 2750 2078 bey gutem gewißen, daß es nicht
1690 2023 2274 2170 schwänger gewesen.
1708 2112 2798 2254 Er könne seyn, daß es schwänger ge¬
1702 2191 2824 2311 dorten, indeme ein Wienacht auch Klagen
1675 2285 2809 2425 Weit von ihm gegangen, Kind aber habe
1694 2358 2230 2506 es keines gebohren.
1697 2451 2821 2612 Wie lang es damal möchte schwanger
1693 2547 2134 2652 gewesen seyn.
1701 2620 2165 2764 Sey 20. Wochen.
1703 2721 2819 2862 folglich seye es in die halbe Zeit schwan¬
1695 2807 2794 2945 iger belesen, und also habe nicht nur
1683 2887 2779 3028 Blick - sonder ein geforderten Kind voll
1684 2972 2805 3111 ihren gehen sollen, es werde also er¬
1680 3050 2766 3205 mahnet in seiner Bekan̄tnuß nichts
1671 3163 2188 3301 zureich zuhaltern.
1690 3226 2715 3410 Es habe einmahl kein Kind gesehen.
2428 3376 2697 3513 Fr. Ob
