3024 4032
69 232 99 286 2
167 193 275 278 275.
555 188 1067 350 Spielmann.
248 325 291 396 .
310 299 1349 498 Geld diebstal, angehaltene Heinrich
271 393 1361 573 Spielman̄ von Vilmacheren, seye letzten
245 464 1380 648 Sommer um Jakobstag herum, in das
273 534 1354 753 Pintenschenk geboten, und habe etliche
278 647 1254 823 Tag sich da aufgehalten, bey seiner
1256 735 1349 799 .
267 719 1239 877 Abreis habe Er seiner Frau eine
287 791 1320 971 silberne Sabuhr, und ein beschloßenes
265 870 1257 1031 Päblin in Verwahrung überlaßen,
284 940 1262 1097 mit dem verdeüten, Er wolle auf
266 1022 1283 1175 Basel, heiße Heinrich Müller von
266 1121 1337 1292 Schinzuacht, und dan werde Er heimgschen
271 1201 1259 1340 und wiederkommen, diese Uhr und
265 1265 1362 1420 Päklein wieder zu Handen zu
281 1377 1319 1490 nemmene Er wolle die Uhr jetzt nicht
265 1415 1288 1575 bey sich tragen, weilen sein vogt
261 1500 1279 1656 ihm nicht zulaßen wolle, eine Uhr¬
255 1571 1311 1715 zu haben. Etwan ein Monat darnach
275 1655 1298 1788 seye ein Man̄ zu dem Pintenschenk
262 1721 1307 1870 gekommen, vorgebend. Er seye dieses
261 1807 1288 1937 Heinrich Müllers vogt, derselbe
274 1882 1306 2025 liege zu Haus brank, und seye ihm
263 1960 1247 2090 sein Kraus verbrunnen. Er habe ihne
262 2032 1239 2181 geschiket, die Uhr und das Päcklein
266 2124 1240 2260 abzuholen. Seine Frau habe ihm
254 2206 1268 2330 solches aber nicht zustellen wollen,
265 2279 1206 2421 weil Er kein Strief, noch einiches
1114 2366 1314 2487 Geyt.
256 2355 982 2498 Zeichen bey sich gehabt.
262 2453 1209 2590 Tagen hernach, seye dieser sich
263 2538 1344 2670 vorgebende Vogt wieder gekommen,
272 2620 1290 2746 und habe ein leidenes Halstuch und
267 2690 1287 2826 ein Schimpfuch, welches beyder seine
251 2770 1247 2887 Frau dem vermeinten Heinrich
256 2848 1312 2975 Müller zuvor verkauffet und wohl
263 2928 1285 3057 gekennet habe, mit sich gebracht, und
270 2995 1303 3145 der Frau zum Zeichen vorgewiesen,
266 3069 1284 3214 daß Er seines Vögtlings bille seye,
270 3156 1310 3294 daß sie ihme diese Uhr und Päklein
263 3236 1267 3366 zustelle; Worauf hin sie ihm auch
270 3318 815 3456 bey des übergeben.
266 3364 1202 3524 vor 14. Tagen dann, als Samstag
1194 3370 1312 3495 ven
1166 3433 1198 3489 .
1286 2077 1340 2216 3.
1565 443 1618 495 4
2634 302 2723 381 276.
1781 277 2374 391 Spielmann.
2510 354 2565 439 9
1641 351 2657 517 den 9ten dieß Monats, des Morgens um
1631 454 2691 580 funf Uhr, seye dieser sich nennende Heinrich
1610 513 2718 646 Müller wieder in das Sintenschenk gekommen.
1637 578 2728 698 und habe gesagt, Er habe die Sach von seinem
1618 649 2113 748 Vogt wohl erhalten.
2311 660 2725 750 Seither aber haben
1630 719 2675 818 sie vernommen, daß dieses sein Vater
1631 767 2692 898 gewesen. Dieser Heinrich seye bis am
1625 837 2668 950 Dienstag darauf etwann bis um 10. Rthr
1622 902 2698 1037 des Morgens verblieben, und wieder wegge¬
1615 979 2465 1100 gangen, wiße aber nicht wohin
1618 1042 2727 1180 Als Er Dept. am Donstag darauf des Abends
1612 1125 2709 1252 vor 9. Uhren, über sein Schubladen, wo Er
1624 1200 2725 1328 tein Geld in Verwahrung gehabt, gehen wollen,
1624 1276 2708 1397 da habe Er im Aufschließen gewahret, daß
1624 1365 2689 1482 etwas am Schloß fehle, und wie Er solches
1616 1427 2707 1555 eröfnet, habe Er das Schloß forciert gefun¬
1622 1500 2707 1623 den, und dann habe Er zu seiner Bestür¬
1615 1575 2721 1700 tung erfahren, daß sein Geld, so in zweye
1607 1644 2713 1779 Säklen gelegen, entwendet worden, samb
1618 1719 1922 1819 den baklen.
1669 1772 2698 1922 der größere häbel, so eine Gibiciere,
1618 1868 2694 1980 habe enthalten in neuen Thalern, 20. 10.
1619 1941 2691 2061 und 5. Bätleren in ciren die Summ der
1606 2001 1803 2088 D. 160.
1609 2058 2671 2180 Im kleineren Bökel dann, der roth von
1614 2151 2728 2270 beiden gestrikt und mit Silber durch würkt,
1612 2214 2716 2351 haben sich befunden d. 50. so bestanden
1613 2302 2722 2420 in zweyen Bern und einer Holländischen
1613 2382 2713 2504 Ducaren, einer alten Dublonen, zweyen
1605 2458 2660 2583 nenen Dublonen, zweyen halben
1607 2527 2697 2652 neuen Dublonen, das übrige in alten
1844 2617 1873 2653 e
1589 2606 2689 2729 Krönthl. und halb Krönthl auch einem
1597 2684 2704 2798 Zehenbatler von Bollothurm, einem Bene¬
1593 2743 2676 2880 Junfbäzler und einem Luzerner St vill
1601 2822 2653 2947 Stüklein, Endlich alte Rerufung bäzler
1613 2893 2691 3030 mit dem Adler. Actum den 25ten
1611 2960 2171 3070 Decembris 1769.
2420 3305 2712 3413 Examen
