3024 4032
127 277 236 367 189.
206 391 306 517 .
636 270 982 426 Hauser.
314 375 1254 529 mit dem Bestenstiel die Thüre des¬
311 471 1340 578 Bureau berührt, welche dann von diesem
316 536 1328 647 Anstos gewichen seyen, und daraus habe
317 588 1275 715 sie geschloßen, sie seyen nicht wohl
315 653 1265 779 verschloßen, und Er habe dieselbe
313 745 1283 814 ohne ein ander Instrument als den
309 779 878 899 Resenstiel eröfnet.
312 869 1313 995 Es habe auch einen Morgen, als Er das
310 939 1259 1054 Bet gemacht, den Schlüßel an der
318 1008 1373 1129 thur des Cabinets vermerket, daßelbe
310 1074 1367 1192 darmit eröfnet, und darin verschiedene
323 1172 1344 1266 Geld sortis genommen. Da ich ihm nun
315 1222 1295 1329 sagte, Es solle nur den Überrest
305 1298 1319 1412 des gestohlenen zustellen, antwor¬
309 1373 1337 1512 tete erung, Es könne es nicht geben,
299 1448 1259 1569 Es wolle es den Nachmitag nur
306 1545 574 1643 bringen.
310 1587 1365 1735 den Nachmitag erinnerte ich dieses Mensch
323 1669 1267 1791 an sein versprechen, daßagte Er mir,
322 1729 1289 1838 es habe das Geld in seinem Schafft in
316 1797 1300 1920 der Müntz, Es habe es schon tags vorher
321 1868 1348 1987 keinem Man̄ zurük gefordert, Er wolle
321 1938 1296 2043 es nun holen. Es bliebe aber über eine
320 2005 1346 2126 halbe Stund aus, man gienge unterdeßen
328 2079 1345 2185 etliche mal in seine Kammer, und fande
319 2143 1321 2259 es nicht da; Und als man ihns bey steiner
319 2211 1307 2336 zurükkunfft befragte, wo Er so lang
327 2277 1330 2405 geblieben seye, so hat Er geantwortet,
328 2346 1278 2464 Es habe das Geld oben in seinem
322 2415 1300 2550 Schafft geholt, und habe inzwischen auch
328 2491 1303 2618 seinen Mann an der vorderen Gaß
325 2568 1382 2695 gesucht. Es gabe mir aber von dem gestohlenen
328 2629 495 2717 Juruck
343 2682 1389 2790 LBapires, La Louis blanc, 22 Species thaler,
333 2748 1297 2880 verschrodene Pfalmen Pfennige und
328 2821 1297 2958 Gärtner. Alles berechnet für den
335 2883 735 3012 Werth der §. 29.
332 2961 1350 3100 Was noch bey seiner Verhafftmachung bey
336 3045 1335 3163 ihm ist gefunden worden, darüber wid
339 3117 1354 3245 der Thurnbeibel seinen Bericht ertheilen.
342 3184 1401 3305 da auch in seiner ermieteten und versiegel,
335 3247 1366 3390 ten Kammer an der Bolatenmathaf
327 3316 1297 3437 verschiedene Stube von Leinwand mit
1215 3380 1383 3482 anderer
2626 252 2762 346 290
2002 250 2351 403 Cerisir.
1625 356 2771 475 anderes ist gefunden worden, so könte gar wohl
1635 430 2753 527 etwas aus meinem Haus entwendet seyn, unter
1624 484 2750 577 andern hat man alda einen großen eisternen
1623 544 2707 624 dreyfuß zu einem Anbenweßel gefunden,
1631 615 2052 719 den ich vermiße.
1623 658 2725 796 Es wird auch notwendig seyn dieses Mensch zu
1623 734 2761 857 befragen, wo es die Chrarthl. verwechslet habe
1629 798 2712 918 und aus was für einem dorund. Es hat auch
1620 874 2682 990 in H. Dachsten Laden, Waaren in neuen
1608 932 2698 1052 Louisdow bezalt, von welcher Geld Porte
1617 1002 2305 1130 Es mir keine entwendet hat.
1634 1071 2722 1198 dieses ist der gewißenhaffte Bericht, welchen
1633 1147 2771 1264 unter meiner Unterschrifft dem Wohledel gebohrn
1626 1215 2698 1349 nen Mein gnädigen Herren Großweibel ihrerbietigst
1612 1287 2764 1418 zu übergeben die Ehre habe. Bern den 28ten
1628 1384 1930 1490 gbars 1769.
1992 1422 2757 1584 Sigl. Seider Munzward ein
1851 1759 2382 1922 L. Anzeig
2106 1842 2232 1989 he
1747 1930 2656 2081 Herrn Barden Heiner
1555 2037 2732 2223 Den 30ten Abris um 6. Rthr, hat man in
1630 2155 2741 2284 dem Stet, wo die Magdalena Tauser in der
1623 2228 2787 2361 Müntz geſchlaffen hat, unter ihrem Haubtkuße
1632 2315 2757 2410 in einem rothen Kastenlingen eingewikelt
1628 2362 2752 2516 gefunden, 3. R. sub C. 8. Federth und zwey
1636 2432 2737 2563 Gonthl. samt einem Zeichen für Garn,
1636 2507 2776 2633 von Herr Brugger. Welches hierdurch dem
1629 2593 2774 2711 Wohledelgebohrnen v. Meinen gnädigen Herrn Großweibel
1634 2649 2743 2808 angezeigt, und die vermelten gefundenen
1608 2733 2740 2868 Effecten übergeben werden. Bern den
1630 2799 2015 2923 1tn 9br 1769.
1889 2876 2765 3037 Sigl. Seinder Munzward ein.
1867 2976 2411 3121 Specification.
2158 3084 2282 3161 der
1639 3090 2777 3255 von der diebin dem Herrn Wardein Jenner
1642 3183 2377 3298 überlieferten Geld Sortes.
1642 3239 2049 3361 V. S. Marcus thl.
1642 3308 1920 3401 2. Bajoires
1637 3368 2089 3477 24 Louisblanc.
2562 3430 2676 3524 22
