3024 4032
151 154 323 249 1433.
655 226 1095 345 t
181 247 1498 533 ats: Ja, Es versichere, daß Er damal nicht bey denen
286 372 564 487 gewesen.
172 416 1479 697 Fr. Wann Es seiner Benirt und der Kinds gebühr
296 524 539 634 worden.
188 556 764 741 Antl. Gegen 7. Uhrs
179 654 1494 908 Fr: Ob dieses zuvor gewesen, als die Muter gekom¬
289 765 1424 975 men und ihm Weißenburger Klaßer geben
290 812 497 918 wollen.
175 881 803 1019 Antl: Ja, kurtz zuvor¬
190 954 305 1047 fr.
306 976 1427 1156 Da Er den kinds gewahr worden, ob Er ihm
289 1053 1072 1193 den gebührenden Raht gethan.
156 1109 1442 1293 Anth. Er habe alsobald nach dem Kins gegriffen,
293 1200 1487 1386 und solches zu ihm hinauf genommen, betrach¬
275 1257 1281 1435 tet und gestehen, daß es tod gewesen.
171 1338 1462 1522 Fr. Warum Er in den vorigen Examen gesagt,
277 1422 1343 1565 Es habe mit zu dem Kind geschaufft.
163 1491 1416 1650 Ants. Es müße es damal nicht recht verstanden
266 1583 496 1679 haben.
612 1614 818 1715 lon
182 1627 1383 1789 Fr: Ob Er nicht hand an das Kind geleget:
179 1712 542 1818 Antb. Mein
212 1767 1416 1885 Er. Wann Er kein schlim̅es vorhaben gehabt,
274 1857 1422 1993 noch bey der Gemit nichts böses ausgeübt
278 1932 1403 2054 häte, warum Er dann nicht alsobald der
264 2001 1419 2134 Kranken Muter angezeigt, was ihm wieder¬
267 2070 505 2172 Jahren.
174 2122 1387 2253 Antl. Weil sein Kind tod gebessen, so habe Er
291 2209 1394 2322 solches nicht offenbahren dörfen, zumalen
288 2275 1411 2405 Es geförchtet, man wurde glauben, Er habe
288 2353 1193 2476 etwas boses darmit im Ain gehabt.
187 2444 284 2536 Er
309 2420 1394 2561 Da Er sein Kind nicht behörig versorget,
282 2495 1387 2627 sto werde. Es solches in der Geist haben
288 2579 757 2675 sterben laßen.
168 2637 1441 2777 Ant. Er seye einmal tod gewesen, da Er solches wahrn
301 2756 565 2818 genomen.
218 2763 1448 2902 Fr. Was vor eine forcht ihns hinderhalten, die vor¬
273 2843 1445 2962 gegangene Beust alsobald der Kranken Miter
279 2919 672 3037 Hinoffenbahren.
170 2917 1422 3102 Antl. Er habe geglaubt. Er thue sowohl dem Kranken,
289 3018 1431 3148 gans, als seinen Meisterleuten und ihme selbst
295 3112 1382 3212 Schanden, und dann auch aus forcht gegen die
278 3163 715 3270 Herren Doctoren.
207 3154 1442 3328 Fr. Ob Er sobald Er das Kind gespühret, zu ihm geschandt
198 3288 435 3390 Antl. Ju¬
218 3302 1379 3448 fr: Ob Er damal keine Lebenszeichen von sich
292 3410 529 3501 gegeben.
199 3457 495 3564 Antl. Stein
1251 3501 1333 3597 fr.
1998 297 2037 356 e
2763 332 2861 421 136
2014 290 2325 389 Haßler
1733 366 2844 482 3b Er sich nicht einbilden könne, daß das Kind also
1621 402 1705 493 Fr.
1710 430 2850 549 unbesorgt unter der deke habe sterben und erstiken
1719 495 1936 574 nüßen.
1617 512 2803 687 Contl. Er habe, das Kind sichen tod gefunden, sonst Er
1696 598 2222 689 und hulf geruffen hätte.
1702 650 2759 772 Wann wahr wäre, daß Er ohne Empfindung also
1570 667 1691 767 Fr:
1679 717 2807 837 Kindes genesen, so hätten sich ja in dem Betdie
1672 777 2774 888 Zeichen davon außeren sollen, die sich aber
1690 838 2840 948 nicht erzeiget, indeme nur ein wenig Blut anden
1671 912 2786 1042 Remlichen gewesen. Wie dieser zugegangen
1693 969 1836 1081 Nahe
1598 1032 2598 1166 Anth. Er habe darbey gar nichts gemachet.
1611 1095 2777 1238 Fr. Wie es komme, daß hingegen das Cochli sehr
1680 1158 2534 1273 blutig gewesen und Kust ausgestehen.
1578 1224 1697 1312 Antli
1697 1224 2771 1360 Es habe nur das Heind und Betmanteli im Bet
1688 1288 1917 1368 angehabt.
1573 1319 1692 1448 Fr.
1693 1323 2799 1469 Erstern alle Vermuchtung da, das Wortbar un
1683 1418 2795 1532 verlegt gehabt, damit das bet nicht so bestendelt
1685 1483 2791 1626 werde, und zwar das Katzli welches sehr blutig
1680 1551 1899 1624 gewesen?
1583 1602 2794 1740 Anth. Sein versichere, daß Er nichts habe unterlegt,
1652 1677 2344 1791 habe nicht viel Bluverlohren.
1593 1738 2776 1867 Fr. Ob Er nicht schon vor der Denist aus der Insul
1650 1801 2314 1916 zugehen und bin gehabt.
1578 1859 2784 1991 Ant. Ja, weil Er wieder wohl gewesen, und es ihm
1653 1946 2541 2036 ziemlich an den Beweid gebeßert.
1576 1974 2644 2115 Fr. Wann es aus der Instul gehen wollen.
1569 2052 2785 2176 Antl. Es glaube den gleichen Tag, oder den Tag zuvor¬
1668 2113 2278 2233 als ihm dieses begegnet.
1557 2171 2624 2304 Ew. Wohin Er aus der Instul gehen wollen.
1545 2239 1663 2345 Auth.
1681 2243 2811 2391 Es wäre wieder in einen anderen Dienstgegangen,
1655 2313 2809 2448 indeßen aber habe Er in Singehabt zu Hh. Bau¬
1652 2389 2367 2491 Herrn Otthr Knecht zu gehen.
1566 2444 2813 2581 fr. Da Ed schon am tag vor der Geist, aus der Insul
1646 2512 2787 2644 gehen wollen. So seye allerdings, zu vermuhten
1656 2582 2768 2718 daß es aus Ursach gewesen, eine Schwanger,
1657 2644 2172 2755 schaft zu verbergen.
1552 2673 1659 2792 Ants
1676 2715 2780 2855 Sein. Sondern Er seye wieder ordenlich gewesen,
1662 2783 2742 2906 und wäre alsobald in einen Dienst gegangen.
1560 2827 2757 2982 Fr. Ob Er nicht auch begehrt, aus der Instul zu¬
1641 2936 2708 3052 gehen, nach der Sempt und scher sein Kind
1646 2986 2056 3091 entdeket worden.
1551 3021 2749 3176 Ant. Ja. Er habe aber geglaubt man solte es wohl
1652 3113 2695 3233 Achmeren, Es habe es nicht entdeken dorfen
1543 3180 2722 3317 Fr. Was die Ursach gebessen, warum Er dieses
1653 3254 2737 3382 alles nicht entdeken dörfen: Ob sein Hochmucht er
1644 3314 1909 3410 gemachet.
1554 3332 2729 3489 Antl. Weil das kind nicht gelebet, siensten Er solches
1634 3429 2125 3534 schon entdeket häte.
2502 3481 2687 3584 Fr.
