3024 4032
198 322 301 416 411.
730 307 1103 420 Littrice
401 387 1298 495 Es habe keine Schmerzen verdruket.
249 399 380 504 Antli
363 460 1450 590 Wie er möglich seyn, daß Er ein lebiges Rind¬
245 493 351 584 Fr.
355 543 1458 679 habe zur Welt gebühren können, ohne daß Ein¬
362 593 1382 730 oder jemand anders selber habe schreyen
369 670 518 745 ghört.
357 702 1456 842 Es habe die Marheit gesagt, wie er zugegangen.
203 710 354 825 Antlo
379 787 1442 917 Ob Er beharren dörfe, Er habe in allen Stuken
231 817 336 911 Er
357 864 862 979 die Warheit geredet.
218 945 346 1030 Autl.
369 926 1352 1052 ta, darauf wolle Es leben und sterben.
248 1019 333 1124 fr.
360 1009 1390 1129 Man verhält ihm nicht, daß sein fehler
345 1073 1416 1201 sschler seyn, und Er wohl thun würde, durch
337 1141 1437 1263 eine wahre Bekantnus und Entladung keines
334 1214 1421 1311 Gewißens, auch Bezeugung einer wahren
325 1285 1425 1402 Ren über sein großes verbrechen, sich mit
350 1336 889 1459 Bott zu versöhnen.
211 1383 329 1500 Anto
366 1408 1299 1557 Es habe einmal die Warheit gesagt.
225 1493 318 1588 fr.
351 1489 1412 1605 Ob es niemalen das Dirnen Mandat habe
330 1557 1452 1689 von Kanzel verlesen gehört, daß diejenige,
303 1630 1454 1760 so über ihre Schwängerschaft gefraget werden,
321 1702 1449 1804 und selbige ablaugnen, denoch aber heimlich
310 1764 1454 1867 Rinds genesen, und einer stalten Leiberbrucht
315 1829 1403 1929 niederkommen, als Kindsmorderinnen mit
321 1897 1203 2012 dem Tod sollen gestraff werden.
546 1955 613 2024 des
182 1972 322 2090 Antlo
360 1968 1411 2097 Es habe freylich geleust und verlesen
304 2048 1357 2171 gehört, und habe allezeit ein Abstehenen
326 2118 697 2211 darab gehabt.
333 2162 1391 2323 Wann Er solches gebürt, warum Er dann
189 2174 300 2304 Fr:
315 2260 1425 2388 keine Schwängerschafft auf Befragen abge¬
304 2340 1417 2467 laugnet, ja gar noch die Geburth heimlich
285 2437 574 2531 gehalten:
160 2479 296 2601 Antl.
325 2500 1459 2641 Es habe die Schwängerschafft niemal gelaugnet,
310 2583 1406 2715 sonder nur gesagt, Es wiße er nicht, habe
304 2654 1444 2783 auch seine Reis nicht geheim halten wollen,
297 2697 1440 2864 Nonder selbe seyn so zugegangen, wie E
288 2813 549 2928 gestaget.
412 2859 1320 2990 Citat um eine gnädige Urtheil.
371 2961 1190 3102 H. abgelesen und bestätiget.
193 3046 1325 3192 Pactum in Ihr Gnaden Trithal,
310 3145 1355 3260 durch Meine gnädigen Herren Großweibel Streizer und
1310 3200 1375 3268 den
300 3211 1301 3336 Gricht Schreiben Willadung den 7.
298 3275 940 3410 Untermonat. 70.
1567 3183 1650 3281 fa
1543 3352 1664 3461 Autl.
2699 351 2846 438 413
1984 324 2363 458 Dahlen
1542 440 2837 612 Redel. Dn Meinen HochgeEhrten Herrn Rahtsherrn
1713 519 2779 629 Stites, mit zuthun Herrn Großheibel
1658 546 1711 619 3
1661 575 2442 705 und Herrn Grichtschreibers
1629 646 2818 811 DAnna Bühler von Ratenwyl, welche letzt
1668 731 2782 843 abgewichenen Sommer eines Kinds in der Instul
1657 790 2831 898 genesen, und welches in ihrem Gewand eingepakt
1665 848 2812 957 Tod gefunden worden, befindet sich dermalen in
1665 906 2744 1024 der oberen Gefangenschafft, und sind albereits
1658 975 2728 1079 die in mitgehender Procedur vernanstete
1638 1036 2791 1143 Kundschaften abgehört, und auch selbige albereit
1661 1089 2756 1202 examinirt worden, wie ihr Mein hochgeEhrter
1639 1150 2766 1279 Herr Rahtsherr und Herr Großweibel und
1633 1214 2743 1351 Herr Grichtsschreiber des mehreren zu
1662 1291 2799 1385 erstehen belieben werdet. Wenn nun die
1629 1355 2804 1484 Kehr Eüch meine gnädigen Herren Rahtsherrn betrift diesen
1666 1418 2778 1549 Fähler als Ober examinator des ferneren zu
1658 1485 2825 1583 examinieren und daherige Procedir zu completiren.
1651 1552 2806 1688 Als werdet Ihr Meinen gnädige Herren ein mit freundlich ersucht.
1642 1630 2780 1727 solches mit Zuziehung herrn Großweibel und
1636 1683 2815 1827 Herrn Grichtschreibers zu erstatten, und seiner
1636 1777 2647 1891 Zeit alles Mugk zu hinderbringen.
1628 1841 2442 1960 Actum den 15ten Novembr. 1770.
1938 1955 2075 2049 19e
2064 1940 2747 2092 anzley Geri
1619 2149 2788 2271 Auf Montag den 19ten Wintermonats des
1647 2246 2746 2374 Nachmitags hat der Wohlgebohrnen MGGHH.
1647 2329 2790 2448 Nacht ohner Peitach als wohl verordneter Herr
1653 2392 2802 2523 Ober Examinator, mit Zuziehung der Wohledel¬
1653 2471 2787 2589 gebohrnen Herren, Herrn Großweibel Steigers
1645 2539 2783 2657 und Herrn Gricht schreiber Willadings sich in die
1659 2609 2783 2730 obere Gefangenschaft begeben, vorläufig folgende
1642 2669 2779 2774 Persohnen verhört, und nachwerts mit der nunmehr
1651 2730 2735 2842 dasselbst enthaltenen des Kinde Mords verdächtigen
1646 2795 2747 2917 Aung Bähler von Watenwyl ein drites Examen
1659 2864 2506 2983 verführt. Wie alles hienach folget.
1620 2940 2809 3077 Heinrich eher von Adliken, und der
1653 3053 2786 3166 Zürich gebiet, in diensten bey Meinen gnädige Herren der Schultheiß
1647 3114 2330 3226 Stürler in thun, seit 5. Jahren:
1662 3181 2782 3294 Es ersuchene aus der Procede, so mit dem Anneli Bäh¬
1663 3249 2800 3372 ler verführt worden, daß Er bey ihm in der Instul
1665 3301 1870 3392 gewesen
1671 3361 2745 3497 Er seye zweymal von seiner Herr haß dahin
1641 3433 2776 3565 geschikt worden, zu schonen, was Er lebe. Ein
