3024 4032
65 261 105 327 2
98 2957 279 3087 Auth.
119 250 226 319 261.
220 380 297 483 fr.
133 533 288 640 Antl.
184 1122 287 1221 fe¬
176 1783 275 1940 Fr.
671 265 1059 433 aber
1239 325 1310 404 66
1320 356 1381 446 d
335 358 1364 561 Ob Er nicht auch mit dem Mädi in Herr
311 460 1050 609 Jenners Exbinet gewesen.
330 535 1330 698 Nein, das Medi seye allein dahin
312 645 590 740 gegangen.
484 687 1393 837 das Mädi hielte ihm die Anbahrheit
453 770 1300 901 vor. Und sagte zum Beweis
472 835 1353 985 deßen, daß Er ja eine silberne
449 892 1365 1047 Schüßel daraus habe entwenden
468 989 1299 1136 so Er aber nicht habe geschehen
482 1052 898 1164 laßen wollen.
322 1136 1351 1296 Ob Er dem Mädi nicht gesagt. Er habe
297 1210 1374 1351 zu Müliberg in ein Glas schauen laßen,
302 1300 1336 1434 daraus man gesehen, daß Herr Jenner
316 1351 1325 1487 das Bureauschloß nichts destobeman
313 1427 1320 1568 öfnen könne, wann schon der Bart darin
305 1520 626 1609 verblieben.
290 1552 1353 1702 Nach einichem laugnen bekente Er solches
304 1658 1316 1813 Sagte aber Er seye nicht zu Muleberg
303 1735 565 1837 gewesen.
316 1780 1346 1936 Es werde nun zum letzten mal ermant
308 1887 1308 1999 enden Tag zu geben, wie viel Geld
281 1958 1361 2092 Es von denen 2 diebstälen empfangen.
299 2018 1343 2163 So Er im geringsten Händere, so werde
287 2107 1342 2243 Es für dieses allein gemärtert werden.
313 2188 1246 2325 Da Er auf seinem alten vorgeben
292 2277 1303 2401 beharret, ohngeacht das Mädi ihm
277 2348 1297 2477 auch zugesprochen, doch die Warheit
283 2419 1362 2543 zu reden. Wurde es frischer dingen
292 2496 1369 2631 auf den holterbank gesezt, gebunden,
298 2570 1378 2703 und den 23. pfündigen Stein angehän¬
291 2643 1370 2782 get. Da Er dan̄ in dieser Schreschafften
289 2719 1356 2851 Stellung auf nochmaliges Befragen
287 2795 1399 2922 wie viel Gets Er in allem empfangen,
293 2888 549 2988 bekennet
294 2941 1262 3090 Er glaube wohl ohngefehr so viel
297 3003 1299 3187 Beld empfangen zu haben, als das
284 3110 1290 3234 Rädi, wiße aber nicht wie viel er
284 3186 1241 3327 zusamen ausgemachet. Seinen
284 3241 1293 3416 Antheil vom ersten Diebstal seye
285 3348 1265 3480 gantz auf ihme gefunden worden.
288 3403 1264 3563 dasjenige vom 2ten Diebstal aber,
1126 3452 1279 3557 habe
1508 1625 1618 1762 bese¬
1496 1738 1622 1862 Antl
1529 2417 1603 2511 fr.
1497 2578 1628 2686 Ants
1491 2691 1615 2810 Fr.
1545 785 1620 880 fr.
2685 299 2794 394 262.
2018 309 2393 453 E aber
1645 401 2763 557 habe Er in einem Restenkungen, so das Mädi¬
1648 509 2713 615 ihm gegeben, eingebikelt, und auf der Straß,
1663 563 2705 648 enßeicher Verermans Haus, da Er in den Forst
1652 630 2728 714 gehen wollen, verlohren, und alles Nach¬
1642 680 2752 806 forschens ungeacht nicht wieder finden können.
1666 758 2752 875 Wan̄ Er nicht auch alsobald an den Tag gebe,
1657 838 2731 957 beyben Er den Schlüßel machen laßen, so
1652 906 2712 1014 werde die Marter angebendet werden.
1690 980 2767 1110 Wie Er hierin handerte und mit der Spract
1656 1061 2745 1178 nichts heraus wolte, wurde er samt dem
1650 1136 2743 1257 angehängten Stein aufgezogen, und eine
1635 1189 2757 1326 kleine Weil unter Heülen und Weheklagen
1643 1268 2767 1404 zangen gelaßen. Da es dan gebäten, daß
1648 1361 2728 1486 man ihns wieder hinab nemme. Es wolle
1652 1440 2078 1530 alles bekennen.
1642 1474 2778 1637 wurde diesem nach wieder heruntergelaßen
1646 1583 1742 1656 und
1663 1613 2460 1771 verden Schlüßel gemacht.
1647 1732 2775 1895 des Herr Chatenay Magd zu Neuenburg
1635 1833 2795 1967 habe ihm den Schlüßel ohne Bart gegeben,
1635 1906 2794 2026 welchen Es einem fremden Schmied gestell
1626 1976 2762 2107 zu Boudis hierbärts dem Dorf gebracht.
1644 2051 2798 2182 um ein Stärtli daran zu machen, vorgebend.
1627 2136 2741 2237 Er solle zu einem Schäftli dienen. Der
1627 2189 2767 2325 Schmied gestell habe just da im rostiges
1630 2257 2775 2415 Bartli gehabt, welches Er abgerieben und
1633 2327 2379 2465 an den Schlüßel gelötet.
1641 2405 2760 2589 Ob Er dem Maille hernach nicht noch
1649 2508 2581 2668 mehrere Medailles abgefordert.
1662 2607 2606 2740 Ja, habe aber keine bekommen.
1660 2699 2769 2851 Ob Er dem Meckle nicht Mitel gegeben,
1635 2771 2718 2922 sein Kind abzutreiben, und gesagt.
1613 2855 2508 3002 Es seye noch die rechte Zeit.
1614 2945 2755 3094 Anfangs wolte Es solches nicht eingeste¬
1622 3007 2760 3161 hen, sondersagte. Es habe ihm algemei¬
1629 3102 2770 3247 ne Mitel gegeben die Muter zu erbär¬
1626 3190 2704 3330 men, habe mir nicht gebürt, daß er
1604 3278 2731 3392 schwanger seye. Da aber das Mahle
1627 3334 2705 3495 davon nicht abstehen wolte, und gesagt,
2548 3442 2683 3563 die
