<?xml version="1.0" encoding="UTF-8" standalone="yes"?>
<PcGts xmlns="http://schema.primaresearch.org/PAGE/gts/pagecontent/2013-07-15" xmlns:xsi="http://www.w3.org/2001/XMLSchema-instance" xsi:schemaLocation="http://schema.primaresearch.org/PAGE/gts/pagecontent/2013-07-15 http://schema.primaresearch.org/PAGE/gts/pagecontent/2013-07-15/pagecontent.xsd">
    <Metadata>
        <Creator>prov=University of Rostock/Institute of Mathematics/CITlab|PLANET AI GmbH/Gundram Leifert/gundram.leifert@planet-ai.de:name=German_Kurrent_XVI-XVIII_M5.4(htr_id=38771)::::v=2.6.7
prov=University of Rostock/Institute of Mathematics/CITlab|PLANET AI GmbH/Tobias Gruening/tobias.gruening@planet-ai.de:name=de.uros.citlab.module.baseline2polygon.B2PSeamMultiOriented:v=2.6.7
prov=University of Rostock/Institute of Mathematics/CITlab|PLANET AI GmbH/Tobias Gruening/tobias.gruening@planet-ai.de:name=/net_tf/LA73_249_0mod360.pb:de.uros.citlab.segmentation.CITlab_LA_ML:v=2.6.7
Transkribus</Creator>
        <Created>2022-06-16T10:54:18.399+02:00</Created>
        <LastChange>2022-09-12T15:45:20.973+02:00</LastChange>
        <TranskribusMetadata docId="1334854" pageId="52363445" pageNr="90" tsid="114645442" status="IN_PROGRESS" userId="9570" imgUrl="https://files.transkribus.eu/Get?id=POWYEVTUEYWGUIZDLKCNYJWJ&amp;fileType=view" xmlUrl="https://files.transkribus.eu/Get?id=YKAGAOJPSBBWLDXSTVXTOANN" imageId="35487485"/>
    </Metadata>
    <Page imageFilename="IMG_8109.jpg" imageWidth="3024" imageHeight="4032">
        <ReadingOrder>
            <OrderedGroup id="ro_1687513594486" caption="Regions reading order">
                <RegionRefIndexed index="0" regionRef="r1"/>
                <RegionRefIndexed index="1" regionRef="r2"/>
                <RegionRefIndexed index="2" regionRef="r3"/>
                <RegionRefIndexed index="3" regionRef="r4"/>
            </OrderedGroup>
        </ReadingOrder>
        <TextRegion orientation="0.0" id="r1" custom="readingOrder {index:0;}">
            <Coords points="147,202 147,3551 1386,3551 1386,202"/>
            <TextLine id="r1l1" custom="readingOrder {index:0;}">
                <Coords points="142,293 152,293 186,260 191,263 201,257 209,264 216,262 226,267 244,263 241,204 231,203 214,187 208,186 192,203 182,200 173,207 164,204 139,217"/>
                <Baseline points="147,240 176,239 205,237 234,237"/>
                <TextEquiv>
                    <Unicode>12.</Unicode>
                </TextEquiv>
            </TextLine>
            <TextLine id="r1l2" custom="readingOrder {index:1;}">
                <Coords points="513,344 615,333 695,375 784,344 877,378 925,348 1131,394 1135,255 1083,247 990,286 908,236 855,258 747,219 614,274 516,231"/>
                <Baseline points="521,321 551,325 581,329 611,332 641,333 671,336 701,337 732,338 762,338 792,338 822,338 852,338 882,338 912,338 943,338 973,339 1003,339 1033,341 1063,342 1093,344 1124,347"/>
                <TextEquiv>
                    <Unicode>Dabriel</Unicode>
                </TextEquiv>
            </TextLine>
            <TextLine id="r1l3" custom="readingOrder {index:2;}">
                <Coords points="165,443 218,455 238,469 246,462 270,463 322,478 327,337 287,336 261,356 236,361 168,336"/>
                <Baseline points="173,438 201,437 229,438 258,440 286,441 315,440"/>
                <TextEquiv>
                    <Unicode>Ants.</Unicode>
                </TextEquiv>
            </TextLine>
            <TextLine id="r1l4" custom="readingOrder {index:3;}">
                <Coords points="349,471 385,498 604,448 691,494 847,463 957,497 1166,479 1374,531 1377,468 1303,419 1172,447 1059,394 1026,420 935,361 825,413 356,342"/>
                <Baseline points="359,441 409,443 459,445 510,446 560,448 611,450 661,452 712,453 762,455 813,457 863,459 913,462 964,464 1014,468 1065,471 1115,475 1166,480 1216,484 1267,490 1317,496 1368,503"/>
                <TextEquiv>
                    <Unicode>Seye ihm herzlich leid, Er wolle alles</Unicode>
                </TextEquiv>
            </TextLine>
            <TextLine id="r1l5" custom="readingOrder {index:4;}">
                <Coords points="345,520 416,556 521,532 566,564 629,535 806,534 916,575 1017,533 1087,589 1128,580 1131,505 1050,480 940,501 847,463 778,494 736,468 586,495 473,447 420,470 347,456"/>
                <Baseline points="353,513 391,513 429,513 468,515 506,515 545,516 583,516 622,518 660,519 699,519 737,521 775,522 814,524 852,524 891,526 929,528 968,530 1006,531 1045,533 1083,535 1122,537"/>
                <TextEquiv>
                    <Unicode>aufrichtig an den Tag geben.</Unicode>
                </TextEquiv>
            </TextLine>
            <TextLine id="r1l6" custom="readingOrder {index:5;}">
                <Coords points="246,641 520,678 687,653 732,686 1214,664 1275,699 1324,687 1326,636 909,567 859,600 714,541 550,587 450,541 249,554"/>
                <Baseline points="255,639 308,641 361,644 414,645 467,646 520,647 573,648 626,650 679,650 732,651 786,653 839,654 892,656 945,657 998,659 1051,661 1104,663 1157,668 1210,671 1263,675 1317,680"/>
                <TextEquiv>
                    <Unicode>Die elende Umständ, in welchen sein</Unicode>
                </TextEquiv>
            </TextLine>
            <TextLine id="r1l7" custom="readingOrder {index:6;}">
                <Coords points="325,721 485,709 616,759 691,718 892,726 930,763 1039,728 1134,779 1282,747 1381,779 1383,730 1214,664 1035,707 927,662 738,687 690,653 562,681 327,654"/>
                <Baseline points="333,707 385,710 437,713 489,715 541,716 593,717 645,719 697,719 749,719 801,720 853,720 905,722 957,723 1009,725 1061,727 1113,730 1165,734 1217,740 1269,745 1321,752 1374,761"/>
                <TextEquiv>
                    <Unicode>Vater gewesen, haben ihne darzu bewogen,</Unicode>
                </TextEquiv>
            </TextLine>
            <TextLine id="r1l8" custom="readingOrder {index:7;}">
                <Coords points="324,792 503,825 767,792 941,840 1016,806 1301,834 1358,828 1360,774 1302,748 1134,779 988,728 932,764 888,727 692,718 618,757 487,710 420,749 326,727"/>
                <Baseline points="333,780 383,783 434,785 485,786 536,787 587,788 638,789 688,789 739,790 790,791 841,792 892,792 943,794 994,795 1044,797 1095,798 1146,801 1197,803 1248,807 1299,810 1350,815"/>
                <TextEquiv>
                    <Unicode>damit Er denselben unter dem Boden</Unicode>
                </TextEquiv>
            </TextLine>
            <TextLine id="r1l9" custom="readingOrder {index:8;}">
                <Coords points="336,870 426,895 541,865 630,898 695,866 950,868 1039,893 1040,837 1019,828 971,849 918,822 819,829 761,795 540,841 477,799 406,814 338,795"/>
                <Baseline points="345,857 379,858 413,858 448,858 482,860 516,860 551,860 585,861 619,861 654,861 688,862 722,863 757,863 791,864 825,864 860,864 894,866 928,866 963,867 997,867 1032,869"/>
                <TextEquiv>
                    <Unicode>in Ehren erhalten möge.</Unicode>
                </TextEquiv>
            </TextLine>
            <TextLine id="r1l10" custom="readingOrder {index:9;}">
                <Coords points="306,1012 773,970 858,1019 1033,981 1251,1029 1369,1007 1371,945 1275,886 1191,911 1157,885 874,953 731,872 661,911 566,873 469,926 311,855"/>
                <Baseline points="315,959 367,959 419,960 472,962 524,963 576,965 629,966 681,968 733,969 786,972 838,974 890,975 943,978 995,979 1047,981 1100,983 1152,985 1204,987 1257,989 1309,991 1362,993"/>
                <TextEquiv>
                    <Unicode>zum ersten haben er ferndriges Jahr</Unicode>
                </TextEquiv>
            </TextLine>
            <TextLine id="r1l11" custom="readingOrder {index:10;} person {offset:16; length:16;}">
                <Coords points="329,1061 435,1084 567,1037 635,1075 695,1043 966,1104 1031,1052 1328,1076 1351,1041 1158,1042 1036,982 858,1020 737,973 648,1022 476,976 390,1009 332,976"/>
                <Baseline points="339,1031 389,1032 439,1034 489,1035 539,1037 589,1038 639,1040 689,1042 739,1043 789,1044 840,1046 890,1047 940,1049 990,1052 1040,1053 1090,1056 1140,1058 1190,1060 1240,1064 1290,1066 1341,1070"/>
                <TextEquiv>
                    <Unicode>im Heumonat von Ehrbeth Stromman̄</Unicode>
                </TextEquiv>
            </TextLine>
            <TextLine id="r1l12" custom="readingOrder {index:11;}">
                <Coords points="334,1117 454,1144 581,1112 649,1142 1037,1120 1108,1166 1154,1139 1258,1177 1345,1109 1292,1068 1067,1048 905,1100 784,1093 695,1045 634,1076 534,1041 434,1085 335,1061"/>
                <Baseline points="342,1103 391,1104 441,1107 491,1107 541,1110 590,1111 640,1112 690,1113 740,1115 789,1115 839,1116 889,1118 939,1118 988,1119 1038,1119 1088,1121 1138,1122 1187,1124 1237,1125 1287,1127 1337,1128"/>
                <TextEquiv>
                    <Unicode>einer Dienstmagd, auf die falsche</Unicode>
                </TextEquiv>
            </TextLine>
            <TextLine id="r1l13" custom="readingOrder {index:12;} person {offset:12; length:13;}">
                <Coords points="333,1210 433,1178 530,1211 603,1182 861,1196 950,1241 998,1205 1221,1203 1222,1159 834,1116 648,1142 584,1111 407,1161 335,1117"/>
                <Baseline points="342,1175 385,1176 429,1178 472,1178 516,1179 559,1181 603,1181 646,1182 690,1182 733,1184 777,1184 820,1185 864,1185 907,1187 951,1188 994,1190 1038,1191 1081,1192 1125,1194 1168,1196 1212,1199"/>
                <TextEquiv>
                    <Unicode>Burgschafft Riklaus Wyßen von</Unicode>
                </TextEquiv>
            </TextLine>
            <TextLine id="r1l14" custom="readingOrder {index:13;} place {offset:0; length:10;}">
                <Coords points="325,1255 390,1289 688,1260 769,1311 968,1263 1123,1314 1193,1275 1289,1298 1290,1256 1253,1243 762,1242 606,1180 556,1218 485,1182 326,1213"/>
                <Baseline points="333,1250 380,1251 427,1253 475,1254 522,1256 570,1257 617,1257 664,1259 712,1259 759,1260 807,1261 854,1262 901,1263 949,1263 996,1265 1044,1266 1091,1267 1138,1269 1186,1270 1233,1272 1281,1274"/>
                <TextEquiv>
                    <Unicode>Alchistorf, und gegen seine eigene</Unicode>
                </TextEquiv>
            </TextLine>
            <TextLine id="r1l15" custom="readingOrder {index:14;}">
                <Coords points="320,1368 699,1329 736,1367 819,1334 1303,1389 1305,1310 1271,1298 1122,1318 968,1263 769,1311 705,1263 566,1294 481,1260 407,1306 323,1264"/>
                <Baseline points="330,1326 378,1326 426,1326 474,1328 523,1328 571,1328 619,1329 668,1329 716,1331 764,1332 813,1334 861,1334 909,1337 957,1338 1006,1340 1054,1342 1102,1344 1151,1346 1199,1349 1247,1352 1296,1353"/>
                <TextEquiv>
                    <Unicode>Handschrifft d. 90. aufgenommen.</Unicode>
                </TextEquiv>
            </TextLine>
            <TextLine id="r1l16" custom="readingOrder {index:15;}">
                <Coords points="359,1455 493,1404 630,1464 722,1416 903,1422 953,1468 1021,1429 1341,1446 1342,1422 1286,1381 1071,1351 990,1373 800,1337 735,1369 699,1330 642,1363 530,1336 450,1378 363,1326"/>
                <Baseline points="369,1406 417,1406 465,1407 513,1409 562,1409 610,1410 658,1412 706,1413 755,1416 803,1417 851,1419 899,1421 948,1422 996,1424 1044,1427 1092,1428 1141,1430 1189,1431 1237,1433 1285,1433 1334,1434"/>
                <TextEquiv>
                    <Unicode>Im Merzen die Jahrs dann habe</Unicode>
                </TextEquiv>
            </TextLine>
            <TextLine id="r1l17" custom="readingOrder {index:16;} person {offset:18; length:15;}">
                <Coords points="318,1522 502,1480 627,1519 866,1491 1141,1506 1196,1538 1321,1508 1322,1459 1025,1430 939,1476 887,1422 809,1414 630,1465 551,1414 491,1452 428,1423 319,1452"/>
                <Baseline points="327,1484 376,1484 425,1485 474,1485 524,1487 573,1487 622,1488 672,1488 721,1490 770,1491 820,1491 869,1493 918,1494 967,1494 1017,1496 1066,1497 1115,1498 1165,1500 1214,1500 1263,1502 1313,1503"/>
                <TextEquiv>
                    <Unicode>Er von Herr Stadt Almorner Kupfer</Unicode>
                </TextEquiv>
            </TextLine>
            <TextLine id="r1l18" custom="readingOrder {index:17;} person {offset:14; length:20;}">
                <Coords points="334,1563 421,1553 514,1616 736,1560 884,1597 1220,1580 1265,1617 1345,1599 1347,1519 1195,1539 1128,1505 779,1494 697,1539 591,1495 509,1539 427,1488 335,1525"/>
                <Baseline points="342,1557 391,1559 441,1559 491,1560 541,1560 590,1562 640,1562 690,1563 740,1563 789,1565 839,1565 889,1566 939,1566 988,1568 1038,1569 1088,1571 1138,1572 1187,1575 1237,1577 1287,1579 1337,1583"/>
                <TextEquiv>
                    <Unicode>als vogt Herr Franz Ludwig Küpfers</Unicode>
                </TextEquiv>
            </TextLine>
            <TextLine id="r1l19" custom="readingOrder {index:18;}">
                <Coords points="320,1667 441,1686 486,1644 936,1642 1053,1680 1107,1648 1267,1651 1268,1612 1105,1573 1059,1602 992,1581 812,1614 728,1560 511,1618 430,1559 322,1566"/>
                <Baseline points="330,1632 376,1634 423,1634 469,1635 516,1635 562,1637 609,1638 655,1638 702,1640 748,1641 795,1643 841,1643 888,1644 934,1644 981,1646 1027,1646 1074,1647 1120,1647 1167,1647 1213,1647 1260,1646"/>
                <TextEquiv>
                    <Unicode>auf seine Obligation und dazu</Unicode>
                </TextEquiv>
            </TextLine>
            <TextLine id="r1l20" custom="readingOrder {index:19;}">
                <Coords points="1328,1679 1337,1679 1342,1674 1344,1676 1351,1669 1359,1669 1359,1610 1351,1610 1347,1614 1342,1615 1328,1614"/>
                <Baseline points="1335,1659 1350,1659"/>
                <TextEquiv>
                    <Unicode>d</Unicode>
                </TextEquiv>
            </TextLine>
            <TextLine id="r1l21" custom="readingOrder {index:20;}">
                <Coords points="327,1754 389,1760 452,1710 833,1716 901,1765 977,1724 1175,1773 1235,1728 1357,1738 1359,1668 1161,1655 1046,1702 934,1643 868,1673 685,1645 619,1691 487,1645 439,1687 328,1677"/>
                <Baseline points="336,1706 386,1707 437,1707 488,1709 538,1710 589,1712 640,1712 690,1713 741,1715 792,1716 843,1718 893,1718 944,1719 995,1719 1045,1721 1096,1721 1147,1721 1197,1721 1248,1721 1299,1721 1350,1721"/>
                <TextEquiv>
                    <Unicode>gegebenen falschen Burgschafft zedul</Unicode>
                </TextEquiv>
            </TextLine>
            <TextLine id="r1l22" custom="readingOrder {index:21;}">
                <Coords points="322,1802 1200,1793 1286,1827 1362,1793 1362,1738 1069,1772 975,1726 884,1775 785,1740 633,1772 569,1718 450,1711 386,1763 322,1751"/>
                <Baseline points="330,1784 381,1785 432,1787 483,1787 534,1788 585,1788 636,1790 688,1790 739,1790 790,1791 841,1791 892,1791 943,1791 994,1791 1046,1791 1097,1791 1148,1791 1199,1791 1250,1790 1301,1790 1353,1788"/>
                <TextEquiv>
                    <Unicode>unter dem Nahmen herrn Landvogt</Unicode>
                </TextEquiv>
            </TextLine>
            <TextLine id="r1l23" custom="readingOrder {index:22;} person {offset:0; length:13;} place {offset:18; length:8;}">
                <Coords points="322,1858 686,1858 871,1905 972,1862 1129,1898 1334,1865 1334,1822 1273,1843 1200,1794 994,1834 932,1796 723,1793 655,1832 592,1794 322,1803"/>
                <Baseline points="330,1853 379,1854 429,1856 479,1856 529,1857 579,1857 628,1857 678,1859 728,1859 778,1859 828,1859 877,1859 927,1860 977,1860 1027,1860 1077,1860 1126,1860 1176,1862 1226,1862 1276,1863 1326,1863"/>
                <TextEquiv>
                    <Unicode>von Wattenwyl von Thorberg seines</Unicode>
                </TextEquiv>
            </TextLine>
            <TextLine id="r1l24" custom="readingOrder {index:23;}">
                <Coords points="330,1930 392,1933 435,1972 554,1926 743,1950 819,1931 892,1972 1004,1938 1157,1950 1158,1898 1076,1919 976,1864 841,1910 685,1860 622,1880 332,1860"/>
                <Baseline points="338,1917 378,1919 419,1919 459,1920 500,1921 540,1922 581,1923 621,1923 662,1925 702,1926 743,1926 784,1928 824,1929 865,1930 905,1931 946,1932 986,1933 1027,1934 1067,1935 1108,1937 1149,1937"/>
                <TextEquiv>
                    <Unicode>Taufgotis §. 350. empfangen.</Unicode>
                </TextEquiv>
            </TextLine>
            <TextLine id="r1l25" custom="readingOrder {index:24;}">
                <Coords points="1258,2001 1284,2009 1291,2005 1294,2007 1317,1988 1321,1992 1329,1992 1334,1908 1315,1908 1310,1903 1288,1910 1282,1916 1264,1915"/>
                <Baseline points="1269,1955 1296,1957 1323,1958"/>
                <TextEquiv>
                    <Unicode>9</Unicode>
                </TextEquiv>
            </TextLine>
            <TextLine id="r1l26" custom="readingOrder {index:25;}">
                <Coords points="368,2047 498,2016 598,2067 688,2017 820,2019 1048,2063 1149,2029 1217,2078 1288,2029 1354,2040 1356,1977 1280,2011 1225,1977 1124,1987 1069,1945 892,1972 842,1936 785,1984 674,1992 543,1938 453,1978 371,1944"/>
                <Baseline points="377,2003 425,2004 474,2006 522,2007 571,2010 619,2012 668,2014 716,2016 765,2018 813,2020 862,2022 910,2024 959,2025 1007,2026 1056,2027 1104,2028 1153,2028 1201,2028 1250,2028 1298,2027 1347,2027"/>
                <TextEquiv>
                    <Unicode>Im Maymonat darauf habe Er auch</Unicode>
                </TextEquiv>
            </TextLine>
            <TextLine id="r1l27" custom="readingOrder {index:26;} place {offset:26; length:10;}">
                <Coords points="326,2117 419,2137 470,2090 624,2087 687,2142 826,2138 885,2100 1119,2130 1208,2101 1295,2138 1358,2116 1359,2041 1286,2030 1213,2078 1152,2029 1053,2075 707,2019 598,2070 432,2014 388,2050 327,2030"/>
                <Baseline points="335,2078 385,2079 436,2081 487,2083 538,2085 588,2086 639,2088 690,2090 741,2091 791,2093 842,2094 893,2096 944,2096 994,2097 1045,2097 1096,2097 1147,2097 1197,2097 1248,2096 1299,2094 1350,2093"/>
                <TextEquiv>
                    <Unicode>bey Herrn Waysenschreiber Wyttenbach</Unicode>
                </TextEquiv>
            </TextLine>
            <TextLine id="r1l28" custom="readingOrder {index:27;}">
                <Coords points="328,2158 786,2164 883,2215 1040,2206 1077,2171 1143,2218 1211,2174 1366,2181 1367,2142 1199,2106 1087,2147 967,2102 824,2138 760,2096 687,2139 626,2089 537,2115 470,2091 422,2136 329,2121"/>
                <Baseline points="336,2145 387,2147 438,2149 489,2151 540,2153 591,2154 642,2156 694,2159 745,2160 796,2162 847,2163 898,2165 949,2165 1000,2166 1052,2166 1103,2166 1154,2166 1205,2165 1256,2165 1307,2163 1359,2160"/>
                <TextEquiv>
                    <Unicode>aus verwalter und zu Handen Herrn</Unicode>
                </TextEquiv>
            </TextLine>
            <TextLine id="r1l29" custom="readingOrder {index:28;} person {offset:0; length:24;} place {offset:29; length:8;}">
                <Coords points="318,2247 505,2217 801,2259 972,2236 1072,2291 1185,2293 1385,2209 1291,2168 1137,2219 1081,2173 938,2216 848,2212 787,2164 737,2194 527,2153 454,2194 319,2160"/>
                <Baseline points="326,2216 378,2216 431,2217 483,2219 536,2221 588,2223 641,2226 693,2228 746,2231 798,2232 851,2235 903,2236 956,2238 1008,2238 1061,2240 1113,2240 1166,2238 1218,2237 1271,2234 1323,2231 1376,2226"/>
                <TextEquiv>
                    <Unicode>Bernhard Fursteinbergers von Zofingen</Unicode>
                </TextEquiv>
            </TextLine>
            <TextLine id="r1l30" custom="readingOrder {index:29;}">
                <Coords points="327,2290 538,2341 588,2300 672,2341 778,2307 1120,2310 1170,2338 1324,2312 1325,2280 1264,2249 1210,2287 1074,2291 974,2238 805,2263 507,2216 328,2251"/>
                <Baseline points="335,2285 384,2285 433,2286 482,2288 531,2289 580,2292 629,2294 678,2297 727,2298 776,2301 826,2303 875,2305 924,2307 973,2307 1022,2309 1071,2309 1120,2309 1169,2307 1218,2306 1267,2303 1317,2300"/>
                <TextEquiv>
                    <Unicode>auf seine Verschreibung hin, und die</Unicode>
                </TextEquiv>
            </TextLine>
            <TextLine id="r1l31" custom="readingOrder {index:30;}">
                <Coords points="333,2361 999,2400 1369,2389 1371,2349 1254,2310 1048,2344 719,2312 672,2341 588,2300 538,2341 335,2294"/>
                <Baseline points="341,2351 392,2352 443,2356 494,2358 545,2362 596,2364 647,2368 698,2370 749,2373 800,2375 851,2378 902,2379 953,2381 1004,2381 1055,2382 1106,2382 1157,2381 1208,2380 1259,2378 1310,2375 1362,2372"/>
                <TextEquiv>
                    <Unicode>von ihme nest der Obligation beyge¬</Unicode>
                </TextEquiv>
            </TextLine>
            <TextLine id="r1l32" custom="readingOrder {index:31;}">
                <Coords points="326,2466 476,2432 604,2487 657,2444 793,2503 891,2455 1088,2498 1154,2454 1328,2434 1329,2403 982,2386 922,2431 855,2383 328,2376"/>
                <Baseline points="335,2423 384,2426 433,2427 482,2430 532,2433 581,2437 630,2439 679,2442 729,2445 778,2448 827,2451 876,2453 926,2454 975,2454 1024,2454 1073,2454 1123,2452 1172,2450 1221,2445 1270,2440 1320,2433"/>
                <TextEquiv>
                    <Unicode>setzten falschen Bürgschafft zu deli</Unicode>
                </TextEquiv>
            </TextLine>
            <TextLine id="r1l33" custom="readingOrder {index:32;}">
                <Coords points="327,2501 542,2512 586,2549 900,2521 986,2571 1031,2533 1076,2568 1136,2526 1191,2560 1285,2515 1286,2471 1227,2489 1172,2448 1087,2500 1030,2462 938,2465 871,2511 719,2503 659,2441 607,2487 476,2431 416,2468 328,2460"/>
                <Baseline points="335,2498 382,2501 429,2504 476,2508 523,2510 570,2514 617,2516 664,2519 711,2522 758,2523 806,2525 853,2526 900,2528 947,2528 994,2528 1041,2528 1088,2528 1135,2526 1182,2523 1229,2522 1277,2517"/>
                <TextEquiv>
                    <Unicode>Unterschrifften und Pitschafften</Unicode>
                </TextEquiv>
            </TextLine>
            <TextLine id="r1l34" custom="readingOrder {index:33;} person {offset:25; length:3; continued:true;}">
                <Coords points="332,2579 574,2612 868,2597 972,2629 1065,2606 1095,2636 1178,2589 1318,2598 1320,2510 1291,2506 1193,2556 1073,2570 1030,2532 903,2585 816,2530 585,2549 542,2512 334,2516"/>
                <Baseline points="341,2570 389,2573 438,2577 486,2580 535,2584 583,2586 632,2590 680,2593 729,2595 777,2598 826,2600 874,2601 923,2601 971,2603 1020,2601 1068,2601 1117,2598 1165,2596 1214,2592 1262,2588 1311,2582"/>
                <TextEquiv>
                    <Unicode>bemelten Herren Landvogt von</Unicode>
                </TextEquiv>
            </TextLine>
            <TextLine id="r1l35" custom="readingOrder {index:34;} person {offset:0; length:9; continued:true;} place {offset:14; length:8;}">
                <Coords points="331,2660 1081,2682 1121,2722 1181,2677 1336,2656 1337,2628 1181,2586 1109,2637 1066,2607 332,2606"/>
                <Baseline points="339,2646 388,2649 437,2652 487,2656 536,2659 586,2663 635,2666 685,2667 734,2670 784,2672 833,2675 882,2675 932,2676 981,2676 1031,2676 1080,2675 1130,2673 1179,2670 1229,2665 1278,2660 1328,2654"/>
                <TextEquiv>
                    <Unicode>Wattenwyl von Thorberg und Herrn</Unicode>
                </TextEquiv>
            </TextLine>
            <TextLine id="r1l36" custom="readingOrder {index:35;} person {offset:11; length:7;}">
                <Coords points="333,2767 417,2730 832,2786 901,2751 1070,2811 1171,2754 1354,2740 1356,2651 1121,2723 1081,2682 762,2673 676,2712 571,2664 523,2690 336,2650"/>
                <Baseline points="342,2720 392,2724 442,2729 492,2734 543,2738 593,2741 643,2746 693,2748 744,2752 794,2754 844,2756 894,2757 945,2759 995,2759 1045,2757 1095,2756 1146,2753 1196,2750 1246,2745 1296,2740 1347,2732"/>
                <TextEquiv>
                    <Unicode>Ohmgeltner Steiger Auch seines Tauf¬</Unicode>
                </TextEquiv>
            </TextLine>
            <TextLine id="r1l37" custom="readingOrder {index:36;}">
                <Coords points="335,2834 480,2800 548,2848 663,2816 740,2865 1003,2831 1080,2885 1187,2835 1266,2890 1386,2812 1387,2771 1258,2745 1005,2811 911,2753 835,2786 730,2755 642,2780 418,2730 337,2770"/>
                <Baseline points="345,2793 396,2797 448,2800 499,2804 551,2808 603,2812 654,2816 706,2820 757,2823 809,2826 861,2829 912,2831 964,2832 1015,2832 1067,2832 1119,2831 1170,2829 1222,2824 1273,2819 1325,2813 1377,2805"/>
                <TextEquiv>
                    <Unicode>gotis aufgebrochen und empfangen ge¬</Unicode>
                </TextEquiv>
            </TextLine>
            <TextLine id="r1l38" custom="readingOrder {index:37;}">
                <Coords points="448,2889 947,2944 1026,2923 1112,2955 1247,2911 1319,2926 1321,2862 1263,2892 1185,2835 1091,2894 1002,2830 955,2859 851,2841 757,2889 669,2856 589,2878 515,2816 450,2843"/>
                <Baseline points="456,2882 498,2886 541,2890 584,2893 627,2897 669,2901 712,2904 755,2909 798,2911 840,2914 883,2916 926,2918 969,2919 1011,2920 1054,2921 1097,2921 1140,2919 1182,2918 1225,2915 1268,2913 1311,2909"/>
                <TextEquiv>
                    <Unicode>verlichenen Sontag acht Tag,</Unicode>
                </TextEquiv>
            </TextLine>
            <TextLine id="r1l39" custom="readingOrder {index:38;}">
                <Coords points="327,2957 590,2965 693,3002 925,2987 1083,3035 1151,2988 1300,2982 1261,2916 1111,2954 1038,2924 798,2942 332,2869"/>
                <Baseline points="336,2933 383,2937 431,2943 479,2948 527,2954 575,2959 622,2965 670,2970 718,2975 766,2979 814,2982 861,2985 909,2988 957,2990 1005,2990 1053,2990 1100,2988 1148,2985 1196,2981 1244,2975 1292,2969"/>
                <TextEquiv>
                    <Unicode>den 3ten dies Monats, habe er von</Unicode>
                </TextEquiv>
            </TextLine>
            <TextLine id="r1l40" custom="readingOrder {index:39;}">
                <Coords points="331,3052 727,3041 824,3081 900,3058 962,3108 1209,3048 1306,3094 1393,3081 1395,2970 1202,2982 1087,3036 927,2988 727,3008 333,2957"/>
                <Baseline points="339,3011 391,3014 443,3017 496,3022 548,3027 600,3030 653,3035 705,3040 757,3045 810,3048 862,3051 914,3054 967,3055 1019,3056 1071,3054 1124,3052 1176,3047 1228,3042 1281,3034 1333,3024 1386,3012"/>
                <TextEquiv>
                    <Unicode>H. Herrschafftschreiber Jaggen zu dieslich</Unicode>
                </TextEquiv>
            </TextLine>
            <TextLine id="r1l41" custom="readingOrder {index:40;}">
                <Coords points="330,3082 961,3156 1178,3130 1293,3156 1366,3116 1370,3013 1245,3070 1154,3055 1084,3103 971,3107 898,3055 799,3101 728,3042 564,3078 447,3031 332,3048"/>
                <Baseline points="338,3078 389,3083 440,3087 491,3092 542,3096 593,3100 644,3105 695,3111 746,3115 797,3119 848,3122 899,3126 950,3127 1001,3129 1052,3129 1103,3128 1154,3126 1205,3123 1256,3117 1307,3111 1359,3102"/>
                <TextEquiv>
                    <Unicode>aus dem dortigen Penster Bebel auf</Unicode>
                </TextEquiv>
            </TextLine>
            <TextLine id="r1l42" custom="readingOrder {index:41;}">
                <Coords points="312,3165 873,3217 1055,3199 1189,3240 1359,3198 1362,3137 971,3157 847,3121 781,3164 727,3121 493,3138 315,3074"/>
                <Baseline points="320,3147 371,3149 423,3153 474,3158 526,3162 578,3167 629,3172 681,3177 733,3182 784,3186 836,3190 888,3192 939,3195 991,3197 1043,3197 1094,3196 1146,3194 1198,3190 1249,3184 1301,3177 1353,3167"/>
                <TextEquiv>
                    <Unicode>seine angelobte Obligation hin, und</Unicode>
                </TextEquiv>
            </TextLine>
            <TextLine id="r1l43" custom="readingOrder {index:42;}">
                <Coords points="313,3262 1056,3264 1116,3306 1169,3269 1336,3262 1327,3193 1184,3241 952,3199 839,3241 774,3197 317,3166"/>
                <Baseline points="323,3222 373,3224 423,3227 473,3231 524,3235 574,3239 624,3243 674,3248 725,3252 775,3255 825,3260 875,3262 926,3265 976,3266 1026,3267 1076,3267 1127,3265 1177,3263 1227,3258 1277,3252 1328,3246"/>
                <TextEquiv>
                    <Unicode>gegen zustellung endesfalschen</Unicode>
                </TextEquiv>
            </TextLine>
            <TextLine id="r1l44" custom="readingOrder {index:43;}">
                <Coords points="319,3319 446,3310 587,3361 674,3322 1106,3355 1262,3319 1208,3263 1056,3312 996,3262 856,3309 747,3258 508,3253 475,3278 407,3241 322,3252"/>
                <Baseline points="329,3288 375,3294 421,3297 467,3303 513,3306 560,3311 606,3313 652,3317 698,3320 744,3322 791,3325 837,3327 883,3328 929,3330 975,3330 1022,3330 1068,3330 1114,3330 1160,3329 1206,3327 1253,3326"/>
                <TextEquiv>
                    <Unicode>Burgschafft zedels auch unter dem</Unicode>
                </TextEquiv>
            </TextLine>
            <TextLine id="r1l45" custom="readingOrder {index:44;}">
                <Coords points="314,3374 806,3383 851,3420 952,3398 1056,3429 1202,3388 1237,3422 1394,3384 1396,3285 1108,3359 795,3322 588,3360 447,3310 316,3318"/>
                <Baseline points="323,3354 376,3358 429,3361 482,3365 535,3369 588,3373 641,3377 695,3381 748,3385 801,3387 854,3390 907,3392 960,3394 1013,3395 1067,3393 1120,3392 1173,3390 1226,3384 1279,3379 1332,3370 1386,3362"/>
                <TextEquiv>
                    <Unicode>Namen und Pitloff Herr Landvogts</Unicode>
                </TextEquiv>
            </TextLine>
            <TextLine id="r1l46" custom="readingOrder {index:45;} place {offset:4; length:9;}">
                <Coords points="313,3433 581,3449 674,3496 783,3469 1071,3509 1331,3448 1332,3417 1234,3424 1199,3388 1036,3436 807,3383 758,3408 315,3374"/>
                <Baseline points="321,3422 371,3425 421,3428 471,3432 521,3435 571,3439 621,3443 671,3447 721,3450 771,3455 822,3456 872,3459 922,3459 972,3461 1022,3461 1072,3459 1122,3458 1172,3455 1222,3450 1272,3446 1323,3440"/>
                <TextEquiv>
                    <Unicode>von Wattenwyl 2. 336. erhalten,</Unicode>
                </TextEquiv>
            </TextLine>
            <TextLine id="r1l47" custom="readingOrder {index:46;}">
                <Coords points="1116,3579 1234,3558 1264,3579 1297,3549 1309,3553 1352,3535 1347,3468 1315,3456 1306,3464 1269,3454 1222,3486 1199,3486 1190,3495 1168,3480 1133,3504 1110,3496"/>
                <Baseline points="1121,3534 1148,3532 1176,3530 1204,3526 1232,3523 1259,3521 1287,3519 1315,3519 1343,3521"/>
                <TextEquiv>
                    <Unicode>Endtlich</Unicode>
                </TextEquiv>
            </TextLine>
            <TextEquiv>
                <Unicode>12.
Dabriel
Ants.
Seye ihm herzlich leid, Er wolle alles
aufrichtig an den Tag geben.
Die elende Umständ, in welchen sein
Vater gewesen, haben ihne darzu bewogen,
damit Er denselben unter dem Boden
in Ehren erhalten möge.
zum ersten haben er ferndriges Jahr
im Heumonat von Ehrbeth Stromman̄
einer Dienstmagd, auf die falsche
Burgschafft Riklaus Wyßen von
Alchistorf, und gegen seine eigene
Handschrifft d. 90. aufgenommen.
Im Merzen die Jahrs dann habe
Er von Herr Stadt Almorner Kupfer
als vogt Herr Franz Ludwig Küpfers
auf seine Obligation und dazu
d
gegebenen falschen Burgschafft zedul
unter dem Nahmen herrn Landvogt
von Wattenwyl von Thorberg seines
Taufgotis §. 350. empfangen.
9
Im Maymonat darauf habe Er auch
bey Herrn Waysenschreiber Wyttenbach
aus verwalter und zu Handen Herrn
Bernhard Fursteinbergers von Zofingen
auf seine Verschreibung hin, und die
von ihme nest der Obligation beyge¬
setzten falschen Bürgschafft zu deli
Unterschrifften und Pitschafften
bemelten Herren Landvogt von
Wattenwyl von Thorberg und Herrn
Ohmgeltner Steiger Auch seines Tauf¬
gotis aufgebrochen und empfangen ge¬
verlichenen Sontag acht Tag,
den 3ten dies Monats, habe er von
H. Herrschafftschreiber Jaggen zu dieslich
aus dem dortigen Penster Bebel auf
seine angelobte Obligation hin, und
gegen zustellung endesfalschen
Burgschafft zedels auch unter dem
Namen und Pitloff Herr Landvogts
von Wattenwyl 2. 336. erhalten,
Endtlich</Unicode>
            </TextEquiv>
        </TextRegion>
        <TextRegion orientation="0.0" id="r2" custom="readingOrder {index:1;}">
            <Coords points="1563,1040 1563,1193 1596,1193 1596,1040"/>
            <TextLine id="r2l1" custom="readingOrder {index:0;}">
                <Coords points="1556,1162 1568,1161 1577,1157 1591,1144 1604,1141 1596,1065 1577,1068 1563,1079 1558,1076 1548,1077"/>
                <Baseline points="1563,1143 1596,1140"/>
                <TextEquiv>
                    <Unicode>f</Unicode>
                </TextEquiv>
            </TextLine>
            <TextEquiv>
                <Unicode>f</Unicode>
            </TextEquiv>
        </TextRegion>
        <TextRegion orientation="0.0" id="r3" custom="readingOrder {index:2;}">
            <Coords points="1590,403 1590,562 1610,562 1610,403"/>
            <TextLine id="r3l1" custom="readingOrder {index:0;}">
                <Coords points="1589,529 1598,525 1600,521 1602,522 1602,520 1608,519 1612,508 1619,505 1601,466 1594,470 1586,468 1580,476 1572,474 1565,478"/>
                <Baseline points="1590,512 1610,503"/>
                <TextEquiv>
                    <Unicode>.</Unicode>
                </TextEquiv>
            </TextLine>
            <TextEquiv>
                <Unicode>.</Unicode>
            </TextEquiv>
        </TextRegion>
        <TextRegion orientation="0.0" id="r4" custom="readingOrder {index:3;}">
            <Coords points="1490,71 1490,3591 2852,3591 2852,71"/>
            <TextLine id="r4l1" custom="readingOrder {index:0;}">
                <Coords points="2742,166 2765,165 2791,145 2813,144 2833,153 2849,152 2838,66 2818,67 2811,76 2792,72 2769,82 2749,103 2734,105"/>
                <Baseline points="2745,120 2775,116 2805,112 2835,108"/>
                <TextEquiv>
                    <Unicode>172.</Unicode>
                </TextEquiv>
            </TextLine>
            <TextLine id="r4l2" custom="readingOrder {index:1;} person {offset:0; length:9;}">
                <Coords points="1792,402 1872,406 1957,350 2036,374 2114,324 2243,333 2317,290 2370,292 2357,203 2289,221 2172,187 2116,228 1884,279 1809,345 1782,344"/>
                <Baseline points="1794,368 1822,361 1850,354 1878,349 1907,342 1935,337 1963,332 1992,328 2020,323 2048,317 2077,313 2105,310 2133,306 2161,300 2190,297 2218,292 2246,288 2275,284 2303,279 2331,274 2360,270"/>
                <TextEquiv>
                    <Unicode>Hauselman</Unicode>
                </TextEquiv>
            </TextLine>
            <TextLine id="r4l3" custom="readingOrder {index:2;}">
                <Coords points="1624,539 1754,469 1902,485 2537,339 2772,332 2815,305 2807,253 2737,275 2671,237 2417,323 2320,289 2204,347 1944,370 1842,432 1607,436"/>
                <Baseline points="1625,497 1684,486 1743,476 1802,466 1861,455 1920,445 1979,434 2038,424 2097,414 2156,403 2216,394 2275,384 2334,374 2393,365 2452,355 2511,346 2570,337 2629,328 2688,319 2747,310 2807,302"/>
                <TextEquiv>
                    <Unicode>Endlich habe. Er eine felsche Obligation von d. 150.</Unicode>
                </TextEquiv>
            </TextLine>
            <TextLine id="r4l4" custom="readingOrder {index:3;} person {offset:4; length:11;} place {offset:20; length:9;}">
                <Coords points="1627,572 1734,578 1782,530 2015,483 2135,512 2205,458 2268,491 2484,406 2806,386 2813,307 2665,363 2540,339 2257,391 2121,455 2062,423 1903,485 1757,468 1619,525"/>
                <Baseline points="1631,548 1690,540 1749,531 1808,522 1867,512 1926,503 1985,493 2044,484 2103,475 2162,465 2222,455 2281,445 2340,435 2399,426 2458,416 2517,407 2576,397 2635,388 2694,380 2753,371 2813,362"/>
                <TextEquiv>
                    <Unicode>auf Hans Bigler von Herbligen lautend, gemacht,</Unicode>
                </TextEquiv>
            </TextLine>
            <TextLine id="r4l5" custom="readingOrder {index:4;} person {offset:41; length:7;}">
                <Coords points="1629,652 1790,577 1865,601 2232,517 2297,552 2462,474 2810,456 2799,384 2749,371 2655,416 2594,394 2523,449 2340,444 2266,491 2207,458 2130,517 2026,491 1619,582"/>
                <Baseline points="1631,609 1689,599 1747,591 1806,582 1864,571 1922,563 1981,554 2039,545 2097,536 2156,528 2214,518 2272,509 2331,500 2389,491 2447,482 2506,474 2564,464 2622,456 2681,446 2739,437 2798,428"/>
                <TextEquiv>
                    <Unicode>welche Er diesen Sommer dem Herr Pfarrer Fruting</Unicode>
                </TextEquiv>
            </TextLine>
            <TextLine id="r4l6" custom="readingOrder {index:5;} place {offset:4; length:8;}">
                <Coords points="1623,685 1711,656 1780,688 1824,633 2005,654 2039,616 2105,635 2331,570 2425,600 2803,508 2812,475 2700,445 2461,474 2321,545 2147,528 2039,580 1965,562 1616,638"/>
                <Baseline points="1628,666 1690,657 1752,648 1814,638 1876,630 1938,620 2000,611 2062,602 2124,593 2186,584 2248,575 2310,567 2372,558 2434,550 2496,540 2558,533 2620,524 2682,516 2744,508 2807,500"/>
                <TextEquiv>
                    <Unicode>von wehnigen wegen schuldigen Heu zur Sicher¬</Unicode>
                </TextEquiv>
            </TextLine>
            <TextLine id="r4l7" custom="readingOrder {index:6;}">
                <Coords points="1616,746 2002,684 2131,708 2200,660 2282,689 2340,634 2627,631 2794,560 2787,510 2746,511 2526,589 2467,562 2316,616 2188,596 2117,639 1822,635 1780,687 1710,655 1608,686"/>
                <Baseline points="1622,726 1680,720 1738,714 1796,707 1855,700 1913,692 1971,686 2029,678 2088,670 2146,662 2204,654 2262,646 2321,638 2379,629 2437,620 2495,611 2554,603 2612,594 2670,585 2728,577 2787,567"/>
                <TextEquiv>
                    <Unicode>heit hinterlegt. Die Er ingt aber, wieder zurück</Unicode>
                </TextEquiv>
            </TextLine>
            <TextLine id="r4l8" custom="readingOrder {index:7;} person {offset:26; length:11;}">
                <Coords points="1620,810 1799,768 1956,791 2141,718 2296,744 2512,670 2699,687 2823,642 2814,571 2629,632 2344,633 2285,684 2198,664 2110,711 1612,750"/>
                <Baseline points="1625,785 1684,780 1743,773 1803,767 1862,761 1922,754 1981,746 2041,738 2100,731 2160,721 2219,714 2278,704 2338,696 2397,688 2457,680 2516,671 2576,663 2635,655 2695,647 2754,641 2814,635"/>
                <TextEquiv>
                    <Unicode>genommen, und hernach dem Hans Regler zugestelt</Unicode>
                </TextEquiv>
            </TextLine>
            <TextLine id="r4l9" custom="readingOrder {index:8;}">
                <Coords points="1618,869 2572,779 2717,709 2797,717 2788,647 2699,687 2515,670 2302,742 2138,719 1961,791 1798,769 1610,809"/>
                <Baseline points="1622,842 1680,837 1738,832 1796,825 1854,820 1913,813 1971,807 2029,800 2087,792 2145,786 2204,778 2262,771 2320,763 2378,755 2436,746 2495,738 2553,730 2611,721 2669,713 2727,703 2786,695"/>
                <TextEquiv>
                    <Unicode>dem er von seinem Vater her noch hr. 106. schuldig</Unicode>
                </TextEquiv>
            </TextLine>
            <TextLine id="r4l10" custom="readingOrder {index:9;}">
                <Coords points="1769,902 1801,896 1788,830 1782,831 1778,835 1769,834 1767,832 1756,835"/>
                <Baseline points="1775,890 1791,887"/>
                <TextEquiv>
                    <Unicode>.</Unicode>
                </TextEquiv>
            </TextLine>
            <TextLine id="r4l11" custom="readingOrder {index:10;}">
                <Coords points="1623,914 1640,917 1653,913 1680,930 1700,909 1710,910 1724,900 1753,895 1749,864 1741,865 1728,857 1719,859 1699,844 1691,843 1680,853 1660,847 1642,850 1631,865 1618,868"/>
                <Baseline points="1631,905 1659,904 1688,900 1716,896 1745,893"/>
                <TextEquiv>
                    <Unicode>seyn.</Unicode>
                </TextEquiv>
            </TextLine>
            <TextLine id="r4l12" custom="readingOrder {index:11;}">
                <Coords points="1625,988 2160,973 2288,916 2672,904 2768,853 2762,801 2607,758 2201,823 1996,920 1826,890 1619,935"/>
                <Baseline points="1632,978 1688,972 1744,965 1801,960 1857,954 1913,948 1970,942 2026,935 2082,929 2139,923 2195,916 2251,910 2308,903 2364,896 2420,888 2477,881 2533,874 2589,867 2646,859 2702,852 2759,843"/>
                <TextEquiv>
                    <Unicode>dieses seye nun alles was Er betriegliches</Unicode>
                </TextEquiv>
            </TextLine>
            <TextLine id="r4l13" custom="readingOrder {index:12;}">
                <Coords points="1621,1069 1656,1067 1684,1041 1766,1083 1848,1034 1871,1050 1914,1052 1907,991 1781,1011 1742,998 1688,1016 1650,1000 1616,1019"/>
                <Baseline points="1626,1044 1651,1042 1676,1040 1701,1037 1726,1034 1751,1031 1776,1029 1801,1025 1826,1023 1851,1020 1876,1017 1902,1014"/>
                <TextEquiv>
                    <Unicode>begangen.</Unicode>
                </TextEquiv>
            </TextLine>
            <TextLine id="r4l14" custom="readingOrder {index:13;} person {offset:13; length:5;}">
                <Coords points="1642,1146 1750,1127 1828,1169 2024,1094 2094,1118 2321,1070 2570,1100 2670,1044 2807,1037 2800,954 2643,945 2407,1021 2345,992 2264,1053 2169,1020 2047,1068 1946,1031 1841,1082 1686,1040 1634,1065"/>
                <Baseline points="1649,1130 1706,1125 1763,1120 1821,1113 1878,1108 1936,1103 1993,1099 2051,1093 2108,1089 2166,1084 2223,1079 2280,1074 2338,1069 2395,1064 2453,1057 2510,1053 2568,1047 2625,1040 2683,1033 2740,1026 2798,1019"/>
                <TextEquiv>
                    <Unicode>Ob Er bey H. Jaggi dem Herrschafftschreiber</Unicode>
                </TextEquiv>
            </TextLine>
            <TextLine id="r4l15" custom="readingOrder {index:14;}">
                <Coords points="1636,1241 2052,1213 2100,1165 2271,1196 2447,1131 2578,1143 2730,1111 2724,1047 2568,1103 2320,1070 2174,1115 2022,1094 1975,1134 1908,1109 1825,1172 1751,1127 1627,1156"/>
                <Baseline points="1641,1209 1697,1204 1754,1200 1811,1195 1868,1190 1924,1185 1981,1179 2038,1174 2095,1169 2152,1163 2208,1158 2265,1151 2322,1146 2379,1139 2436,1133 2492,1126 2549,1119 2606,1113 2663,1105 2720,1097"/>
                <TextEquiv>
                    <Unicode>nicht noch 12 Oct. bestelt habe, auch die</Unicode>
                </TextEquiv>
            </TextLine>
            <TextLine id="r4l16" custom="readingOrder {index:15;}">
                <Coords points="1623,1327 1670,1292 1712,1318 1889,1276 1978,1310 2062,1250 2174,1271 2325,1222 2621,1206 2729,1171 2722,1107 2615,1118 2574,1167 2389,1143 2251,1204 2097,1167 1986,1235 1615,1257"/>
                <Baseline points="1626,1284 1680,1280 1735,1276 1790,1271 1845,1267 1899,1263 1954,1257 2009,1253 2064,1248 2118,1244 2173,1238 2228,1232 2283,1226 2337,1220 2392,1214 2447,1208 2502,1199 2556,1192 2611,1184 2666,1176 2721,1167"/>
                <TextEquiv>
                    <Unicode>gleiche Bürgschafft Herrn Landvogt von</Unicode>
                </TextEquiv>
            </TextLine>
            <TextLine id="r4l17" custom="readingOrder {index:16;} place {offset:0; length:10;} person {offset:32; length:8;}">
                <Coords points="1613,1374 1734,1353 1825,1392 1888,1346 2043,1337 2094,1375 2182,1320 2583,1271 2691,1311 2740,1257 2814,1258 2806,1184 2376,1218 2261,1284 2031,1272 1978,1316 1920,1279 1670,1292 1609,1340"/>
                <Baseline points="1619,1362 1678,1358 1737,1353 1796,1349 1856,1345 1915,1340 1974,1334 2033,1328 2093,1322 2152,1315 2211,1310 2270,1304 2330,1298 2389,1290 2448,1285 2507,1278 2567,1272 2626,1265 2685,1258 2744,1252 2804,1245"/>
                <TextEquiv>
                    <Unicode>Vattenbyls und Herrn hingeltner Steigers,</Unicode>
                </TextEquiv>
            </TextLine>
            <TextLine id="r4l18" custom="readingOrder {index:17;}">
                <Coords points="1625,1450 1870,1414 1945,1462 2004,1412 2207,1434 2329,1376 2609,1348 2702,1378 2826,1328 2819,1253 2691,1310 2579,1272 2013,1386 1915,1354 1814,1395 1731,1357 1621,1408"/>
                <Baseline points="1631,1428 1690,1425 1749,1422 1808,1419 1868,1414 1927,1410 1986,1406 2045,1401 2105,1396 2164,1391 2223,1385 2282,1380 2342,1374 2401,1368 2460,1361 2519,1354 2579,1347 2638,1340 2697,1333 2756,1326 2816,1319"/>
                <TextEquiv>
                    <Unicode>mit dem vorgeben, er wolle darmit eine Hand¬</Unicode>
                </TextEquiv>
            </TextLine>
            <TextLine id="r4l19" custom="readingOrder {index:18;}">
                <Coords points="1616,1523 1680,1502 1723,1521 1740,1502 1802,1521 1835,1490 1894,1532 1975,1485 2032,1480 2030,1431 1974,1434 1941,1463 1873,1416 1729,1452 1611,1445"/>
                <Baseline points="1623,1497 1648,1496 1673,1495 1698,1494 1723,1493 1748,1492 1773,1491 1798,1489 1823,1488 1848,1486 1873,1484 1898,1484 1923,1482 1948,1480 1973,1478 1998,1476 2024,1475"/>
                <TextEquiv>
                    <Unicode>lung anfangen.</Unicode>
                </TextEquiv>
            </TextLine>
            <TextLine id="r4l20" custom="readingOrder {index:19;}">
                <Coords points="1658,1625 2050,1624 2132,1563 2329,1608 2484,1548 2624,1589 2707,1530 2781,1536 2778,1494 2681,1489 2601,1428 2211,1472 2125,1551 2003,1502 1896,1532 1862,1506 1725,1574 1652,1542"/>
                <Baseline points="1665,1607 1720,1601 1775,1597 1830,1593 1886,1589 1941,1584 1996,1580 2052,1577 2107,1573 2162,1569 2218,1565 2273,1561 2328,1558 2383,1554 2439,1550 2494,1545 2549,1540 2605,1536 2660,1530 2715,1525 2771,1518"/>
                <TextEquiv>
                    <Unicode>Ja, das seye wahr, könne es nicht laugnen.</Unicode>
                </TextEquiv>
            </TextLine>
            <TextLine id="r4l21" custom="readingOrder {index:20;}">
                <Coords points="1512,1656 1533,1651 1545,1657 1585,1641 1592,1645 1615,1644 1608,1543 1582,1548 1561,1559 1522,1555 1506,1560"/>
                <Baseline points="1518,1617 1547,1615 1576,1613 1605,1611"/>
                <TextEquiv>
                    <Unicode>Auth</Unicode>
                </TextEquiv>
            </TextLine>
            <TextLine id="r4l22" custom="readingOrder {index:21;} place {offset:31; length:10;}">
                <Coords points="1630,1714 1863,1690 1956,1730 2041,1689 2093,1720 2163,1672 2210,1695 2312,1649 2415,1683 2621,1630 2697,1666 2776,1611 2772,1549 2621,1597 2483,1548 2323,1619 2132,1564 2051,1623 1935,1600 1787,1665 1626,1654"/>
                <Baseline points="1637,1697 1693,1693 1750,1691 1806,1687 1863,1683 1919,1680 1976,1676 2032,1673 2089,1668 2145,1665 2202,1661 2259,1656 2315,1652 2372,1648 2428,1644 2485,1638 2541,1634 2598,1629 2654,1624 2711,1620 2768,1614"/>
                <TextEquiv>
                    <Unicode>Ober nicht auch des Junker von Wattenbyls.</Unicode>
                </TextEquiv>
            </TextLine>
            <TextLine id="r4l23" custom="readingOrder {index:22;}">
                <Coords points="1521,1744 1539,1740 1564,1751 1579,1743 1587,1748 1613,1748 1607,1645 1590,1646 1585,1641 1563,1658 1555,1653 1542,1657 1533,1651 1516,1656"/>
                <Baseline points="1527,1707 1552,1708 1577,1704 1602,1704"/>
                <TextEquiv>
                    <Unicode>ge¬</Unicode>
                </TextEquiv>
            </TextLine>
            <TextLine id="r4l24" custom="readingOrder {index:23;}">
                <Coords points="1617,1789 1832,1764 1943,1809 2089,1756 2304,1785 2799,1715 2782,1610 2701,1669 2623,1632 2412,1684 2171,1669 1964,1735 1878,1695 1808,1746 1613,1718"/>
                <Baseline points="1625,1769 1683,1767 1741,1765 1799,1763 1857,1760 1916,1757 1974,1753 2032,1750 2090,1746 2148,1742 2207,1737 2265,1733 2323,1729 2381,1724 2439,1720 2498,1715 2556,1710 2614,1707 2672,1704 2730,1700 2789,1697"/>
                <TextEquiv>
                    <Unicode>Namen bey Frau Predigkantin Rytz mit¬</Unicode>
                </TextEquiv>
            </TextLine>
            <TextLine id="r4l25" custom="readingOrder {index:24;}">
                <Coords points="1621,1853 1761,1890 1871,1845 2406,1857 2573,1819 2621,1857 2788,1792 2786,1757 2627,1733 2300,1788 2089,1758 1958,1822 1618,1793"/>
                <Baseline points="1628,1836 1685,1838 1743,1838 1800,1838 1858,1838 1916,1836 1973,1835 2031,1833 2088,1830 2146,1828 2204,1824 2261,1823 2319,1818 2376,1815 2434,1812 2492,1808 2549,1804 2607,1800 2664,1796 2722,1792 2780,1788"/>
                <TextEquiv>
                    <Unicode>brauchet, mir unter deßelben falschen</Unicode>
                </TextEquiv>
            </TextLine>
            <TextLine id="r4l26" custom="readingOrder {index:25;}">
                <Coords points="1630,1960 1690,1932 2006,1959 2091,1930 2250,1956 2336,1919 2430,1953 2606,1927 2603,1806 2433,1877 2383,1838 2275,1834 2138,1864 1906,1850 1763,1890 1628,1859"/>
                <Baseline points="1638,1917 1688,1917 1738,1916 1789,1916 1839,1916 1890,1914 1940,1914 1991,1913 2041,1911 2092,1910 2142,1910 2193,1908 2243,1907 2294,1904 2344,1902 2395,1901 2445,1899 2496,1897 2546,1895 2597,1893"/>
                <TextEquiv>
                    <Unicode>Burgschafft Geld aufzubrechen.</Unicode>
                </TextEquiv>
            </TextLine>
            <TextLine id="r4l27" custom="readingOrder {index:26;}">
                <Coords points="1507,2046 2830,2038 2829,1963 2312,1926 1813,1945 1732,2000 1624,1950 1506,1984"/>
                <Baseline points="1515,2028 1580,2027 1645,2025 1711,2025 1776,2025 1841,2025 1907,2025 1972,2025 2037,2025 2103,2027 2168,2027 2233,2027 2299,2027 2364,2025 2429,2025 2495,2024 2560,2022 2625,2019 2691,2016 2756,2012 2822,2007"/>
                <TextEquiv>
                    <Unicode>Ant. Ja das könne diesen Sommer gewesten</Unicode>
                </TextEquiv>
            </TextLine>
            <TextLine id="r4l28" custom="readingOrder {index:27;} place {offset:29; length:6;}">
                <Coords points="1631,2157 1740,2122 1819,2159 1921,2103 2106,2107 2157,2158 2278,2157 2327,2113 2461,2156 2561,2103 2786,2112 2837,2048 2735,2018 2585,2061 2500,2015 1794,2066 1725,2024 1630,2072"/>
                <Baseline points="1638,2093 1697,2095 1757,2099 1816,2100 1876,2102 1935,2104 1995,2105 2054,2106 2114,2106 2173,2106 2233,2106 2293,2106 2352,2105 2412,2103 2471,2102 2531,2100 2590,2099 2650,2096 2709,2094 2769,2091 2829,2088"/>
                <TextEquiv>
                    <Unicode>seyn. Er habe den Junker von Watten,</Unicode>
                </TextEquiv>
            </TextLine>
            <TextLine id="r4l29" custom="readingOrder {index:28;}">
                <Coords points="1623,2210 1901,2195 1963,2225 2022,2203 2247,2237 2318,2193 2507,2197 2508,2149 2379,2148 2328,2112 2277,2158 2168,2164 2104,2108 1895,2113 1816,2160 1781,2124 1624,2107"/>
                <Baseline points="1632,2172 1675,2175 1718,2176 1762,2178 1805,2180 1848,2181 1892,2182 1935,2183 1978,2184 2022,2184 2065,2186 2108,2186 2152,2186 2195,2186 2238,2186 2282,2186 2325,2186 2368,2184 2412,2184 2455,2183 2499,2181"/>
                <TextEquiv>
                    <Unicode>wyl darfür befragen sollen.</Unicode>
                </TextEquiv>
            </TextLine>
            <TextLine id="r4l30" custom="readingOrder {index:29;}">
                <Coords points="1519,2318 1534,2318 1553,2300 1560,2300 1566,2294 1607,2299 1607,2204 1588,2209 1581,2202 1563,2214 1557,2211 1543,2220 1537,2215 1529,2224 1519,2225"/>
                <Baseline points="1527,2285 1563,2283 1599,2285"/>
                <TextEquiv>
                    <Unicode>Fr.</Unicode>
                </TextEquiv>
            </TextLine>
            <TextLine id="r4l31" custom="readingOrder {index:30;}">
                <Coords points="1647,2298 1862,2328 1938,2296 2050,2350 2157,2304 2399,2293 2786,2341 2787,2217 2632,2224 2582,2189 2246,2238 1901,2195 1648,2233"/>
                <Baseline points="1655,2285 1711,2286 1767,2288 1823,2289 1879,2291 1935,2292 1991,2294 2048,2295 2104,2296 2160,2297 2216,2298 2272,2298 2328,2300 2384,2300 2441,2300 2497,2300 2553,2299 2609,2298 2665,2297 2721,2295 2778,2294"/>
                <TextEquiv>
                    <Unicode>Ob Er diese Obligationen und falsche</Unicode>
                </TextEquiv>
            </TextLine>
            <TextLine id="r4l32" custom="readingOrder {index:31;}">
                <Coords points="1629,2408 2353,2385 2579,2435 2643,2391 2833,2385 2834,2284 2676,2354 2499,2358 2410,2294 2155,2304 2105,2351 1924,2298 1747,2339 1630,2295"/>
                <Baseline points="1638,2360 1697,2362 1756,2365 1816,2367 1875,2370 1934,2372 1994,2375 2053,2376 2112,2378 2172,2379 2231,2380 2290,2381 2350,2381 2409,2381 2468,2381 2528,2379 2587,2379 2646,2376 2706,2375 2765,2373 2825,2370"/>
                <TextEquiv>
                    <Unicode>Bürgschafft, Briefen selbst geschrieben</Unicode>
                </TextEquiv>
            </TextLine>
            <TextLine id="r4l33" custom="readingOrder {index:32;}">
                <Coords points="1518,2489 1558,2483 1571,2488 1600,2470 1656,2478 1657,2365 1647,2365 1626,2381 1616,2374 1605,2377 1580,2398 1573,2393 1519,2398"/>
                <Baseline points="1527,2462 1557,2463 1587,2462 1617,2462 1647,2465"/>
                <TextEquiv>
                    <Unicode>Ants.</Unicode>
                </TextEquiv>
            </TextLine>
            <TextLine id="r4l34" custom="readingOrder {index:33;}">
                <Coords points="1661,2513 1721,2480 1817,2525 1911,2476 2015,2478 2080,2531 2212,2484 2519,2538 2682,2490 2820,2504 2821,2440 2394,2442 2297,2385 2238,2416 2156,2383 2059,2434 1968,2391 1745,2433 1664,2396"/>
                <Baseline points="1671,2462 1728,2465 1785,2466 1842,2469 1899,2471 1956,2472 2013,2474 2070,2476 2127,2477 2184,2479 2241,2481 2298,2481 2355,2483 2412,2484 2469,2484 2526,2485 2583,2486 2640,2486 2697,2486 2754,2486 2811,2486"/>
                <TextEquiv>
                    <Unicode>Da Er habe alles allein ohne jeman¬</Unicode>
                </TextEquiv>
            </TextLine>
            <TextLine id="r4l35" custom="readingOrder {index:34;}">
                <Coords points="1634,2554 1697,2555 1733,2585 1805,2554 1857,2589 1910,2567 2009,2605 2094,2570 2153,2599 2238,2562 2301,2609 2307,2487 2283,2482 2082,2538 2011,2476 1979,2497 1898,2480 1829,2523 1743,2482 1638,2474"/>
                <Baseline points="1644,2534 1676,2535 1709,2537 1741,2538 1774,2540 1806,2541 1839,2543 1871,2546 1904,2547 1936,2549 1969,2551 2002,2552 2034,2555 2067,2556 2099,2558 2132,2559 2164,2560 2197,2561 2229,2561 2262,2562 2295,2562"/>
                <TextEquiv>
                    <Unicode>deßen Hulf gemachet.</Unicode>
                </TextEquiv>
            </TextLine>
            <TextLine id="r4l36" custom="readingOrder {index:35;} person {offset:12; length:7;}">
                <Coords points="1615,2670 1690,2629 1847,2682 1987,2646 2143,2688 2228,2650 2350,2701 2569,2669 2659,2709 2838,2660 2789,2602 2487,2626 2234,2562 1998,2616 1910,2568 1619,2553"/>
                <Baseline points="1625,2619 1685,2623 1745,2626 1805,2630 1865,2634 1926,2638 1986,2642 2046,2646 2106,2649 2166,2652 2227,2655 2287,2657 2347,2660 2407,2661 2467,2663 2528,2663 2588,2663 2648,2663 2708,2661 2768,2659 2829,2657"/>
                <TextEquiv>
                    <Unicode>In des Herr Küpfers Obligation habe</Unicode>
                </TextEquiv>
            </TextLine>
            <TextLine id="r4l37" custom="readingOrder {index:36;}">
                <Coords points="1617,2736 1718,2706 2374,2791 2590,2741 2808,2777 2841,2687 2727,2666 2627,2717 2547,2674 2501,2717 2424,2671 2290,2712 2182,2659 2140,2689 1952,2644 1844,2683 1689,2628 1619,2671"/>
                <Baseline points="1626,2693 1686,2698 1746,2703 1806,2708 1867,2712 1927,2717 1987,2721 2047,2724 2108,2728 2168,2732 2228,2735 2288,2736 2349,2739 2409,2740 2469,2741 2529,2741 2590,2741 2650,2739 2710,2739 2770,2736 2831,2733"/>
                <TextEquiv>
                    <Unicode>Er seines Vaters Name ohne sein Wißen</Unicode>
                </TextEquiv>
            </TextLine>
            <TextLine id="r4l38" custom="readingOrder {index:37;}">
                <Coords points="1635,2791 1675,2797 1703,2780 1758,2838 1859,2792 1925,2816 1948,2809 1954,2719 1922,2735 1901,2724 1862,2746 1837,2723 1814,2725 1763,2759 1733,2744 1700,2764 1678,2748 1637,2758"/>
                <Baseline points="1644,2777 1671,2778 1698,2780 1725,2783 1752,2784 1779,2788 1806,2789 1833,2791 1860,2793 1887,2793 1914,2793 1941,2793"/>
                <TextEquiv>
                    <Unicode>vergesezt.</Unicode>
                </TextEquiv>
            </TextLine>
            <TextLine id="r4l39" custom="readingOrder {index:38;}">
                <Coords points="1516,2896 1529,2899 1537,2891 1565,2913 1600,2913 1609,2801 1583,2802 1547,2825 1522,2821"/>
                <Baseline points="1527,2855 1561,2861 1596,2861"/>
                <TextEquiv>
                    <Unicode>Fr.</Unicode>
                </TextEquiv>
            </TextLine>
            <TextLine id="r4l40" custom="readingOrder {index:39;}">
                <Coords points="1639,2903 1753,2874 1857,2937 1954,2888 2637,2948 2859,2919 2861,2858 2777,2809 2632,2834 2582,2794 2089,2776 1997,2780 1876,2860 1642,2823"/>
                <Baseline points="1649,2870 1709,2872 1769,2875 1829,2877 1889,2880 1949,2883 2009,2886 2070,2889 2130,2892 2190,2895 2250,2897 2310,2900 2370,2901 2430,2904 2491,2906 2551,2907 2611,2907 2671,2909 2731,2909 2791,2909 2852,2909"/>
                <TextEquiv>
                    <Unicode>Wie es sich mit dem aufgetrukten Pitschafft</Unicode>
                </TextEquiv>
            </TextLine>
            <TextLine id="r4l41" custom="readingOrder {index:40;}">
                <Coords points="1631,2976 2031,2970 2218,3026 2346,2978 2790,3006 2793,2945 2739,2915 2582,2970 2493,2916 2314,2903 2251,2940 2188,2897 2079,2946 1956,2914 1894,2941 1750,2872 1634,2901"/>
                <Baseline points="1640,2942 1697,2944 1754,2948 1811,2951 1868,2954 1925,2958 1982,2961 2040,2964 2097,2967 2154,2970 2211,2973 2268,2976 2325,2978 2382,2981 2440,2983 2497,2985 2554,2987 2611,2989 2668,2990 2725,2991 2783,2993"/>
                <TextEquiv>
                    <Unicode>auf dem Burgschaffts - Zedel, gegen die</Unicode>
                </TextEquiv>
            </TextLine>
            <TextLine id="r4l42" custom="readingOrder {index:41;} place {offset:12; length:8;}">
                <Coords points="1615,3057 1858,3090 2190,3052 2603,3092 2604,3052 2348,2978 2206,3028 2029,2974 1914,3013 1808,2965 1619,2985"/>
                <Baseline points="1625,3018 1673,3022 1722,3027 1770,3030 1819,3034 1867,3038 1916,3041 1964,3043 2013,3045 2061,3047 2110,3049 2158,3051 2207,3053 2255,3054 2304,3056 2352,3058 2401,3060 2449,3062 2498,3064 2546,3068 2595,3071"/>
                <TextEquiv>
                    <Unicode>Ehrbarkeit zu diesbach verhalten.</Unicode>
                </TextEquiv>
            </TextLine>
            <TextLine id="r4l43" custom="readingOrder {index:42;}">
                <Coords points="1480,3116 1502,3111 1524,3124 1542,3121 1556,3128 1575,3120 1591,3137 1613,3134 1623,3045 1604,3036 1585,3049 1549,3046 1518,3057 1504,3051 1487,3054"/>
                <Baseline points="1490,3105 1519,3108 1548,3113 1577,3116 1607,3117"/>
                <TextEquiv>
                    <Unicode>Auto</Unicode>
                </TextEquiv>
            </TextLine>
            <TextLine id="r4l44" custom="readingOrder {index:43;}">
                <Coords points="1638,3164 1846,3130 2019,3191 2282,3148 2383,3200 2460,3156 2566,3214 2774,3202 2758,3099 2033,3050 1854,3095 1643,3059"/>
                <Baseline points="1649,3123 1707,3125 1766,3126 1825,3128 1884,3129 1943,3132 2002,3134 2061,3136 2120,3140 2179,3142 2237,3145 2296,3148 2355,3151 2414,3154 2473,3156 2532,3160 2591,3163 2650,3165 2709,3169 2768,3171"/>
                <TextEquiv>
                    <Unicode>Er habe dieses Pitschafft letzen frühling</Unicode>
                </TextEquiv>
            </TextLine>
            <TextLine id="r4l45" custom="readingOrder {index:44;}">
                <Coords points="1645,3234 1973,3223 2151,3265 2198,3237 2299,3284 2347,3240 2563,3231 2637,3264 2780,3244 2782,3211 2564,3213 2460,3156 2383,3201 2241,3159 2005,3201 1816,3134 1648,3170"/>
                <Baseline points="1655,3192 1710,3197 1766,3203 1822,3206 1878,3210 1934,3214 1990,3217 2045,3220 2101,3224 2157,3226 2213,3228 2269,3230 2325,3232 2381,3234 2436,3236 2492,3237 2548,3238 2604,3239 2660,3239 2716,3240 2772,3240"/>
                <TextEquiv>
                    <Unicode>bey einem fremden Graveur to hier</Unicode>
                </TextEquiv>
            </TextLine>
            <TextLine id="r4l46" custom="readingOrder {index:45;} place {offset:5; length:9;}">
                <Coords points="1635,3277 2225,3364 2788,3350 2790,3303 2563,3231 2293,3289 2198,3236 1976,3275 1891,3221 1638,3240"/>
                <Baseline points="1644,3266 1700,3270 1757,3277 1814,3282 1871,3287 1928,3292 1985,3297 2041,3299 2098,3303 2155,3307 2212,3311 2269,3313 2326,3315 2383,3318 2439,3320 2496,3322 2553,3324 2610,3325 2667,3327 2724,3327 2781,3329"/>
                <TextEquiv>
                    <Unicode>an der Reuenstat sich aufhalte, stechen</Unicode>
                </TextEquiv>
            </TextLine>
            <TextLine id="r4l47" custom="readingOrder {index:46;}">
                <Coords points="1628,3369 2222,3401 2307,3454 2397,3424 2719,3466 2822,3429 2826,3366 2748,3338 2396,3377 1634,3276"/>
                <Baseline points="1638,3342 1696,3349 1755,3354 1814,3360 1873,3365 1931,3371 1990,3376 2049,3381 2108,3386 2166,3392 2225,3396 2284,3400 2343,3404 2401,3408 2460,3413 2519,3416 2578,3419 2636,3420 2695,3423 2754,3425 2813,3426"/>
                <TextEquiv>
                    <Unicode>laßen, und darnach habe Er solches so</Unicode>
                </TextEquiv>
            </TextLine>
            <TextLine id="r4l48" custom="readingOrder {index:47;}">
                <Coords points="1641,3467 2029,3476 2517,3550 2668,3507 2787,3536 2794,3447 2308,3458 2222,3401 2166,3430 1954,3393 1895,3425 1838,3367 1649,3363"/>
                <Baseline points="1652,3423 1708,3429 1764,3434 1821,3438 1877,3443 1934,3449 1990,3455 2046,3460 2103,3465 2159,3470 2216,3474 2272,3480 2328,3485 2385,3489 2441,3492 2498,3497 2554,3500 2610,3505 2667,3507 2723,3511 2780,3513"/>
                <TextEquiv>
                    <Unicode>wohl für diesen Bürgschafft zedel, als</Unicode>
                </TextEquiv>
            </TextLine>
            <TextLine id="r4l49" custom="readingOrder {index:48;}">
                <Coords points="2600,3601 2615,3599 2652,3575 2707,3578 2720,3569 2731,3576 2747,3572 2770,3581 2793,3579 2797,3540 2779,3538 2749,3513 2731,3513 2705,3527 2669,3507 2647,3512 2622,3533 2608,3526"/>
                <Baseline points="2612,3561 2640,3563 2669,3565 2698,3569 2726,3573 2755,3575 2784,3578"/>
                <TextEquiv>
                    <Unicode>zuvor</Unicode>
                </TextEquiv>
            </TextLine>
            <TextEquiv>
                <Unicode>172.
Hauselman
Endlich habe. Er eine felsche Obligation von d. 150.
auf Hans Bigler von Herbligen lautend, gemacht,
welche Er diesen Sommer dem Herr Pfarrer Fruting
von wehnigen wegen schuldigen Heu zur Sicher¬
heit hinterlegt. Die Er ingt aber, wieder zurück
genommen, und hernach dem Hans Regler zugestelt
dem er von seinem Vater her noch hr. 106. schuldig
.
seyn.
dieses seye nun alles was Er betriegliches
begangen.
Ob Er bey H. Jaggi dem Herrschafftschreiber
nicht noch 12 Oct. bestelt habe, auch die
gleiche Bürgschafft Herrn Landvogt von
Vattenbyls und Herrn hingeltner Steigers,
mit dem vorgeben, er wolle darmit eine Hand¬
lung anfangen.
Ja, das seye wahr, könne es nicht laugnen.
Auth
Ober nicht auch des Junker von Wattenbyls.
ge¬
Namen bey Frau Predigkantin Rytz mit¬
brauchet, mir unter deßelben falschen
Burgschafft Geld aufzubrechen.
Ant. Ja das könne diesen Sommer gewesten
seyn. Er habe den Junker von Watten,
wyl darfür befragen sollen.
Fr.
Ob Er diese Obligationen und falsche
Bürgschafft, Briefen selbst geschrieben
Ants.
Da Er habe alles allein ohne jeman¬
deßen Hulf gemachet.
In des Herr Küpfers Obligation habe
Er seines Vaters Name ohne sein Wißen
vergesezt.
Fr.
Wie es sich mit dem aufgetrukten Pitschafft
auf dem Burgschaffts - Zedel, gegen die
Ehrbarkeit zu diesbach verhalten.
Auto
Er habe dieses Pitschafft letzen frühling
bey einem fremden Graveur to hier
an der Reuenstat sich aufhalte, stechen
laßen, und darnach habe Er solches so
wohl für diesen Bürgschafft zedel, als
zuvor</Unicode>
            </TextEquiv>
        </TextRegion>
    </Page>
</PcGts>
