3024 4032
145 289 244 358 187.
236 1442 265 1520 t
232 991 302 1117 1
240 1514 294 1646 1
572 300 948 448 Hauser.
285 577 1131 784 195 in
469 772 1027 928 S. Denseig.
763 950 826 1044 .
348 962 1195 1134 unnen 30.
397 1069 1203 1227 Deren das dem
651 1174 1021 1339 Denner.
431 1407 1317 1545 Caadalena Hansen von
290 1505 1288 1654 Wedel an den mit in der ang
317 1594 1294 1712 Jahr als dienstmagd gestanden, und
320 1672 1275 1795 sich bis zu seiner Bekantschafft
319 1734 1324 1867 mit seinem gegenwärtigen Ehman̄
323 1813 1294 1941 dem Ziechende gut aufgeführt,
328 1878 1312 2009 daß keine Kaster Landschweistung,
326 1953 1348 2064 noch einige Art Untren, bis zu diesem
323 2018 1351 2137 Zeitpunkt an ihm ist vermerket worden.
334 2095 1348 2217 dertwegen ich die Freyheit nemme, dieses
326 2169 1317 2281 ringe, geblendete, und allein Anschein
325 2237 1329 2352 nach verführte Mensch ihro Gnaden
323 2305 1345 2429 Milde und Barmherzigkeit unterthä¬
328 2368 848 2491 nigst zu empfehlen.
322 2438 1281 2563 Vor ohngefehr drey Wochen habe ich in
329 2519 1275 2626 meinen Bureau gewahret, daß mir
332 2572 1303 2694 aus einem Sak, welcher für den Werth
326 2644 1345 2761 der §. 100. alte Cronthäler, mehren theils
334 2701 1332 2819 in gantzen und etwas in halben Stuken
331 2765 1315 2845 enthielte 50 Stüb oder der Retrag von
332 2825 1405 2937 §. 80. sind entwendet worden. Ich besichtigte
343 2893 1333 3010 das Bureau, und fande weder die Thur
327 2959 1354 3079 noch das Schloß beschädigt, eine genauere
334 3028 1345 3131 Besichtigung aber entdekte nur, an dem
340 3094 1355 3201 unten zuschnallenden fälli, so die einte
339 3144 1384 3278 thur schließet, verschiedene Ritze von einem
318 3230 1366 3355 scharfen Eisen, vermitelst welcheßen dieses
331 3286 1319 3395 fälli gelaßet und vermuhtlich damit so
333 3350 1258 3480 aufgehoben worden, daß die Thüre
1221 3413 1374 3509 weiche
2701 264 2778 329 188.
2041 264 2340 414 Sechsen
1633 381 2777 491 weichen, das obenher in der Mite einlauffende Schloß
1643 448 2734 560 nachgeben und beyde Thüren sich eröfnen müßten.
1675 509 2774 634 Ohngefehrd zu gleicher Zeit als ich alte Species schmelzen
1630 568 2724 675 wolte, vermerkte ich, daß mir in einem Bak, se sich
1640 645 2743 739 u meinem alzeit beschloßenen Cabinet befunden,
1627 693 2744 816 und welcher eingewechslete Louisblanc, Schulpfennige,
1628 765 2753 845 und anderes haltes Geld enthielte, eine gantze Mark
1626 821 2726 924 an dem mir wohl beburten Gewicht fehlte, und
1637 867 2356 979 mithin entwendet worden.
1632 938 2715 1047 Ich vermirte auch alda 13. Stük Baioires
1637 1019 2734 1129 und 36. Stük Erowad, der Schlüßel zu diesem
1634 1094 2724 1207 abinet, in welchem sich die hinterlangen
1637 1155 2713 1291 und das erkauffte Silber befinden, liget
1631 1241 2682 1351 beständig in einer Laden von meinem
1630 1304 2188 1425 Bureau verschloßen.
1645 1372 2771 1527 Danen diesen diebstahl niemand, als
1636 1469 2764 1597 eine im Hans bekante Person ausüben
1627 1537 2745 1671 könte, und ich von verschiedenen Orten
1640 1620 2769 1722 vernommen hate, daß meine Magd, deren
1638 1695 2664 1813 Armuth mir bekant wäre, und welche
1628 1769 2765 1889 einen eben so mitellosten Man̄ gezeu¬
1637 1837 2725 1982 ratet hate sich für ein beträchtliches
1630 1915 2748 2045 Geld Sachen für ihre Heurat und Haus¬
1620 1989 2697 2110 haltung angeschafft, der Man̄ dann auch
1639 2073 2730 2186 viele Thaler aufgewiesen habe, so viele
1637 2138 2719 2288 mein Verdacht notwendig auf die jetz
1629 2211 2130 2325 inhafftirte Mand¬
1666 2288 2766 2421 Und als ich zu Entdekung der eigentl.
1633 2369 2758 2482 Spuhren dieser diebstahls mich der Reit¬
1637 2435 2735 2572 niß des Vernweibel Mathys zum Stein
1629 2509 2696 2643 bediente, dieser mir dann Samstags
1639 2586 2735 2714 den 27ten Morgens etwann um 11. Uhr¬
1630 2670 2772 2794 eiche Berichten in meiner Stuben, ertheil¬
1629 2743 2746 2845 te, die Magd dann aus dieser Unterrei¬
1634 2819 2725 2947 dung die Entdekung ihres Verbrechens
1633 2890 2728 3008 schloße, so strate sie um halb 12 Uhr
1645 2969 2725 3089 gleich nach Auskeit des Burnweibels
1645 3035 2674 3155 in mein Zimmer und bekente mir
1636 3113 2736 3240 freywillige sie habe mir aus meinem
1642 3186 2645 3312 Bureau etwas an Geld gestohlen,
1638 3268 2775 3377 und dieses habe sie verrichtet, indemme
1636 3330 2752 3456 sie die Stuben gesäubert habe, sie habe
2640 3411 2749 3502 mit
