3024 4032
186 293 293 393 173.
661 291 1081 406 ina
330 383 838 508 Wurde Er befragt.
237 470 1465 642 Fr. Ob nun darauf beharre, daß Er die Marzicht l
298 539 1256 683 Er mit seiner Denit zugegangen
221 570 1425 766 Richts da, Er betheüre alle Scharheit geredet zu haben.
186 676 1214 810 8 fr. zu welcher Zeit es schwanger worden.
212 749 921 874 Anth. Kurtz nach dem Senzahl.
232 817 567 902 Fr. von bei.
194 852 1476 1015 Antl. von Joh. Friedrich Stoker, Burger von Schafhausen.
221 966 319 1049 Fr:
333 944 1397 1066 Ob es erharten dorfe, daß er von dem Stoker
326 1005 767 1110 schwanger seye?
181 1060 1339 1209 Antlo. Ja. Es könne von niemand anders seyn.
187 1140 292 1212 Er.
310 1133 1360 1241 Woraus Er seine Schwangers halber gegen namens
178 1196 1445 1353 kantl. Weil Er Matzigkeit in den Gliederen verspühret,
306 1279 1125 1392 und zuvor nicht krank gewesen.
197 1330 1282 1486 Fr. Wann Er diese Mätigkeit gespühret:
199 1402 642 1505 Antl. Im Mertzen.
200 1465 1355 1569 fr. Ob Er dem Stoker etwas darvon eröfnet.
201 1536 467 1618 Auth. un¬
197 1595 689 1696 Fr. Warum nicht.
198 1659 1423 1797 Luth. Weil Es deßen nicht versicheret gewesen, und
296 1739 1010 1863 noch seine Zeiten gehabt.
191 1793 1048 1934 Fr. Wann derselbe verreiset.
189 1877 708 1993 Antl. Im Mertzen.
200 1929 1380 2081 fr. Was nach des Stobers Abreis weiters sich
287 2021 591 2102 eräugnet.
171 2074 315 2169 Autho¬
324 2094 1389 2206 Es habe im Magen seine Zeiten völlig
282 2160 573 2258 verlohren.
190 2202 1322 2334 Fr. Warum Es ihm damal nicht zugeschrieben.
187 2277 1393 2411 Antl. Es habe dem Nachrichter seyen Maßer
286 2362 1450 2483 geschiket und derselbe habe nichts von Schwanger,
304 2437 693 2555 schaft gesagt.
311 2508 1462 2630 Wann es deßen hätte versicheret seyn wollen,
188 2512 294 2618 Er
308 2583 1375 2700 lohäte Es selbst zu einem Doctor oder
291 2647 998 2757 Gebammen gehen sollen.
152 2706 1384 2849 Antlo. Es habe geglaubt der Nachrichter, werde es
283 2793 1046 2899 gemand anders eher Tagen.
183 2861 1256 2969 Fr. Was es darauf weiters vorgenommen?
175 2926 1450 3045 Ants. Seye heim auf Vaterlege gegangen, und habe
302 2992 1442 3118 keinen Bruder mit dem Waßer zu dem Doctor
300 3069 869 3186 auf Langnau geschikt.
191 3091 1095 3246 Fr. Radts dem Bruder gesaget:
183 3174 1442 3315 Antl. Er solle dem Doctor tagen, Es habe Matigkeit
304 3257 1418 3380 in den Gliederen, und fehle ihm im Bauch
203 3315 1416 3451 Fr: Da weder der Nachrichter noch der Doctor zu
313 3396 1405 3515 Langnau gesagt, Er seyn Schwanger: Warum
307 3458 1415 3582 Es daraufhin sich nicht selbst bey erfahrnen
331 3648 372 3709 Er
2716 350 2840 419 410
2000 327 2395 428 G wolerd
1690 394 2841 540 erfahrnen Leuten sich berichten, damit Er der Sach
1695 473 2161 572 vergläßeret seyn.
1726 544 2445 661 Es habe nicht daran gedenket.
2457 551 2537 644 C
1580 564 1703 655 Antl
1713 606 2606 713 ob Er nicht große Brust bekommen.
1601 632 1683 723 Fr.
1713 670 2802 802 z habe allezeit große Brüst gehabt, und haben
1563 696 1682 807 Auto
1689 734 2142 829 nicht zugenommen.
1693 788 2829 929 Ob Er in den letzten Monaten, nicht Milch versuchen
1581 829 1678 908 Fr.
1690 850 1794 919 get
1701 887 1845 966 Stein
1587 911 1695 991 Aut
1715 909 2774 1052 Ob Er während seiner Schwängerschaft sein Kind
1597 963 1680 1065 r
1702 995 2095 1092 nicht verspühret.
1702 1028 2771 1157 Er habe wohl etwas gespühret, aber geglaubt, Es
1589 1071 1692 1160 Antlo
1693 1106 2467 1208 komme von den Erkältungen her¬
1695 1159 2776 1276 Da Es gestehen müßen, daß bald nach seinem
1573 1182 1684 1264 Ar
1672 1227 2843 1335 fleischlichen Umgang, Es seine Zeiten verkhen
1672 1290 2765 1392 nach und nach verlohren, Mätigkeit in den
1684 1353 2761 1462 Gliedern geschwollene Fuß, und große
1682 1414 2812 1527 Brust bekommen, die Doctoren ihm auch nicht
1653 1476 2811 1587 gesagt, Es seye nicht schwänger, und Er anfän¬
1667 1538 2735 1629 lich selbst vermuchter, schwänger zu seyn,
1655 1592 2792 1714 So seyn unglaublich, daß Er seiner Schwanger¬
1664 1658 2720 1778 schaft nicht habe versicheret seyn sollen;
1659 1736 2758 1852 folglich solle Er doch von seinen schlechten
1664 1802 2796 1912 Hausflüchten abstehen, und einsten bekennen.
1566 1869 1684 1945 Antlo
1686 1878 2792 1995 Es habe einmal geglaubt, wenn Er denen
1675 1942 2756 2056 Doctoren das Waßerschike, so werden die
1659 2013 2804 2118 eher daraus seine Schwängerschafft erstehen.
1680 2064 2758 2169 da sie davon aber nichts gesagte habe Es
1668 2126 2781 2261 von der Zeit an immer geglaubt, schwänger
1654 2184 1933 2285 zu seyn.
1564 2249 1675 2364 Fr.
1690 2250 2759 2383 Als zu Wotenbyl der Herr Pfarrer ihme
1664 2330 2780 2422 vorgehalten, weil Er einen verlobten habe,
1650 2391 2736 2515 so werde Er wohl Umgang mit demselben
1650 2469 2795 2583 gehabt haben, und könne also eine Schwan¬
1653 2540 2796 2659 gerschaft seyn. Ob Er ihm darauf nicht geant¬
1653 2607 2777 2726 wortet. Es wolle eben nicht sagen, daß
1664 2680 2775 2798 Es keinen Amgang gehabt: Schwängerschafft
1676 2747 2737 2859 aber könne keine seyn, folglich habe Er
1665 2797 2792 2913 dardurch seine Schwänger schaft abgelangenet.
1569 2870 2747 3008 Antlochs habe dem H. Predigkeit mir gesagt,
1668 2954 2570 3071 Erweiße nicht, ob Er schwanger seyn.
1558 2995 1658 3121 Fr.
1683 3002 2791 3143 Alles zeige deutlichen, daß Er seine Zeiten
1648 3056 2790 3199 Schwängerschafft zu verhalen gesuchet, indeme
1653 3153 2773 3265 Es dem H. Pfarrer seiner Muter, und dem
1662 3215 2687 3328 Bruder auf ihr Befragen nichts bekennt.
1653 3272 2792 3398 Es müße also darbey einen schlimmen Vorstat
1659 3337 2032 3445 gehabt haben.
1562 3399 2759 3540 Auth. Er habe geglaubt die Doctoren wurden, es
1567 3490 1635 3566 t
