3024 4032
185 140 304 238 90.
328 302 403 412 .
754 213 1238 367 Dam
413 319 1492 537 geantwortet, er seye zu Bern schon deßen
410 400 1454 596 wegen abgestrafft worden, wüße beiten
401 474 794 601 nichts Endes.
358 566 1434 775 Seillaus Kunsher und
377 702 1476 887 Jatob. Witschi von Urtenen fügt
387 804 1468 971 an̄och berichtlich bey, daß dieser Adam
375 876 1471 1055 Wir Mitwoch Nachts zuvor zu Bären
378 962 1467 1137 wyl aus einer Maten ein dem Hans
374 1037 1480 1212 Witsch zuständiges Pferdt entwenden
377 1144 1462 1309 wollen, seye aber derselbe durch den
343 1216 1090 1354 Knecht verjaget worden.
346 1297 1475 1468 In gleicher Nacht als Er die Stieren gestan¬
345 1386 1477 1549 habe Er zu Tegistorff bey Hans M.
363 1468 1456 1630 die Kleider, so Er in hier angehabt
367 1562 1462 1684 entwendet, und unterdeßen die Stieren
361 1646 1363 1789 vor dem Haus angebunden gehabt.
405 1792 1344 1961 20 Copia collatum
715 1910 1475 2080 digl. Canzley Sollowen
457 2141 1355 2324 Deposition
500 2258 1273 2408 von Johan̄es König.
385 2375 1408 2581 Deharres Königsten
293 2520 1426 2669 Jegenstorf. 33. Jahren Alters, unter¬
307 2617 1408 2756 zenratet, klagte hier zu Bern
308 2676 1240 2828 wieder den Adam Cirp.
1361 2709 1423 2832 9
320 2807 1421 2999 Am sonntag den 10. diß monati
315 2933 1444 3091 Als er seine Sontags Kleider herte.
304 3005 1438 3149 nemmen wollen, habe Er alsobald gewahret,
303 3072 1436 3211 daß aus dem verschloßenen Schafft in de
296 3177 1408 3333 Stuben, darzu der Schluße krauf den
287 3239 1438 3412 behafft gelegen, ihme entwendet worden
297 3323 1421 3506 . halbleuernen Rob, Veste und Hoffend
277 3411 1412 3585 1. gebleibtes Heind und zwey Schnurstliche
1321 3466 1425 3561 dah
1592 1133 1621 1225 C
2698 277 2822 391 91.
1863 275 2245 443 Dorn
1641 363 2796 504 Dennen 1. haltung, wie auch ein Bakel mit 3. et.
1693 447 2822 544 Geld gerners te federmeßer und 1 schreibbüch¬
1684 515 2790 634 lin mit einem Holländischen Paß. Aus der
1682 584 2768 713 Stuben dan̄ so an der Hand und Ofenstängl.
1680 652 2815 783 gehangen, seye ihm weggekommen 1 paar
1693 729 2740 862 reißige Hoffen, 1. Paar Strümpf, und 1. Heind.
1684 802 2833 937 habe darauf Nachfrag gehalten und von Rudol
1683 882 2776 1012 Han̄ von Münchrungen vernommen: Wie
1689 958 2767 1071 daß er den am Dienstag zuvor allhier
1690 1025 2755 1173 mit Ruten gestrichenen Adam Art zu
1671 1107 2830 1247 Sollothurn in gleichen Kleidern angekauffet,
1680 1183 2830 1325 der daselbst zwey zu Urthenen gestohlene
1670 1250 2763 1392 Stieren auf dem Markt verkauffet.
1667 1339 2818 1490 Als Er Deponent gestern vernommen, daß
1669 1429 2823 1563 dieser Arn angehalten, und auf Hindel¬
1678 1514 2745 1652 bank geführt worden, habe Er sich auch
1677 1594 2814 1730 dahin zu H: Freyweibel verfüget, der
1675 1668 2753 1785 denselben über den ihme beizehenen
1651 1744 2813 1862 Kleider diebstahl befragt, welcher alles
1678 1818 2764 1953 bekennet, bis an ein Heind und einen
1667 1904 2432 2033 Rasenkungen, sagende.
1666 1969 2790 2117 Er seye am Freytag am Morgen frühe
1677 2068 2806 2197 in das ten geschlichen, und habe sich auf
1676 2145 2802 2278 das Heu verborgen, bis daß Er niemand
1675 2226 2808 2358 mehr im Haus verspührt. Daseye Er
1676 2294 2812 2434 in die Stuben gegangen und habe diesen
1661 2375 2824 2504 Diebstahl verübet, wormit Er auf Sollothurn
1652 2466 2824 2600 sich begeben, da Er einen Theil angezogen,
1661 2516 2806 2686 und das übrige in einem Keller daselbst
1649 2606 2337 2740 zu verwahren gegeben
1667 2675 2787 2805 Er Dept habe ansteinem Leib den Rot¬
1666 2753 2774 2898 die reste und das Hand für das seinige
1654 2835 2796 2995 zu seyn erkennt. Actum de 17. d ao 1769.
2603 3260 2736 3352 stes
