3024 4032
80 195 210 307 229.
157 1195 258 1305 Pr.
77 1419 269 1543 Ankl.
84 2090 223 2218 hr.
81 2230 276 2352 Auto¬
151 2358 233 2458 fr.
84 2498 259 2617 Antwo
141 2677 256 2791 fr.
71 2823 250 2934 Auth.
222 289 279 441 .
627 204 1022 372 Dulser.
314 309 1268 504 Solle Schaaffgarben und Furre
290 405 1038 530 Reßlen gebehten seyn.
400 489 1316 633 Als hierauf ihm, die unter seinen
397 572 1384 726 Sachen gefundene Kräuter, Ehenzen
399 640 1273 795 und Ohl vorgewiesen worden,
385 721 1311 872 hat Er gesagt, inst diese Mitel
386 785 1270 920 habe es von ihr empfangen, und
395 860 1281 1003 auf die Seite gestelt. Worin
384 952 1258 1073 solche bestehen, ist aus Herr
390 1007 1264 1165 Wyttenbach Bericht hienach
405 1101 1075 1241 pagl. 232. zu stehen.
296 1176 1284 1350 Weil die Gütterli fast versteren
292 1274 1263 1444 ob ehe nichts darvon gebraucht
269 1349 487 1482 habe?
292 1426 1262 1582 Sie habe ihm dieses in kleinen
279 1511 1265 1662 Güterlen gebracht, so Er, dann in
277 1588 1136 1743 diese gegenwärtige gethan:
262 1649 1268 1823 von dem einten habe Er einsten
269 1747 1247 1889 einen Tropf genommen, weilen Sie
262 1824 1239 1973 ihm gesagt, es seye gut für das
262 1912 1215 2057 Magenbech, und Er damal zust
269 1994 816 2137 Magenbech gehabt.
279 2089 1221 2217 Ob sie hernach nicht noch mehrere
270 2155 1345 2309 Mahl, bey Herr Genner Geld entwendet.
300 2246 1342 2378 Nein, seye bey diesem verblieben.
283 2319 1335 2470 Wie viel Geld sie wohl mit einender
292 2421 670 2542 entwendet?
301 2462 1299 2625 In allem bey d. 160. haben aber
280 2578 1141 2700 das Geld nicht wohl gekennet.
291 2628 1216 2803 Ob Er sonst auch eigenes Geld
275 2743 548 2866 gehabt.
289 2792 1262 2956 Ja Er habe von Heimath d. 18.
282 2898 1318 3015 bekommen, nemlich vom Schwager
272 2958 1246 3103 8. v. vom Bruder H. R. und für
272 3047 1147 3177 einen ehrenen Hafen d. 6.
313 3112 1322 3272 von Junker Landvogt von d
274 3198 1265 3351 Stachteten von Morsten Knecht
285 3273 1317 3387 eine dopelte neue dublonen, das
260 3347 1310 3501 Es ferndriges Jahr vor dem Herbst
1216 3416 1317 3487 von
2630 312 2740 393 280
2059 296 2412 450 Preisen
1594 386 2695 510 von ihm entlehnt, und ihm noch schuldig seye.
1652 458 2700 555 von einer weltschen Frau für eine Beleer¬
1634 520 2641 633 beti, die er zur Hinterlag gehabt 5 d.
1672 584 2707 688 von der Magd bey Frau Predigkantin
1615 636 2572 763 Wyttenbach d. 6. solls entlehnt habe.
2422 715 2731 811 von seinem
1666 707 2287 831 von keinem Lohn 2. 8.
1610 766 2731 887 Man̄ D. I. 20 th. Und zum Neüjahr empfan¬
1616 841 2652 976 gen 20. b. zusammen 25 t. 20. Rt
1500 905 2678 1059 Fr. Laut seines ersten Examens habe Er in
1627 1005 2740 1146 ellen ausgegeben mit Begrif des zurück¬
1618 1086 2741 1222 gegebenen Gelds §. 149. 9br. Nachsteinem
1604 1163 2640 1293 jetzigen Vorgeben habe Er nur d. 80.
1612 1237 2726 1364 entwendet, und d. 5 t. 20 bz an deres Geld
1606 1330 2722 1461 gehabt, folglich das mehr ausgegeben
1620 1404 2676 1533 als Geld accusirt, müße Er auch mehr
1617 1478 2296 1603 Geld entwendet haben.
1610 1549 2737 1683 Er könne wohl seyn, daß der Geld diebstahl
1468 1545 1592 1673 Ants
1614 1625 2704 1756 etwas höher komme, Er habe den Werth der
1602 1704 2347 1836 Gelde nichts wohl gekennet.
1474 1794 1580 1901 Fr.
1624 1788 2669 1925 zu welcher Zeit es angefangen, sich an
1600 1884 2675 2001 den Hansrätlichen Sachen bey H. Jenner
1591 1955 2605 2079 zu vergreiffen, und was es in allem
1600 2021 1926 2122 entbeidet.
1455 2066 1591 2174 Ants
1622 2065 2697 2213 So bald als die Schmiedin ihm versicheret,
1606 2157 2703 2290 es werde ihm nicht auskommen, so habe Er
1593 2224 2677 2365 auf ihr angeben hin angefangen untren
1587 2305 2720 2437 zu seyn. Beye im letzten Frühling gewesen
1670 2381 2657 2520 das erstemal habe er auch tat 3.
1567 2456 2666 2605 Leinlachen d. empfangen, davon Es
1600 2547 2126 2670 eines behalten.
1603 2590 2698 2764 Und ein andermal, als der frau Jenner
1600 2698 2701 2829 ihns geheißen, Barn aus dem Schafft
1601 2773 2700 2908 nemmen, und die Schlüßel gegeben, habe
1575 2837 2672 2973 Er zugleich daraus Getziehen und Lein¬
1584 2905 2672 3044 lachen mit einander entwendet, und sie
1583 2993 2381 3118 in sein Stublein getragen:
1645 3043 2675 3208 An der Bestreicheten habe Er auch ein
1578 3116 2197 3252 Leinlachen genomen.
1606 3201 2685 3363 an der Wösch im Herbst dann 24. Zähelin
1583 3274 2101 3418 3. Hand zwahelen.
2518 3359 2607 3466 auch
