4032 3024
755 -3 1846 163 Nach deme vorbeschriebene onformation
747 76 1839 238 Mishin den rathen dub 15. aptilio diß 1730l
751 174 1825 331 Burd uo dero dieneren mane r�� bei
774 253 1804 373 klen Wurstemberger und mir den
750 337 1805 474 Grichtschreibern Johan Rudolff Gchiffel
747 417 1825 578 vrgetragen worden, habend hoygedacht
732 517 1786 657 Ihr monachreiser erlagung aller
753 590 1813 734 Umstanden, annd auf Verrnnnen, daß
756 683 1798 829 der Thater Jacob Rob fluchtigen Eus ge¬
1509 761 1824 848 seuegen
755 773 1817 917 seget, erkent, daß ab er diesen h
755 863 1826 1013 adindere oßentliche landtagen angestelt
766 935 1823 1090 und zbar der fe� und andere landtag
757 1020 1793 1167 auf einen tog namlich auf Zinstag en P
750 1104 1826 1262 Mai 1750 nach dißmahlig üblicher Porm
770 1184 1261 1330 gehalten werden sollen.
744 1298 1810 1474 gestalte daraufhin zinstags de 2 mayi 730
759 1399 1800 1546 n und oberen l�ht und Burger
758 1491 1797 1631 den morgensum olhren in der großen
720 1574 1795 1701 Sūl Aūf dem Rohthame Versamlet, des
751 1636 1822 1794 entleibte kleider auch hinein gebracht
753 1706 1833 1836 und volgend durh mughn an schultheiß
772 1798 1803 1936 da dieser hohn sl undba
773 1873 1813 1992 einen es gethun seye angezeigt, sach worden
781 1936 1820 2081 durch mich den grichtschreibern naben den
761 1990 1825 2152 dvon stehend die aufgenommen dee
764 2063 1821 2219 mation abgelesen worden und als solchem
769 2139 1827 2310 nach michgs Neiner von werdt aoder
751 2232 1813 2384 jungste Herr Snner dieser statt in die
768 2303 1850 2461 Mitte der gro�en stuben getretten und bider
769 2370 1811 2555 den thuter das necht begehrt, ist darüberhin
771 2437 1734 2600 die thur größnet und durch den weibel
759 2526 1807 2665 Rudolff Langhauß mit erhobtwrstim
774 2625 1835 2768 außeicher oben in der rachthaus stegen dem
768 2669 1819 2851 täther Jacob Rot auf nach beschreebene
1952 -2 3131 161 weis gerüßen und nach beschehenen ofent
1970 69 3119 249 lichen ruften und zwag deren für den 4
1959 184 3108 323 und dreymahl für den hr landtag, also
1954 268 3099 405 de frstr und andere Landtog nach diß
1972 356 3132 490 mahligem seyw und der horunden beschrieben
1927 442 3115 581 ot ngnadea Fonsecution Vollführt, und
1973 521 3126 668 beyen nicht ersheinng des th�ter Jacob
1972 607 3123 741 Bots weider vo ersten noch anderen land
1972 697 3137 850 tags darüberh von Hach Erielt Muche und
1959 783 3109 928 Oberen luht und bärgeren erkennt und
1985 872 3121 1013 durch gesagten weibel an obigem ohrtstehn
1964 955 3115 1104 nachgeseztes offentlich proclanitt und
1978 1040 2551 1186 aūßgerūsen borden.
2310 1141 3090 1335 N i zum landtag.
2041 1195 2515 1335 Jorm de61e
1944 1322 3170 1472 Ist Jacob Roht der Meller von Lzigen geür
1960 1401 3153 1548 Mirgendte rd Er wratte lersor und stelle
1960 1484 3150 1625 sich alhier vor recht zur verantlortung
1990 1570 3143 1692 behen des an Anthoni schneider dem seiden
1985 1646 3160 1782 Baber von Stäßisburg begangenen todschlagen
1985 1721 3146 1851 deßen traurige wahrgeiche gegenwärtig
1990 1802 3144 1926 bey der stellsind, zum ersten rust zun
2001 1870 2409 1999 ersten mahl.
1972 1950 3120 2101 Nach dem zberden außrußt bird gesagt
1983 2048 3052 2173 zum ersten ru�t zum anderen mahl.
1978 2120 3131 2281 Nach dem dritten außrußt zumerseen Rud
1997 2221 2588 2329 zum dritden mahl.
2502 2298 2572 2379 ten
2259 2302 2831 2458 Zum 2r Landtag.
1982 2424 3086 2562 Nach beschehenen 3 ersten Rüßen wird auf
1984 2502 3121 2627 begehren des hrren klägern der 2 landtag
1994 2577 3121 2693 erkent, volgends obiges aufgleiche manier
1992 2639 3113 2757 außgerlßen und nach dem ersten außgeschro
1986 2737 3070 2828 ihren zum anderen rust zum ersten mahl.
1978 2766 3122 2901 nach dem 2 außt zum anderen huß zum anderen
2089 2854 2238 2929 mahl
2954 2865 3006 2925 b
1978 2869 3107 3017 Nach dem 3. mu zum anderen uß zum 3 mohl
