4032 3024
875 -5 1813 161 onn der Proclamirk Urtheil
1479 71 1594 180 d
1043 122 1128 200 14
724 151 1804 319 Mer den tuter Jacob Raht sehyund
761 272 1820 420 anterb wirdt in stalden oder gehteren
763 357 1836 506 in halzeren oder Walderen zu Waßen
714 449 1818 588 oder hande oder bots iomner seye der
755 526 1820 677 solle ihme verkunden, daß der Erstn und
772 606 1813 757 undere and tag um den nodsich lag, den ee
763 687 1810 830 an anthaii schneider begangen auf heüt
779 792 1823 934 gentlih gehalten worden und der drilte land
760 870 1826 1008 ag ob merzehen tagen und underdreyen
772 941 1805 1095 wuchen zuhalten angesezt seyen, damit
778 1039 1789 1188 er sich darzu verfügen könne sich zuver
771 1121 1825 1248 sprechen, dan so er auch danzu mohle am
766 1193 1775 1347 denen richten nicht erschrinen mnd nicht
781 1303 1795 1452 gegnen worde, man alsdan in einen bag
777 1388 1826 1551 mit dee wheilbod ihm fürfohren
783 1448 919 1581 brodt.
3042 -106 3107 49 1
1928 -1 3115 191 Zinstaob d. 16. May 1730. al aūf den
1999 115 3120 268 zu verfuhrung des drild, und letsty Land,
2001 215 3147 375 Jogs Hievor cselses angesezten tag sind meyhi
2014 294 3119 452 und oheren rucht und Gurdere abermahte
2008 381 3129 528 zu gebohnter zeit und stund auf dem rahte
1986 469 3110 623 Hnaig diegroße stäbein zusammen getretten
1993 552 3146 703 ihmen daselbsten durch mughi amt schulthiß
2000 636 3131 773 die sach ung die ezethi, bedeübet worden.
2017 721 3125 860 alllo widermahlen muhhr penner von Werdt
2008 791 3115 940 als jüngster ger vrin milte der goßen
1989 882 3133 1025 stuben getretfen und in namen der stalt zern
2007 976 3128 1120 oder Jacob Ros di Müller das rechtangen
2014 1057 3096 1198 rihten, dadan nach beschehenen a entliche
2004 1146 3106 1282 Susten (bie hiroben seehet der drilde und
1983 1218 3110 1367 Hls Landtag auf Vollsichest vnd beile
1984 1300 3123 1426 der shwder Jacob Rot auch dißmahlen zur
1999 1371 3099 1512 veranfbortung sich nicht gestelt gabend.
2007 1450 3134 1582 diranfh  und eren kuff und zur
2011 1507 3065 1674 e ind rech bey fden
1958 1607 2550 1757 ebn
1990 1705 3074 1863 Daß gedachter Jacob Rot der Müllerbege
2003 1804 3121 1949 Srbracht Abdschlags in Anthain Schneider dem
1996 1884 3098 2004 Seidenwäbers darvon die erdürigen wahr
1990 1957 3137 2058 diechen zusetten boy der stell sind der da
1987 2032 3116 2145 dem ersen anderen nach drilten abnder taggauf die
1987 2096 3110 2224 jederweilen beschehene Rust außgebliebe und
1986 2162 3087 2276 sich dieser thadhalb nicht verantwortet hat
1972 2233 3118 2373 Vof Fried in Aufrerden von Sicherheit in Unchicht
1991 2313 3065 2443 heit erkent und also sein leib des Leibloos
1943 2390 3100 2507 gethand frunden gänzlich erlaubt, und all
1994 2458 3094 2541 sen Batt Zū der Statt Gern Landen Verfallen
1956 2523 3109 2627 seyn buben der gethwer meghi und obere.
1999 2597 3109 2714 Stätt und Land für Einhundert und en Jahr
1996 2661 3043 2797 verlahren haben und selbige hin fuhro nicht
2011 2733 2792 2847 mahr betretten solle
