4032 3024
691 460 1385 631 riminal, Urteill
573 578 1412 747 Der Anna Haußwihrl
577 686 1446 815 geburtig von Riechen Basel, gebiets
795 770 1369 914 von 2b Jahren alters.
1276 945 1329 1021 2
421 930 1448 1114 D 38 Schulthliß Kleinund
483 1056 1480 1226 Große Rahte der statt dern, welin
460 1166 1450 1300 dend hiermit, als dann Ans die be¬
445 1254 1459 1398 daueliche Nachricht eingeloffen, Wie
469 1336 1467 1509 daß sontags den 48e echartii diß
448 1436 1428 1597 4736 jahrs ein neüw gebohrnes
429 1527 1458 1689 Kindlin Mannlichen Geschlechts drüßen
454 1627 1469 1774 in dem Worblen, sach ohnweit der Pappe
432 1717 1433 1854 Mühlen todt gefunden worden, Der
454 1805 1464 1983 Verdacht dieser vernebten unverantwortn,
447 1909 1441 2079 lichen Anthat über vorgegangene Ver¬
444 1999 1461 2157 ordnete Nachforschung auff gegenwärtige
424 2122 1427 2257 Anna Haußwihrt deß Peter haūß.
435 2213 1462 2346 wihrts pappr, Machers von kiechenBafel
437 2297 1474 2443 gebiets Eheliche Tochter einiche Tag hernach
450 2388 1444 2522 geworffen, Sie darüber als verdächtig
454 2491 1440 2611 vivitiert und eine Kindbetterin zu seyn
441 2566 1459 2694 erfunden worden. Als habend wir
441 2659 1462 2799 hierauff diesere Delinquentin in all¬
446 2751 1438 2871 hiesigen verhafft bringen laßen, alleo
430 2833 1473 2964 die dann in denen mit ihra beydes guet¬
457 2928 1459 3049 lich und ernstwörtig mit betreüw, dennoch
797 2995 1047 3055 nich zegung
449 2983 1466 3110 ohne anwendung der Marter verrichteten
461 3071 1456 3239 Examinibus über angezogene Unthal
446 3145 1380 3325 Nachfolgende bekanntnuß gethan.
961 3339 1283 3516 Nammlchen
2643 346 2716 425 198
1589 382 2710 600 Slammlichen, daß sie umb heüwungs.
1626 510 2716 708 zeit verwichenen jahrs von einem unter-
1633 550 2692 779 Ehelichten Jungling ohne einiche gethane
1631 637 2762 876 eheversprechung sich schwachen und schwange,
1630 713 2753 952 en laßen, solche ihre schwangerschafft dan
1630 836 2699 1010 aus allerhand kennzeichen wohl gewahren
1625 933 2740 1119 können; dennoch aberselbige gar Nieman¬
1640 1000 2753 1203 dem angezeigt und großenbahret, ja solche
2678 1088 2719 1135 11
1607 1108 2776 1331 so wohl ihrem vatter als einichen Nachbaurin
1635 1205 2771 1390 men, so sie mehrmahlen darüber zu redge-
1628 1306 2712 1526 stoßen verschwiegen und hinterhalten
1637 1396 2766 1582 habe. Daß freitags den 3. letstver
1631 1520 2785 1722 strichenen ehtartii die gebuets-schmerr
1638 1629 2789 1801 zen und vorbotten zu der Kinds Niderfungen
1643 1733 2735 1893 Sie Ergriffen, alldieweil Ihr Vatter und
1631 1850 2778 1987 bruder annoch eine geraume Zeit in gleicher
1621 1941 2804 2089 stuben sich befanden, daß solche kindswehe
1628 2055 2807 2188 ohngesehr bey Sieben stunden von Zeitzuzeit
1639 2152 2808 2285 abehobungsweise angehalten, Sie allso Ihre
1578 2238 2787 2375 orstehende genißt daraus wohl abnemmen
1638 2339 2792 2471 können Jedennoch Ihrem Vatter und bruder
1653 2405 2753 2583 nicht angesagt, sondern selbige von sich gehen
1780 2486 2241 2568 so baß sf einzgverbliben
1644 2496 2754 2647 laßen, aß sie nachwerts allein
1636 2571 2808 2771 morgens umb 4 uhren aus der stuben ge-
1647 2675 2785 2872 gangen auff dem worblen-steg zwischen
1628 2757 2770 2940 beyden Pappr-muchle gebauwen ihr kindt
1634 2835 2769 3037 zur welt gebracht, das nabelband mit
1659 2890 2804 3131 den handen mit gewalt entzwey gerißen
1641 3017 2782 3213 und volgends vorsezlicher weise mit dem
2023 3114 2175 3191 gben
2317 3153 2562 3227 Jutgudie
1628 3086 2672 3320 fuß dem kindt, nicht wüßend ob es
1634 3172 2797 3395 Lebend oder todt, einen stoß gegeben und
1641 3225 2789 3501 selbiges in den worblen bach hinmnter ge
1627 3343 1983 3482 stüezt habe.
2420 3492 2698 3614 Wie nun
