4032 3024
392 518 1462 676 e die ehefrl habe zum zeiten ganz verrukte sinmen
408 635 1453 747 gehabt, deßentwegen Sie ja in die Spinstuben ge¬
421 700 1464 820 rahten, allso er nicht länger als etwan ein jahr
412 784 1458 900 lang bey Ihra wohnen können, dennoch habe Er Sie
411 864 1483 1006 nicht übel tractiert und niemahls geschlagen wohl
400 958 1469 1080 habe er die tochter wegen ihres angehorsamms und
418 1029 1019 1147 Eygensinnigkeit geprügelt.
400 1097 1478 1236 e. Wie viel mittel seine ehefrauw gehabt und wo
409 1192 1009 1310 er darmit hinkommen seye.
400 1279 1460 1397 et. sie habe in allem bey 4500 lb gehabt und solche
413 1341 1442 1477 mit dem kindtteillen müßen, seiner fr an-
406 1427 1445 1564 Wteill Liege annoch hinder E. E. Gesellschafft zum
397 1497 578 1594 Leulden
387 1553 1320 1714 e. an welchen orten er weiters gedient habe.
399 1674 1457 1792 h. nachwerts habe er under schulenburg Regi
400 1755 1437 1867 iment 2 jahr lang als corporal in Alerandria
406 1825 1435 1955 gedienet, von dannen er außgerißen, weilen er
405 1902 1453 2034 in erfahrung gebracht, daß sein weib ihne wollen
400 1992 1446 2100 verrüeffen laßen, Hernach seye er nach bern und
399 2072 1438 2191 auch gleich wie vorhin allezeit zum vatter kommen
412 2143 1436 2256 und darauff hin ein diaticum von 12 tha von
379 2223 1428 2337 Mughl erhalten in folen sich begeben, allwo er
401 2288 1442 2424 2 jahr lang bey daselbstigem moncovitischen geg
408 2374 1447 2506 handten in dem camps bey Muhlberg dienst ge-
400 2458 1422 2580 enommen und biß zu seiner abreyß 2 jahr lang
407 2528 1428 2667 under der jahrlichen besoldung von 24 Rubels.
398 2608 1455 2721 neben doppleter mondur als diener gedient und
398 2678 1196 2803 sein abscheyd darvon in handen habe
1254 2693 1466 2812 und weilen
407 2759 1442 2883 er keine weitere condition seinden können, ohnge
406 2831 1416 2955 nacht er sich in Polen, Brandenburg, Sapen und
394 2903 1433 3047 anderen orten angemeldet, so seye er vor etwan
396 3005 1445 3122 einem Jahr widerumb allhero komen, und seikhero
388 3053 1160 3170 Allezeit bey seinem Vatter geblieben
374 3119 1433 3278 e. we er sich gegen seinen elteren auffgeführt habe.
378 3185 1402 3351 h zum zeiten wohl zu anderen zeiten übel, der
398 3279 1393 3419 Vatter seye ein alter zornmühtiger Manz, welcher
1217 3435 1373 3510 offers
2573 474 2667 549 149
1612 543 2643 690 offers so unleidig und verdrießlich, daß bald nie
1598 632 2668 759 mand könne umb ihne herseyn. Er Jacob für seine
1595 712 2665 843 persohn habe, aey der auch einen bösen hitzigen kopff.
1579 783 2671 934 z. ob er nicht offters in vorigen zeiten wieder und zu
1598 870 2655 1018 seinem vatter böse und schandliche wort außgegoßen
1598 967 1728 1068 habe?
1590 1052 1775 1148 K: Nein.
1583 1110 2688 1250 I. was er vorgestert abends für Lermen angestellt
1589 1206 2692 1324 . Er habe dem müller Hosmann einen lechen drieff
1597 1288 2665 1417 geschrieben und selbigen ganzen tag mit ihme ge
1599 1358 2617 1509 truncken, so daß er s h voll gewesen wie ein
1593 1456 2654 1596 Schwein. als er nach hauß kommen, fande er dem
1587 1551 2662 1667 Läuffer Brugger daheym an, der einen trunckn
1592 1633 2701 1759 holen laßen, deme Er ein Ihme von dem Vatter Ver¬
1606 1712 2688 1830 gsprochenes gens, Köpfflin mit einem hauw meßer
1616 1803 2625 1915 von der wand abgemacht und zugestellt habe
1582 1877 2704 2001 In deme kame der Vatter mit dem Bruder Niclans
1600 1966 2709 2084 auch nach hauß, Da ward ihme Jacob von dem
1593 2045 2734 2166 Niclaus vorgehalten, er habe das Köpfflin verderbet,
1613 2118 2725 2232 deßentwegen sie in ein gezanck gerahten, Da habe sich
1613 2189 2625 2321 der Vatter auch wieder Ihne Jacob inter essiert.
1594 2271 2736 2398 e: ob er nicht zu seinem vatter gesprochen, er habe nichts
1607 2346 2752 2469 nach ihrem Unloesen zufragen, als selbiger Sie beyde
1618 2414 2737 2548 von ihrem gezanck abgemahnt und gesagt, was diß
1597 2484 2269 2610 für ein Lumpenwerck seye.
1594 2585 2725 2692 R Nein er Jacob nicht, sonder die muter habe ihme dem
1619 2655 2728 2786 vatter bedeütet, er heyge mit darnach zu fragen, wohl
1600 2740 2653 2859 habe er dem vatter gesagt, er solle sich nicht in ihrem
1605 2813 1912 2923 handel mischen.
1594 2880 2693 3026 : Ob er nicht zum Vatter gesagt, Er solle Ihme s. h.
1612 2959 2116 3077 den hobel außblasen?
1604 3032 2707 3148 R. er versinne sich nicht, er könne nicht glauben
1616 3106 2674 3230 daß er in solche wort werde außgebrochen seyn.
1593 3168 2688 3310 B: Ob nicht über diese im verschamte Red-hin der
1625 3261 2711 3390 Vatter Ihme einen stoß ins angesicht geben und Ihne
1625 3320 2115 3426 inetwas versehet habe.
2347 3389 2623 3524 R: Er ver¬
