4032 3024
482 322 1492 549 (wiesie namlich solche, die ober
506 436 1507 629 erzehlet großenbahret) zuent¬
486 508 1531 705 schuldigen getrachtet, vorgeben
473 577 1502 774 daß sie von demselben hart bei
471 660 1033 783 wröhlet worden.
440 745 1487 955 zuver ihre behülftlich gewesen.
488 849 1471 1015 dieBaūser anzusteren, sie seÿe
495 932 1505 1095 In hiebevor Zū Gūnterschiedlich
484 1011 1513 1173 mahlen dieser that geständig gewesen
481 1092 1480 1274 ob sie dan solche nicht annoch ge¬
475 1158 933 1313 stehen mūße:
402 1268 1456 1418 E. Sie wolle nüt Zūvūbgehen Si¬
485 1355 1467 1499 gebe niemandtschuldig, sie wollen
478 1427 1466 1583 lieber leiden und alles entragen:
468 1517 1421 1664 sie könne nicht zurnkgehen, was
462 1612 1471 1761 geschrieben sey, eine gnädige ober
481 1678 1445 1832 keit möge also mit ihre machen
461 1764 1458 1897 und vornehmen nach ihrem belieben
441 1847 1444 1987 Gott wede sie nicht verlaßen
381 1965 1417 2109 A Sie gestehe und bestätige hiemit
476 2069 1407 2177 nach dißmahlen, daß die be
468 2137 1483 2268 gangene anstekung der 3 Haußern
452 2203 1437 2357 ihre herzlich leid seÿe, mnd Ihn
449 2296 1473 2443 Hoche Oberkeit umb eine gnädige
458 2399 1046 2537 Vhrtheil aūflehe.
483 2496 1423 2646 hat nechst vorstehende Antwort
347 2519 470 2678 A
442 2571 1438 2737 dahin widerhohlet, daß Sie nicht
452 2639 1454 2812 widersprechen könne was geschriben
445 2750 1411 2885 und Ihre vorgelesen worden
433 2832 1363 2956 Gätte den Liebn Gottumb gnad
437 2887 1396 3054 und vergebung und sie hoche
443 2965 1480 3142 oberkeit umb eine milte uhrtheill
449 3088 1091 3239 acter utsupras
2741 391 2841 488 91
1833 398 2466 570 Priminal. Wrhidl.
1724 522 2621 728 wieder Elsbell Mloser.
1694 702 2834 893 N33 R Gehultth uß kern mitt
1718 839 2814 971 Goße Rätfer der statt odt vrlundtendt
1726 916 2828 1076 hirmit. Demnach uns vreüdrigen winters
1725 1023 2830 1187 die traubrige nazricht umgelaßen, Wie daß sel
1713 1120 2780 1271 biger zit zu Kopsingen ants Fermißurg dori
1721 1222 2794 1343 baubrs hauser und vieberhand Haab und gutt zu
1724 1279 2824 1440 ungleichen zeiten turtz nach einnander durchs feüter
1700 1381 2812 1530 zu Grundt gegangen, Da nach allen umbständ ein
1719 1478 2833 1624 dieser klägliche Ungluckt, fälle einer vorsezlichen
1714 1561 2838 1709 anstekung beigemeßen worden, endtlich aber anb
1715 1644 2800 1779 gehaltene gmnante Nachsuhung der verdals
1708 1737 2835 1868 solcher schreklichen untaht auß diese gegenwartig
1718 1821 2812 1959 allsind von recht stehende weibs person ntamens
1698 1895 2789 2049 Flsbetz mopes der Bradicht Stampflis
1711 1981 2827 2144 von Kopsingen wegen dera ehebruch seithero abgescheie
1699 2079 2833 2208 eone ehefrant von etwann 4 0 jahren altrat gelegt,
1703 2174 2819 2304 Sie darüber deßenfwegen zu Barberg und Friembo
1681 2257 2841 2399 brag gefanglich eingestzt und volgendd in alliesigen
1692 2326 2298 2477 verhafftgebracht worden
2341 2359 2815 2487 Allwo diesere Elsbeth
1677 2400 2792 2593 sloser dann in denn mit ihra guetlich shnt
1697 2489 2819 2633 unwandung eincher marter verrichteten caamini
1678 2573 2815 2737 und über anhogtne verüebten Mord brandt nachbe
1687 2657 2392 2813 schrieben bekannnuß getahn hat
1689 2739 2827 2959 andblichen, Erstlich seie sie an des bin¬
1672 2843 2814 3036 Nicht gweigd eines nachbars Hauß Wegen eineslie,
1666 2947 2812 3123 der diese leuth getragenen wrollend etc gerehten, habe
1688 3061 2792 3203 an einem morgen frühe kentar darei getragen und
1690 3113 2773 3299 also selbiges in brandt gestekt, wordurch das ganze
1683 3190 2752 3373 hauß und ewolches klein Urich zu grundt gerühret
1684 3256 1882 3361 worden.
2541 3341 2733 3461 ftraug
