4032 3024
424 417 1572 644 Ehrberheit bekenntlich worden von disem Sammel Ehr¬
463 548 1563 718 and einmahl eine ganze nacht beschlagfen worden
471 651 1568 790 zu ferren, hiemit dieser mit müter und tachter
478 730 1569 881 rächtliche gemeinschafft gehabt und dant uoch eine beit
454 819 1052 944 schand verbracht zu haben.
1051 851 1146 906 g
1161 836 1549 965 Ist au ihr ge
460 920 1546 1055 befelch durch mlachl un rachtsherr jenner als
467 1003 1522 1101 verordnetem caaminatoren Wie auch elwohen
464 1071 1528 1201 Großweybel und grichtschreiberin erd darüber
463 1145 1535 1295 zu Redgestoßen und also volgendes caamen
460 1244 1153 1376 mit ihme verführt worden.
464 1363 1499 1503 befragt. Er habe vormahlt bekrmnt hinmahl eine
466 1448 1514 1602 gantze klacht bey Catharina Stump  seines gebe
457 1544 1502 1641 sennen Uleyen soers tochterd in dem bott gelegen zu
460 1634 1491 1758 seyn, oo er nicht auch mit ihro eben so wol als
464 1698 1476 1813 mit ihrer wluter leibs gemeinschafft gehabt habe.
449 1791 1492 1927 antwort. Anfänglich sagte frd, daß sar er
452 1860 1504 2000 verschienenen herbses zur zeit anterierant zu ber
445 1943 1505 2067 tochter ins bott sich begeben, mit ihro geschwazt, sie
448 2011 1492 2149 gewiltet und biß am morgen (jedach ganz ange-
441 2094 1481 2214 keidet) eeben iihro geschlaffen habe. Auch
441 2163 1484 2304 daß albereit zword er offtmahls mit der muter
435 2212 1503 2390 fleishliche gemeinschafft getrirben habt, Es lang,
423 2299 1497 2468 sirte aber hefftig, daß er auch mit der tochter sich in
425 2392 1519 2538 so wit vergißen und mit ihre zu schabeng gehabt habe.
428 2484 1516 2635 Nach vielm starcen caliortationen und vorstellungen
445 2556 1510 2730 eerlcher umbstanden, sonderheitlich, daß die tachte
428 2672 1484 2819 selbsten angezeigt und gestanden von ihme eine
445 2724 1474 2885 ganze nacht beschlaffen worden zu seyn etc. Ist er
422 2788 1495 2969 lehrwand in bitterlicher weynen gerchten und nach
431 2901 1488 3058 kräfftigen anmahnen zu Runder bekannt auß der
413 2976 1501 3125 wahrhit zu Lest bekanntlich worden. Daß
428 3056 1501 3212 alt wie gemellt, er die nacht über mit der tochter
432 3141 1468 3291 zugebracht, habe sr mit derselben zuschafben und
432 3212 1473 3387 ein einzig mahl tächtliche aubs gmeinschafft
1233 3282 1407 3423 gehabte
2726 487 2804 581 81
1757 554 2809 716 gehabt, dannach nicht, daß sie darban hatt scpwanger
1774 652 2808 769 werden konmen, sondern als er bey sich verspuhet
1766 726 2773 866 und einelunden habe, daß die sach fehlen möchte,
1757 824 2803 953 habe er sich von ihre hinveggzegen, also daß sy
1762 888 2764 1024 sich nicht weiters vermüshet und es nit so weit
1755 974 2769 1104 kommen, als es mit der muter beüder beschehen.
1748 1051 2785 1196 Diesers aller aber seye ihne von herzen wyd, er
1751 1133 2797 1278 bätte dem lieben gott und eine hehe oberkeit umb
1739 1237 2230 1359 gnnd und Voerzeigung
1741 1322 2800 1473 . ob er nicht nach hernach Mehrmalnn solches mit
1740 1420 2348 1553 der tachlio getriben habe.
1728 1509 2594 1648 go Nann süthero Niemahls mlehr.
1724 1598 2782 1735 a: ob er auch nachwerte getrachtet und gesucht habe
1741 1694 2414 1822 die Tachster nach slchen zu Kallen
1719 1767 2814 1921 e: Er habe Sie wol darumb angerodt, sie solle ihne
1741 1851 2820 1983 kommen laßßen, Sie aber verdentet alllorgen, er wurde
2223 1942 2794 2041 Auch einwahl habe Er in Ihr
1724 1942 2115 2057 sie mit schatzen.
1741 1991 2805 2121 gemnach hinein gehen wollen, Sie aber habe ihme die
1743 2078 2791 2199 juhr verschloßen und also ihne nicht herrin laßen
1738 2150 1891 2241 wollen
1708 2206 2757 2364 h ob die tachter wüßenschafft gehabt, daß er mit
1723 2304 2336 2415 ihre muter zu Schaffen abe
1714 2369 2811 2500 e. er vermeine sie habe es nit getrnßt, dann sie ihme
1725 2443 2744 2584 darvog nichts dergleichen gelohn, Wdar die mutend
1721 2541 2324 2666 müeße es ihra gesagt haben.
1707 2606 2744 2756 Ob er nicht nach nachwerts mit der wluter nach
1730 2698 2807 2836 etliche erlahl zukuhng gehabt, r sich also versundiget haben
1711 2762 2776 2890 R. Ja, Ers habe Nachtrrts mit der Muter noch
1740 2830 2788 2980 etliche nahl zutuhn gehabt, Sie hab ihne derzu an
1716 2940 2211 3039 getrieben und verführt.
1709 2978 2751 3145 e ob die muter gewust, daß er auch ihre tochter
1727 3085 2046 3197 beschlaffen habe.
2299 3122 2775 3246 Er habe eimmahlen Ihre
1698 3127 2291 3284 e. das seye ihme nit bekant.
1716 3213 2694 3346 darvon nichts Gemoldet. Act. 20 Marty 1731
