4032 3024
274 739 387 829 e
410 452 1536 697 Ceulors, brunsten beyder vder Ersangelisch, Re
452 558 1483 755 pormierte, Lutterische und Stömisch Cathro¬
439 643 1536 834 kirchen stätt und flecken fältschlich vorgegeben
732 745 1530 880 Alus aucf Unege angiezeyst unghae
460 747 1542 949 und darmit viele Mitleidenliche Standt, demein
447 843 1530 1027 den, und Particular, Persohnen Schandtlich betre¬
437 941 1521 1106 gen und umb das ihrige gebracht und anderen
424 1030 1520 1216 rechtmeßig Nohtdürfftige deßen beraubet, wie
437 1131 1498 1300 Selbsten und emche unherer Lieben angehöriger
449 1241 1513 1393 in allgemeiner Ruhe und landts-sicherheit
429 1328 1504 1472 mächtig beünrühiget und zerstöret worden.
438 1432 1529 1571 anderseits dann auch wir uns deß zu abstraffen
423 1521 1499 1684 solcher und dergleichen frefelhafften betriegeregen
439 1605 1502 1755 und Übel tahten von Gott dem Allerhöchsten
422 1689 1501 1853 Regenten uus anvertraucten hochoberkeit,
434 1819 1487 1938 rlichen ambts und daran hangender pflichten
421 1892 1486 2020 erinneret: Als habend wir darauff
437 2006 1480 2106 hin bey underen eyden zu recht erkennt und
431 2084 1484 2207 gesprochen: daß vor allen dingen dieser
424 2164 1449 2293 beyder Delinquenten Frantz rtockhamer
431 2261 1500 2381 und Wilhelm Hirschberger ihre theüre see
432 2326 1488 2461 len in die handt ihres erlösers und seelig
429 2426 1468 2552 machers anbefohlen, ihre leiber dann zu
429 2502 1488 2651 wohl verdienter jedoch gnädiger straaff dem
415 2596 1474 2741 Scharpff-richter Über geben durch selbigen
426 2677 1488 2822 gebunden, unden aus auf die gewohnte richt,
420 2756 1452 2928 statt geführt, daselbsten zum exempel und
421 2859 1452 3009 Schrecken aller solcher und anderer übet
427 2941 1477 3093 stöhteren mit dem strang vom leben zum
404 3021 1474 3191 todt hingerichtet werden und biß auf unser vo
420 3121 1426 3266 aner verordnung an dem hochgericht hangen bleiben
414 3207 590 3309 sollind
420 3379 1439 3537 Actum coram 200 den 29t Septembris
881 3485 1427 3594 caequiert und obiger maßen an
411 3527 615 3614 1732
625 3537 1419 3681 Der keruzgaß verlesen de 30tn dito
2693 501 2767 603 119.
1665 583 2738 755 habend norghl uund oberen rächt und bürgere
1708 708 2724 832 hegit Morgens bey dero gehaltener versammlung der
1716 795 2760 901 beyder dahier in oberkeitlichem verhafft sizender weig
1714 858 2738 997 uberen namens Sabina Ullmeyerin von Littz und
1714 932 2720 1047 Dorothea Elisabetha Unfriedin von Mannsfelden
1699 1022 2706 1145 gethane bekanntnuß und vergichten wörtlich vor
1700 1090 2752 1228 ihnen ablesen laßen und nachryfflicher oberlegung
1696 1184 2766 1299 zu recht befunden, darüber geneteillet und erkennt.
1699 1277 2754 1387 daß diesere beyde weyber eine lange zeit mit ihren
1700 1336 2746 1453 Manneren Frantz Stockhammer und Wilhelm Hirsch
1703 1425 2779 1548 oberger herumb geloffen von denen ertichteten brand
1690 1499 2715 1618 steücor, brieffen und faltschen siegeln völlige
1711 1578 2760 1710 wüßenschafft gehabt, einiche derselben schreiben un
1709 1668 2760 1792 mit denen faltschen siegeln betrucken gesehen und
1706 1749 2759 1880 von sothanen betrieglich geforderet und eingeganen.
1707 1827 2765 1956 genen steüleren seit etwelchen jahren anteill und
1702 1911 2738 2040 dero underhalt genooß und allso in diesen
1687 1999 2783 2124 schandlichen betrug vielfaltig participiert haben.
1691 2089 2768 2189 derowegen dann selbige zu wohlverdienter straff
1697 2147 2754 2271 an einanderen gebunden zu dem hochgerichtumb
1691 2226 2752 2346 der hinrichtung ihrer manneren zuzusehen hin-
1687 2295 2762 2421 außgeführt, nachwerts widerumb in die statt
1693 2374 2775 2500 gebracht und an gewohnten orten durch den schappf
1697 2447 2748 2577 richter wacker mit ruhten gestrichen und ge-
1694 2527 2745 2652 brandzeichnet, volgends für die übrige zeit ihres
1678 2604 2756 2757 lebens in die Criminal spinnstuben eingeschloßen
1693 2707 2714 2820 und wacker zur arbeit angehalten werden
1682 2779 2735 2917 soollind. Actum coram 200 zinnstags den 30t
1692 2851 1953 2945 septembris 1732
1680 2949 2704 3111 zedul anherrn großwybel und herr grichtschreiber
1690 3067 2741 3176 werden deßen benachrichtiget und angesonnen das einte
1693 3128 2709 3241 und das andere an ihnen excequieren und sie nach-
1690 3194 2603 3304 werts nach dem spinn hauß führen zu laßen.
1658 3236 2666 3385 zedul an mehulhe deß spittahls Directorii.
1690 3342 2700 3484 deßen auch benachrichtiget und angesonnen, umb
2475 3472 2669 3567 gedachte
