4032 3024
369 381 439 498 12
760 376 1143 535 1 Camin
578 496 1272 647 Mit Culharinn Stämpfli
538 574 1441 746 von Kopfingen amts Faieinsberg gebürtig
541 676 1273 802 von ohngefehr 19 jahren alters
450 753 1539 935 Brnnartz Sphr Jal Belicbet hat, diesere Catherina
466 887 1534 1024 Stampfli wegen zu Heinishferg byjahrter maßen
472 964 1547 1071 begangener leibs gemeinschafft mit samuel Terwad
454 1038 1529 1186 (. Der sich auch mit Elrbath Mlafer dieser Catri Stänpfli
457 1105 1547 1257 muter im gleicher sund vertrabet) uur confrontation
476 1188 1553 1318 mit diesem lerl gewahrsamlich allhero in verhafft bringen
472 1271 1541 1420 zlaßen, Hat uß hochfacht geleghen zufelg
456 1368 1541 1502 Nhochgefhrter hrrr Rahstsherr Jenner als auch hie
476 1450 1511 1572 zu Verordntr cacaminator mitzutuhn ihro
457 1534 1510 1671 I Dieneren 1ethl Groß weybel Lurhers
466 1613 1523 1742 und grichtschreibern sich anfr endtstehendem dato
460 1675 1516 1808 in die gefangenschafft begeben und anfangs diesere
454 1762 1501 1896 Stampfli volgnuds den lehrwand separatim
451 1842 1508 1965 eocaminiert, nachstarrts auch beide gegen einanderen
448 1917 1231 2053 confrontiert, wie hernach volget.
1162 2030 1218 2087 it
459 2017 1500 2159 befragt. Es habe zu Bredorf und Crienisberg be
445 2107 1478 2236 rnns, daß Sannel Tertraut einmahl eine gntze
454 2184 1498 2304 nacht bey ihme im bott übernacht gelegen, ob es nit
451 2260 799 2363 deme also seye.
420 2325 604 2455 B. In
436 2425 1234 2562 H. zu welcher zit solches besehen sange.
428 2511 1487 2646 R Es könne nit sagen, wann diß beschehen, noch
443 2586 978 2716 Wie Lang es seitherd stege
422 2684 1514 2816 e. so er nit fleischliche leibs gemeinschafft mit ihre
442 2750 727 2865 getrieben habe.
429 2833 603 2964 B. Ge
413 2892 1468 3045 e. Wie Nanches mahl er solches mit ihro getriben.
430 2999 985 3142 E sud im eintig wah.
433 3110 1482 3222 e. In wieweiten sie dießere untaht mit einnanderen
445 3171 1475 3305 verbracht habind Ob si Stämpfli darvon mihr
430 3242 1325 3369 empfangnuß oder empfindung bekommen habe.
1240 3316 1421 3418 A. 16in
2722 470 2809 575 63
1760 511 2701 660 1li, Sie habe seine frfindung bekonmen.
1755 600 2778 750 h ob der weol eine lang zut also bey ihre sich be
1752 686 2053 815 funden habe.
1745 763 2785 913 s lein nicht lang, Sonder er habe sich allbald
1758 860 2252 972 von ihre weggezogen
1731 912 2800 1060 A. ob sie oder er verhinderet habe, daß es nicht weie
1746 1004 2500 1143 ort in veruebung dieser taht komnen
1743 1094 2699 1241 Re: Sie habe es elln so werung begehrt als erd
1735 1205 2797 1345 z. unß was ursach und anlaß sie sich also zu solcher
1757 1298 2381 1424 unt als habe verführen laßen.
1730 1336 2780 1494 e. der eehrkandt habe sin also beredt und einge
1744 1467 1883 1577 führt
1719 1503 2790 1678 h. ob sie getauß habe, daß dieser lehrwand in soge
1731 1625 2656 1750 nauber bekanntschafft mit ihres mutar gewßen
1729 1695 2537 1816 nein. Die habe es nit getnst.
1724 1768 2825 1917 B. Ob er nit schon vorher auch bey ihro übernacht geleren
1727 1858 2802 1999 B ja allein dazumahl habe er nichts mit ihre zu
1736 1937 2080 2061 schufen gehabt
1708 2021 2514 2165 z ob er völlig abgezogen gelsen?
1720 2105 2782 2236 ap Nein er habe das frst und woryste gelahl
1732 2188 2504 2326 anach Hosen und Wannesch angehabt
1713 2272 2812 2399 a. ob er nicht nachtaerts annoch bey ihro geschlaßfen habe.
1714 2359 2824 2496 e. Er habe soar hernach auch wollen zu ihre zu Liltkennen
1721 2449 2639 2562 Sie aberd habe die gemach juhren verschloßen
1708 2521 2803 2695 Nach diesem ward hervor gelaßßen Samnel Lorward
1569 2654 2794 2783 Separatim befragt. Ob erd noch allezeit sagen dorfa daß
1726 2718 2800 2851 er in vernebung der untaht mit Catharina Stämpli
1738 2803 2650 2931 nicht weiters kommen, als er vormals angeben.
1709 2879 2776 3019 N. ja. er glaube, das mlensch werde auch nichts
1722 2949 2129 3069 anders sagen komen.
1717 3023 2758 3151 e. Ob er dann diese taht nicht vollkommen vollendet
1737 3098 1835 3179 habe.
1710 3158 1923 3264 Nain
2446 3252 2713 3382 A. O6 Sie
