4032 3024
401 496 1442 706 2. Sehand sich ein Liecker seits an dem halß
416 611 1436 750 ein in dirca finger tieffer stich, durch welchen dan
398 672 1447 839 zum gehien hinauff steigende sulß-aderen der
396 748 1461 907 gestallten zerschnitten worden, daß eine plözliche
398 822 1468 990 außlahrung deß geblüets erfolgen, mithin all
385 926 1409 1065 sunctiones Vitales und animales auffhoren
391 994 1473 1122 noht folglich das leben so geschwind außlöschen müßen.
373 1085 1453 1217 Welcher traurige Caruis verloichenen Freitag abends
396 1158 1110 1266 nach 7 uhr sich zugetragen hatte.
342 1240 1155 1354 Datum den 3.n decembrio 16736
551 1327 931 1469 Anderschrieben
942 1405 1465 1575 Sheberting opt
867 1535 1463 1662 Joh. Frantz König Chiper
304 1743 1436 1891 Anno 1736 den 30ten ovembris abendszwichen
374 1840 1432 1964 und 8 uhren wurde Magdalena Vogt von
334 1910 1457 2042 Sigrißwyl ihres alters nahe bey 50 jahren mit
362 2001 1452 2121 Nachfolgenden considerablen wunden teills deß
343 2094 1416 2196 haubts teills dann an den übrigen teillen deß
346 2166 1439 2272 leibs gleichsamm wie in lezten zugen liegende
361 2245 1101 2357 in ihro gil jnnsul gebracht.
320 2324 1451 2466 erstlich eine zimblich große wunden an dem fleinen
364 2418 1426 2538 Zangen winfel deß rechten anges so zimlich
361 2498 1114 2608 tieff und friangulaere gewesen.
340 2570 1428 2683 BB. auch eine zimlich große Portion von Ihrem
358 2640 1441 2765 musculo temperali laceriert und übriger Eir-
370 2715 652 2799 cumferentus.
334 2778 1458 2928 Hr. Linferseits deß halses eine andere wunden vele
361 2889 1440 3002 sche ebenfahls tieff und quadrat bey welcher
383 2951 1462 3087 im Considerabler Ramus von der vena Jugu-
368 3026 1448 3156 lari eocterna entzwey ware, auch die Pulda
355 3108 1459 3224 tion der arteria zimmlich manifest zusehen ge¬
372 3160 524 3249 Consen
364 3223 1469 3369 3. Eine congitudinal, wunden nache bey der sutura
377 3288 893 3412 Sapitali ossis occipitio.
1136 3388 1342 3498 4 Eine
2589 482 2672 544 211.
1591 486 2671 669 I ihme eben dergleichen wunden an dem ohol
1711 600 2137 719 Doccipite selbsten
1594 667 2650 778 5. Eine conviderable verwündung der rechten
1612 749 2569 860 hand zwüschen dem langen und ohrfinger
1609 823 2682 951 6zwey andere verwundungen an eben bemelter
1594 940 1760 1027 hand.
1607 993 1772 1117 Humo,
1673 1012 2683 1130 Underschieliche contusiones so wohl deßrech-
1617 1080 2498 1196 iten als aber auch deß Linten arms.
2106 1191 2697 1319 Johann Wyß Statt d hipicus.
1745 1153 2000 1338 Sgrit
2175 1275 2695 1366 protempore ordinarius
2095 1331 2528 1450 Riclans Bernier
2193 1407 2651 1511 Innsul chrurgus.
1608 1623 2682 1759 Hochgeachte p. Gnädige herren.
1925 1794 2044 1902 6
1590 1818 2737 1970 Als den 209. m 36 etwas über 7 uhren
1629 1928 2679 2036 abends die Magdalena Vogt von Sigrißwyl
1624 1999 2734 2115 in ihro gn jnnsul angelangt, ware selbige
1633 2068 2692 2175 so schwach von vielem verblüeten, daß sielör
1622 2151 2735 2260 todt außgesehen, auch nach demme sie von hern Ci
1624 2220 2727 2329 jrurgo Weriner verbunden in etliche ohnmachten
1619 2313 2726 2417 gefallen, hat auch nach gegebenen hilffs-mitlen
1635 2393 2750 2511 etliche mahl blutt d n erbrochen und gespeyet,
1615 2470 2749 2579 samt einer hefftigen Inflamation im halswegen
1624 2533 2723 2647 der großen hals-wunden, also daß sie nicht
1615 2607 2701 2732 hat Schluken können; Ist aber Gott seye danck
1619 2699 2525 2805 gezund beßer, doch nit außer gefahr
1624 2766 2723 2881 Was aber die underschiedlichen wunden betrifft
1591 2835 2695 2937 Sint selbige accuratissime von h Wernier
1630 2909 2638 3028 beschrieben worden, bekräftige hiemit sein
1636 2990 2714 3114 gemachten rappiort als gegenwertiger gezeug
1636 3069 2107 3175 bey der Verbindung
1609 3139 2688 3270 Diß ist allso der bericht, den ich wegen dieser
1626 3246 2715 3336 Magdalena Vogt aus mundlichem befelch mohhen
2325 3315 2676 3420 Großweibel
