4032 3024
739 496 1557 683 Drtauhnnß und drtgige
547 626 1507 820 Di Hans Guttz Ghnin
916 785 1443 921 Genamt Schwarz bekk.
499 913 1522 1084 Dachdeper von siten leben v Magiotrals z
545 1032 1501 1160 Aler vor etwaß zeits der bericht an velegen.
555 1104 1504 1257 eingelanget, wie daß alldorten ein werl sich
529 1178 1519 1326 Hanns Gsorg Schwird nemend als ein gautz dis
538 1269 1520 1403 samt deßßen weib angehalten worden und selbig
529 1341 1534 1486 ger für den berüchteten frtz Janner Schwartz beil
538 1420 1518 1569 genannt, hienit als ein mlittahter das den 31en juli
527 1492 1533 1650 M 28 zu Brengen im pfarr hauß verüebten läche
533 1590 1486 1706 lichen binbe ncht und Nahmhaffen Raubs, auch
542 1638 1505 1785 der hierbey vorgegangener parten grausemkeiten
541 1721 849 1832 gehalten werde.
975 1743 1519 1870 Habend hier auff Prrgal
542 1804 1486 1927 eine beschreibung beidaf seiner bprosen und seines
527 1881 1510 1987 weibs, wie auch von gedachter verbrachten großen
530 1947 1511 2063 Übeltaht dortenting verstandt und auff vernemmen.
542 2018 1505 2149 daß diesere description mit der würcklichen fr
520 2100 1520 2225 schaffenheit besagten gestinds ziemlich conforma
530 2160 1510 2290 mit zuluhn loben  st andrr Zürich daeßelbige vor
521 2238 1497 2361 dem Lobl t Ulmischen magistrat reclamieren
529 2306 1519 2441 und abfonderen, auch aufs erfolgete Vorabfolgung
533 2383 1477 2507 von daselbsten auß gewahrsamlich biß allhero in
533 2467 1480 2581 hoch oberkeiten verhafft bringen laßen. allwo
536 2547 1473 2665 dieser Hans Georg Somid beides durch den hochge
512 2617 1486 2733 anstern etc slüchhen da rahtsheoren und alt salt
508 2692 1492 2829 Dinctoren Thormann als hierzu verordnete
520 2768 1485 2899 herr reaaminator mit zutuchen vbgsolen  Groß,
518 2844 1500 2963 Weibel Lupffers und grichtschreibern wschiße
512 2920 1461 3036 lis zu zehen und erschiedlichen erlahlen, als
525 2987 1471 3100 de 16 20, 28, und 30t Xembris 1730 d 16
522 3060 1465 3180 27. 19 Januarii, d. 8 und 10 februarii.
525 3145 1501 3264 dieser 1 m jahrt, nicht allein sietlich und frnst
506 3199 1503 3333 wörtig, sonder auch sfeinlich mit antrendung der
1202 3328 1360 3423 Stran
2733 470 2815 543 65
1823 530 2770 678 Der strecki und anlankung biß unß 169 lb.
1818 618 2826 803 getrichft augh einer und er seine fürß gestlfen butrauhe
1796 688 2790 861 frotte mit haller glüt, rachtorts mit ansezung
1821 763 2804 898 Iat so genannten spannischen s tiefels an weide keine
1831 845 2784 987 und zuletst durchen einpfannung in die so benamstete
1814 924 2781 1057 gegne oder klipstin examiniert und quaoti
1804 995 2793 1120 oniert, endtlich dann also nachbeseibee bekannt.
1817 1065 2801 1212 auß und vergicht von ihm erhalten worden ist.
1804 1219 2759 1381 . erstlich seye er ohngefehr bey 29 jahren.
1826 1295 2802 1458 alters von Landaut in währender brlagrung
1810 1384 2743 1499 gebohren, deßen vatter ein marquetenten in
1817 1457 2789 1571 Holländischen diensten anß bayreüt und die erluter
1819 1539 2814 1665 uuß sapen gewosen, beide aber Langstens ver
1798 1614 2827 1713 st orben und hernach von einer baaßen zu Mlannheim
1811 1674 2821 1778 in der kuthwischen Retiaiord und bey den krauweyen
1813 1751 2826 1862 auferzogen und glehrd nicht als zum festen amf
1799 1816 2269 1909 anderwießen worden.
1805 1896 2813 2065 2. Vor abann 44 jahren steye erd mit secitian
1803 2007 2805 2142 Stillin anse böhein in bekantschafft geregten und
1801 2072 2760 2233 in Wbannzeymb in der Rönisch lathol kirchen
1779 2141 2772 2288 copulieret worden, seithero dann mit ihro teills
1793 2221 2794 2361 mit etwas waaren, wills aberd sonsten hier und
1792 2289 2808 2420 dorten herumb gezogen, Da er dann mit verde
1789 2355 2785 2500 schiedenen böß wichtenn bekunthafft gemacht und sin
1793 2422 2775 2562 mit etwann deee jahren daher zu allerzand diebs
1805 2490 2772 2622 tucken und andoren bosen zahlen verleiten laßen
1732 2552 2778 2717 s. Die ihne mit dem zu oder spitz slamen schwachen
1786 2611 2446 2775 bede und stierlin bekittelt.
1779 2675 2076 2803 Da Namblich
1797 2801 2808 2957 3. Er schwartz bedt, wie auch der rohle krauw
1792 2869 2787 3027 der Lronhardt, der Zacharias der Mellinger Ja
1781 2946 2750 3096 100b der Geigen, Hanes F: welche 5 allesamb nun
1795 3001 2761 3160 abgetahn wie auch einer namens simonn so seyen
1800 3105 2778 3224 zu Wirchs in Johannes Gut Hausers wihrts hauß zu
1787 3175 2789 3301 sangen kommen und von dar nachts nach Weiterdingen
1782 3240 2804 3372 im hegöuw hingegangen, daßelbsten in deß bbrovogt
2461 3320 2763 3440 Leutsch bauderen
