4032 3024
353 491 1418 657 Den 10t. decembris ward er auff befragen
344 603 1453 756 ekanntlich,. er habe seit einer geraumen zeit
410 647 1464 779 mit Barbara Stauffer einer naherin bekannt
382 727 1435 886 sschafft gemacht und Leibs gemeinschafft getrieben
380 810 1452 934 ihra seit mertzen oder appill letsthin die schwan
400 901 1431 1040 gerschafft verursachet, sie dann umb in gehene
378 960 1434 1084 kind betthen zu laßen vor etwann sechs wuchen
395 1030 1439 1147 nach herznacht ins fricktohl verschikt, allwo
382 1107 1453 1227 er selbige durch hilff und correspondentz deß
371 1172 1397 1298 daselbstigen priesters verkostgeltet habe.
358 1272 886 1372 Actum ut Supra
368 1543 1388 1702 Auffgenomene Information.
342 1778 1431 1919 Harnethin sint ans meyhl befelch die beyde
280 1860 1425 1994 Dannach bey leben sich befindende persohnen durch
334 1933 1401 2053 Melohern großweibel und grichtschreiber in
336 2001 1454 2137 ihrem klagenden bericht angehört und vernommen
352 2073 539 2170 worden.
338 2152 1454 2304 Namenten 1 jungfrl Anna Tatharina zeihender
346 2249 1394 2390 Welche übel verwundt in ihrem hauß Liegst:
337 2335 661 2417 Declarierte.
943 2427 1052 2500 bno
316 2396 1415 2557 Ain freitag den 30 9. am abend ein
348 2517 1400 2631 wenig nach 6 uhren kurz nachdemme sie von
352 2581 1405 2697 einer bey ihrem alteren herren bruder ge
343 2658 1444 2783 machten vedite heymkommen, klopfete jemand
340 2729 1447 2850 starck an ihrer hauß jühr, die magd gienge
336 2801 1452 2928 hinunter umb zu schaulden, wer es seye. Kane
349 2881 1394 3005 und sagte, es seye ein herr wagner, der mit
318 2948 1415 3075 Ihnen denen töchteren zu reden verlange: Sie
339 3016 1454 3142 gezeügen und ihre schwester sel welche neben
351 3088 1455 3222 einander vor in der stuben bey dem Tischlin, da
322 3159 1461 3280 ruff ein liecht ware gestanden, ließen densel
341 3248 1451 3355 iben zu ihnen hinauff kommen, befande sich, daß es
344 3283 1454 3428 Emanuel wagner deß hern spittahl verwakters
1268 3414 1373 3513 Sohn
2625 398 2718 475 20x
1588 442 2743 596 sohnware, er begrüeßete sie ganz früntlich.
1603 539 2737 666 sie bedanckten sich auff gleiche weise und nach
1598 609 2754 733 eiichen complimenten, sagte er, er hätte etwas
1598 660 2741 802 in particulari mit ihra gezeügin zusprechen.
1600 744 2724 888 darauff sie mit demselben in die hindere oder
1586 820 2708 947 neben stuben sich begeben, daselbsten reichste
1592 896 2725 1049 er ihra einen brieff, als sie solchen stehend bey
1596 951 2744 1123 dem tisch nechst dem liechtstehend anfieng
1578 1039 2709 1212 lesen, sagte sie ey. Wie ist das so bleiche
1591 1130 2711 1283 dinten. In demme versezte er ihra von hinten
1587 1211 2737 1329 einiche harte streichen mit einem inctrument
1587 1290 2785 1417 auff den kopf, bey dem ersten schlag schrei
1595 1364 2778 1489 Ite sie, ey du Treüwer gott was soll das seyen
1583 1443 2761 1564 Nach empfangenen etwelchen streichen sinkte sie
1588 1529 2757 1655 halb simlags zu Boden, ihre schwöster sel
1568 1610 2782 1750 solches geschrey hörend, kame aus der vorde¬
1594 1698 2779 1796 wen und er die verschloßen gewesene comuni
1589 1775 2792 1895 seationsstühr nach der hinderen stuben, camen,
1591 1850 2792 2014 itierte über diß grausamme verfahren sagte, ey
1568 1929 2749 2085 Herr gottwas ist das. Worauff er von ihro
1589 2033 2677 2146 gezeügen abgelaßen und auch mit großer
1588 2090 2763 2217 wucht und grausammen streichen an die schwester
1587 2187 2783 2304 gerahten, von welcher sie nichts anders hören könte
1602 2231 2794 2410 als Lieber gott sey meiner armen seelen gnädig
1594 2295 2796 2469 bald darauff kaur Er nochmahl auff Sie gezeugi
1608 2369 2757 2537 zu und gabe ihro etliche stichen in den hals und
1586 2433 2783 2601 Kopff, darvon sie vollends zu Boden auff das ann
1601 2527 2789 2685 gesicht gefallen; In demme kame auch die Magd
1612 2581 2757 2718 aus der Kuchi under die nebend, stuben-thür
1614 2670 2752 2816 und lamentierte mit großem geschrey, da
1578 2725 2761 2889 Sprange dieser Goßricht auff selbe zu und trac¬
1605 2804 2785 2961 itierte sie im gang und in der stuben auch gran
1610 2866 2753 3031 sammlich. Sie könne nicht sagen, wo die magd
1602 2929 2667 3091 hinkommen und wie der tähter entflohen
1606 3013 2738 3164 Endtlich habe Sie von dem boden auf und in
1624 3105 2736 3241 die vordere Stuben kriechen und kinend mit
1616 3150 2763 3313 dem Kopff sich auf das bott stuzen können; Sie
1619 3233 2789 3418 wüße nicht zu sagen, wie sie die comunications
1615 3277 2691 3451 thuren so zugeschloßen ware, offnen können.
2469 3466 2653 3567 dieses
