4032 3024
287 285 413 412 10
519 421 1521 633 Berkanntnuß und Bergicht
454 538 1494 712 Deß Franciscus Stockhalmerr
391 704 1537 916 Nach onno allhisige lühen, weybel wolches
416 802 1537 998 Strolch,gesind beydes allhier in der haubt statt und
408 893 1526 1065 Außenher verspühret und vermuhtet, Ob wären
404 1002 1521 1170 Einiche derselben von der diebs-Rott, so den 30sten
390 1085 1537 1248 Julii 1728 auff das pfarrhauß zu Seengen ein
407 1170 1513 1312 gefallen und den belonssten Nahmhafften Staub
416 1250 1519 1412 verbracht, Sie deßentwegen dieserm gesind nach-
403 1338 1529 1498 gesezt und zwey manns und drey weybs persohn
400 1425 1519 1588 nen under anderen und zwar diesen sich fran
395 1506 1519 1669 neiscus stockhammer Neünend vorgebender maßen
406 1608 1340 1762 ein gelorsener Atudent von Berudorff
572 1704 1493 1844 gebuetig ohngefehr 38 Jahr alt, in der
372 1804 1511 1933 statt solrtuhen erhaschet und eintührnen laßen.
389 1879 1501 2031 volgends dann allesamt von ihr gnad Recla
398 1996 1517 2127 miert und auff dero ansuchen von loben7standt
383 2083 1495 2215 solotuhrn krafft denen verträgen außgelieferet
394 2164 1498 2304 und gefänglich allhero in oberkeitlichen verhafft
370 2255 1489 2379 gebracht. Darüber hin dieser Frantz Stock
381 2334 1515 2478 hammer beydes durch den hochgeachten u. Mucheren
365 2421 1486 2552 rahts herren sturler als hierzu verordnetem
369 2518 1492 2653 herren examinatoren mit zuthun mslohen Groß
385 2592 1499 2733 weybelkupffers und grichtschreybern freus
370 2679 1490 2822 denrychs den 9 a8 29. augusti 40 und 20t
376 2753 1499 2901 eptembris a 11732 nicht allemn güetlich und ernstwor
377 2834 1510 2975 etig, sonder auch piinlich mit anwendung der streck
381 2936 1492 3071 mit anhenckung biß auff 25 lben gewicht eamin
361 3023 1470 3144 iniert worden. Ist endtlich nachbeschriebene
362 3096 1462 3232 bekanntnuß und vergicht von ihme herauß,
358 3195 529 3304 kommen
1188 3296 1455 3406 D. Naml.
1579 2684 1632 2759 3.
1585 2020 1651 2110 3
2702 493 2773 567 101
1575 529 2778 733 A. Gamblich und deß Erstens so seye Eretonn
1728 662 2780 799 bey 38 jahr alt zu Berndorff durch Frantz Stock.
1717 750 2757 866 hammer Müller allda und Salome Kobler ehelich
1722 820 2774 951 erzeüget worden von könisch cathol Religion
1701 906 2752 1034 habe zu Salzburg under alimentierung der capuci
1727 997 2775 1117 neren biß ad Philorophiam studiert nachwert
1714 1081 2774 1205 hin und wieder im reych im Bayerland zu Angol,
1715 1158 2763 1268 statt in steyr Marck Graz, gottheinigen mendi
1719 1246 2773 1360 cando et cantando per bonos patronos sich durchg
1707 1319 2726 1438 ebracht, maßen er zeit eylff jahren daher von
1702 1417 2732 1529 hauß ablegend seye. So seye er eine zeit lang
1714 1497 2774 1639 mit der hier auch verhaffteten Sabina Allmeyerin
1723 1586 2761 1687 von Lintz gebürtig umb hergestrichen und endt
1710 1669 2786 1790 lich den 24 sten mai 1724 zu Doosch hausen onus
1704 1741 2765 1895 viert worden, deßen er aber keinen schein vorzu-
1691 1836 1984 1977 weisen habe
1698 2027 2740 2153 So hat er und sein weib bey angetroffener brand,
1711 2108 2751 2243 marckung auff ihren rucken vorgeben, daß sie
1700 2197 2769 2319 beyde wegen obanzogenen ihres herumbstreichens
1695 2261 2751 2401 vor der copulation vor etwann sr oder 9 jahren
1677 2341 2770 2482 zu Haarburg im fürstenthumb oetingen angehaltn
1693 2413 2763 2567 ten offentlich mit ruhten gestrichen und gebranhn
1688 2493 2053 2624 zeichnet worden.
1688 2655 2734 2791 Ward er auch bekanntlich, daß seit gedachtem heü
1684 2740 2757 2871 raht er immerfort an verschiedenen orten in teütsche
1687 2819 2749 2946 landt mit seinem weib herumb gezogen, auch bei
1702 2896 2720 3015 reits vor etwelchen jahren in die schweitz der eiden
1692 2971 2743 3093 Gasel baaden Muri Umbher gegangen seye und
1675 3044 2735 3176 sein Stuck brodt lediglich mit Betteln in Stätten,
1668 3120 2735 3251 klösteren schlößeren pfarrhoofen etc. mit seiner
1658 3193 2711 3334 Latinisch und teütschen spraach erfochten habe.
2424 3380 2717 3522 2. Damnethin
