4032 3024
430 494 1522 672 Mann soll ihme zu hilffkommen, man wolle ihnen
428 579 1524 739 worden, er habe auch zugleich den b lestitrten serder
402 666 1514 827 ihne gezengen zu hilff rußen gehört mit verdeiten
429 754 1511 889 er seye blessiert, es habe gefahlt. Worauff hinen
410 829 1497 983 gezeug mit denen herzu gelauffenen nachbauren in
420 894 1503 1064 die stuben getretten, da ware der grunnerschonent
423 983 1510 1159 wichen der olessierte dedong aber blüetete mächtig
375 1130 1476 1366 Norice Gward ein Keßler auß Savby von
435 1244 1263 1419 etwann 56 jahren alters zeüget.
386 1380 1494 1592 Er habe den Pefer hatler und sein knecht Becongs
415 1521 1477 1659 auff den Abend in der statt in einem Keller an¬
403 1599 1485 1756 getroffen. Nachwerts seyen sie alle drey zumtohn
390 1684 1466 1820 hinaus gegangen, willens zu wäberen zu über
411 1767 1465 1906 nachten. Im vorbey gang bym Carussel verdeütete
379 1850 1461 1993 sein Camerad, er habe denen lenten einen broünhofen
401 1951 1448 2067 verkaufft, darvon mann ihme noch etwas schuldig
380 2014 1465 2152 seye. Worauff sie zum hauß hinzu gegangen.
400 2095 1477 2217 einer dann wein geforderet, demme die fr grünner
387 2199 1478 2297 gesagt, sie habe keinen wein, dennoch aber habind sie
371 2259 1458 2382 sich in die stuben hinein begeben und bald darnach
387 2332 1480 2439 wein erhalten, der gennner ließe auch ein Schoplin
386 2425 1483 2533 holen und habe an gleichem tisch mit ihnen getrunken
386 2486 1474 2621 ware so guten michts, so daß er auff dem Waldhorn
380 2568 1438 2711 geblasen habe darzu der blessierte gesungen.
381 2657 1477 2784 nachwerts etwann gegen db Uhren seye der grünner
387 2734 1484 2846 auff seiner fr anmahnen würklich zu bott gegangen
392 2825 1459 2947 von dannen er mit dem blessierten gessonus wort
377 2918 1451 3023 gewëchslet, bald darnach aber widrumb auffge
387 2984 1452 3091 standen, habe dem blessierten nach dem arigen
381 3080 1452 3198 griffen, dennoch ohne weiters sich ins bett bege¬
391 3134 1444 3247 oben und von daselbst den hecong mit starken
385 3202 1451 3345 worten geheißen weggehen, der blessierte Berona
372 3275 1412 3435 antwortete, Er habe die wehle, dennoch aber
1197 3403 1384 3533 seyend
2711 445 2790 512 125
1671 549 2765 698 sigend sie im weggehen begriffen gewesen, In demme
1696 650 2787 767 seye der grunner widermahl vom bett auffgestang
1690 719 2775 838 oden und auff den Bedongloos gegangen, da dann sie
1691 790 2754 905 mit einander gerungen und der grünner unden zu
1694 870 2787 1009 liegen gekommen als der grünner wider auffgestan
1695 941 2791 1070 den habe er den blessierten dedongs zur tühr hinaus
1692 1022 2775 1155 gestoßen und glaube er gezeng die stichen seyen das
1687 1106 2766 1212 mahls drüßen im gang erst widerfahren, er ge
1674 1183 2770 1323 zeug aber habe kein meßer noch auch keinen streich
1692 1266 2785 1416 versezen nicht gesehen. Der genner seye gleich da
1693 1331 2806 1477 rauff verschwunden und ihme gezeug seithero nicht
2282 1430 2627 1516 4 epembrio 1732
1670 1421 2322 1565 zu gesicht kommen Daten 24.
1625 1547 2812 1684 Send octbrio 1732 habend vorgedachte beyde gezeügen
1668 1653 2818 1777 Hasler und Gihard obbeschriebene ihre kundtschafft
1687 1721 2797 1852 außaagen mit einem secennischen eydt bestättiget
1682 1795 2791 1889 anbey verdentet, daß der nun mehro verstorben
1665 1888 2787 2005 Morice Odisson vor seinem ende sich erläuteret
1697 1966 2779 2077 daß er die von ihme grnner ihne angetahne be¬
1679 2055 2810 2167 leydigung von hertzen vorziehe und eine hoche ober
1678 2109 2791 2248 keit umb erteillung dero gnad gegen demselben
1669 2188 2135 2306 gebötten haben wolle
1665 2274 2753 2428 gleichen tags den 4tenovtobris hat de� Grunners magd
1680 2368 2806 2504 Anna Kleiner hievorstehende ihre außaag mit einer
1676 2449 2475 2584 glubdt an eydtsstatt bestättiget.
1648 2573 2806 2700 Den 28. septembrio 1732 auff vernemmen, daß
1626 2631 2738 2763 Oder obgedente Maurice Bischongs in Lebens
1669 2713 2782 2847 Gefahr sich befinde, ist derselbige in dem Spittahl
1684 2783 2782 2926 besucht und von ihme nach folgende information
1669 2880 2147 3008 auffgenommen worden.
1640 3000 2753 3220 MCaurice Bidcsiono in Keßler gebürtig sonst.
1666 3140 2727 3289 Maglan auß savoge von etwan 30 jahren
1676 3204 1835 3293 Alters
2080 3279 2116 3364 4
1647 3256 2724 3418 sagtauß Den 23. septembris 1732 gegen 7 uhr
2501 3457 2666 3556 Abends
