4032 3024
446 1710 501 1829 1
505 400 1538 618 und hauß gesind übel und unbarmherzig tac,
496 512 1266 658 iert und teills verwundt worden
498 608 1548 821 Dn bewlen seige er mit zweyen wurdtlich dach
511 707 785 811 sigershheen
459 741 1505 893 Opeliren auch nachts in ein hauß angefallen
503 839 1518 966 Allda sie verschindene silbern losdel und
503 902 1295 1061 Vielerhand Rleider, Sachen bekomnen.
475 1011 1521 1221 So habe er auch ohnteit hehen, Emnbd in dem so
507 1144 1499 1312 genanten Jager Hänßlin dem Joser Guger
520 1217 1509 1379 mit dem zunamen rohtenburger nach einichem
511 1309 1516 1482 mit ihme gehabten wortstreitt mit nach zwey
502 1388 1503 1564 Anderen auch hürgerichteten darunder und zu
496 1476 982 1628 sodt gschaen.
983 1519 1472 1654 beimb end auch ewelche
503 1583 1463 1751 andere geringere diebstähl wlehr begangen.
511 1690 1511 1847 vi ait wir einer seits diesers Maleficante.
491 1801 1507 1927 Hannd Grorg Schmids angehörte bekantnuß und
497 1884 1503 2010 vergecht mit allen ihrem umbständen undersuchte
509 1981 1488 2093 und also in treiffe betractung gezogen, daß
510 2056 1485 2164 durch dergleichen baß und ferfelhaffte diebishe
500 2157 1476 2269 verbrechen, nächstliche einbruch raubereyen
495 2222 1474 2349 grausamkeiten und vlörderische untahten
499 2301 1460 2425 beides unsere angehörige undertahnen und
502 2393 1496 2509 andere benachbarte in der stuhe überfallen, in
496 2458 1485 2600 entseglichen schreiben gesehet, empfendtlich be
493 2542 1480 2697 eschädiget, grausam und umbarmherzig eliß,
510 2620 1497 2748 handlet und dardurch die allarmenn sichrhit
502 2709 1233 2846 gehennt und zeestohret worden.
502 2791 1518 2925 Anderseits dann wird unß deß zu abstraffung
505 2878 1485 2998 solcher und anderer großer abeltahten von
508 2953 1488 3079 Gott dem Allerhöch seein Regenten uns anvor
489 3021 1482 3158 trantten hoch oberkedtlichen amts und daran
513 3099 1476 3248 hangender pflichten ernneret, Als habend
489 3171 1500 3317 Wird daram hin sey unsteren eyden zu racht
508 3265 1005 3397 erkennt und gesprochen
1137 3305 1297 3416 Daß
2801 379 2899 459 75
1781 487 2856 651 Doss vor allen dingen diesers Hans Grörg
1821 589 2887 729 Schmide thurr siel in die hund ihres erlesert.
1827 683 2851 816 und säligmachers anbefohlen, deßen amb
1821 760 2880 914 aber zu Wolverdiente jedach gnädiger straaß
1818 865 2866 993 dem schers tichter übergeben, durch selbigen ge
1803 930 2772 1050 bunder und obe auß auff die gewohnte
1796 1016 2872 1168 richtstatt geführt, daselbsten zem edcempet und
1823 1125 2886 1235 schreiken aller dergleichen und anderer mlisße
1797 1194 2872 1324 stalseren auf eine brechen gelaget, ihme mit dem
1807 1276 2817 1415 Rad alsobald der gsellen oder hortz, staß
1808 1374 2848 1501 gegeben, nachtaeres arm und beim zerbrachen
1814 1447 2823 1609 und der Korper auß ein rad geflochten
1809 1547 2875 1693 Leye hoch gericht in die hohe gerichtet und allda
1803 1619 2814 1761 biß zu der condumtion oder and erwärtig
1818 1703 2854 1815 inserer verordnung gelaßßen, also auf diesr
1816 1789 2819 1910 Weiß von dem arben zum todt hingerichtet
1807 1876 2100 1995 werden solle.
1796 1971 2817 2116 O ctum Coram 200. den 26n februarui.
1787 2090 2859 2199 N3t und obbeschriebener maßen an der creütz
1778 2173 2838 2291 Gaßßen bey alsenem richter stuhl promulgiert
1787 2244 2841 2380 und verlesen volgindd alsobald exequiert auß
1784 2313 2328 2450 Zinstag den 27  itbr
1772 2429 2799 2613 dier adaß olhger d der den schen kick
1777 2547 2847 2698 verführten frocedur und deren heiertheilung sindt
1787 2628 2811 2773 underschindtliche Anguhg beschehen, sonderlich aber
1779 2699 2805 2835 Die nöhtig es seÿn wollen, daß eine Sonderbare
1771 2775 2831 2926 Commission zum Caamen der allhier in der Statt
1778 2849 2792 3000 gefannenen Maleficanten und kiminals verordnet,
1777 2915 2843 3084 derelben dan vorgeschrieben berden solte, in belchen fahlen zur
1777 3007 2764 3156 torhar zushreiben wiestarck selbige anzubeeden. I
1777 3062 2831 3215 bar aallung sie bekehzugebrauchen etc. habend
1753 3115 2831 3263 Melcs und lund  toslectat einerseeths, daß fer die seiminal
1769 3183 2794 3308 sachen auf dem landt bereit eine omiheide bestelend in dem
1773 3242 2829 3384 rengsten sn so von ambt sombt dem jeegsten hiß lachtohen und beyden
1773 3303 2824 3420 h teimblicher verordnet, anderseitts dan für die stiminal sachen
1789 3348 2827 3470 in der statt hr droßlribel und hrn drichtschen bestellet, welchen
1785 3390 2822 3525 in schlaahren fählen annhein examinator den diekehr triff von Mugse
1760 3429 2822 3552 zugeordnet, mitlin so bohl inn als außort der statt, ob undwdie
1773 3483 2802 3610 dievorbar anzuloenden, nach bekaandt fendenden dingen die for
1780 3518 2807 3638 schrifft von ihr drnf geben wirdt, deroleggen megsch d 2 und
1774 3558 2813 3690 mit großem mehr es beym alten nach ferbas bebenden laßen.
