4032 3024
459 366 1504 534 dery oder 4. Wachen hernach der
457 439 1515 603 Ppeter Studers Haūß. ( nit welchen
472 521 1523 668 und deßen haußvolk er allezeit un
455 574 1473 745 drießliche Nachteden, und also
472 671 1502 807 mneinigkeiten abgeben) habe se
432 722 1500 863 deßentwegen euch verderbet
444 792 1505 967 sie habe Nemlich an einem donsten
446 875 1503 1051 aller screytug morgens auch etwan
454 946 1527 1111 umb 4 uhren schwefelhölzl und schanm
442 1027 1431 1164 an dem Hauße Eggen oben in das
433 1107 1483 1236 Strohr doch geleget, daraūf dann
447 1172 1467 1320 in zeit von einer halb Stund das
448 1259 1467 1405 hauß in völligen brand gerahten,
436 1328 1461 1482 Während die sem seze sie daheim
418 1428 1440 1557 Verblieben, ihre Leüth aber alle¬
439 1494 1450 1633 samt seyen zu hulff gegangen
428 1575 1435 1710 Rinthero vor ohngefehrd einem
431 1666 1478 1793 Monat habe Sie ihr eigenes Saūß¬
430 1746 1475 1864 ( so ihr mann von seinem bereits vor
442 1820 1430 1939 10. Jahren Verstorbenen Vatter her
445 1889 1099 2016 bekommen) Verderbet,
1097 1898 1393 2019 Die
440 1964 1290 2097 Nach sey also hergegangen;
412 2043 1439 2176 Am Abend seÿe sie hingegangen
427 2127 1445 2245 habe dem Viech futter hineingegeben,
435 2203 1447 2329 und ein breunend liecht by sich
436 2281 1419 2389 gehabt, auch schwamm und 3 oder
436 2358 1440 2476 Schwefelhölzlin, diesen schwumm
433 2422 1467 2544 by dem liecht angestelet, und also
427 2502 1437 2627 samt dem schwefelholzl in dem
411 2566 1413 2697 SSchopfin das Laub geleget, sich¬
436 2659 1431 2760 nachwerts widerūmb in die Stūben
435 2727 1465 2826 begeben und biß etwan umb 10 uhren
423 2808 1421 2919 by dem spinnen aufgehalten und
396 2881 1385 3002 hernach schlafen zu bett geleget,
382 2957 1448 3080 Ai morgen etwan umb 3 ühren habe.
387 3034 1417 3156 der knecht Tehrwand feür in dem
392 3100 1426 3216 Schapf gewahret und also Lärmen
399 3179 1408 3301 gemacht, da dann männiglich hinzu
390 3259 1398 3366 geloffen, und dieses feur außlöschen
390 3322 1414 3429 können; Die Delinquentin dan
388 3386 1404 3519 habe vor allen dingen ihr Kleiners
407 3474 1306 3593 kind und das bettaußgetragen
1243 3511 1459 3622 hernache
2764 302 2858 408 89.
1708 338 2702 525 hernacher aūch geholsten löschen.
1720 419 2857 597 Nachwerts mmo alldieweil das Volt¬
1742 499 2772 667 ennach umb das hauß sich herumb
1733 564 2842 737 befande, Nahme sie in der Kuch schwum
1722 647 2795 799 undschwefelhölzli, hat das ersteren
1719 725 2804 860 angestelt und beydes auf die Buhri
1716 795 2857 953 wüschen dem tenn und dem Schweinstall
1700 873 2836 1034 hingetragen und in das strahl
1695 949 2805 1091 leget; Alsobald daraūf seÿe das¬
1706 1043 2747 1189 Hauß in völligen brandgerahten
1703 1111 2793 1248 vnd ganz verbronnen. Die detin¬
1700 1184 2785 1323 quentin habe vor allen dingen sich
1695 1274 2850 1409 nach des Knechts Behrwands Lebste
1685 1346 2727 1484 1so by 5 wochen lang in dem hauß
1688 1422 2826 1553 Kraūle lage, begeben mnd die selbe
1700 1508 2504 1648 geholfen hinauß tragen
1643 1598 2816 1747 I Was die Uhrsach seye daß sie ihm
1689 1670 2698 1814 eigen hauß also verderbet habe.
1647 1751 2854 1909 daß sie einelendes von Gold verlaßenes
1698 1859 2850 1986 Mensch gewesen, der Anlaß abervare
1702 1927 2855 2030 Wilen sie mit ihrem gemannd in etwas
1704 2008 2758 2128 unenig und streitig geweßen,
1696 2073 2849 2200 in demme er vermeinte, sie seye gegen
1682 2154 2663 2294 ihrem Vatter (:der doch ihnen bÿ
1695 2225 2811 2385 3500 lb Mittel geben, und damalen
1692 2313 2838 2459 an ihrem Tisch sich befunden) dr aūch
1683 2393 2829 2565 gegen obgesagtem Kreuknen Menschen
1679 2475 2485 2624 allzu gütig und freygebig.
1634 2550 2739 2739 b kein Mensch in dem feier das
1696 2652 2194 2769 Leben verlahren.
1624 2690 2242 2862 Mein kein Mensch.
1618 2800 2762 2981 EOb nicht viel Viech in dem feüler
1712 2910 2093 3025 gebliben seÿe.
1617 2958 2712 3139 Als sezen in dem ersteren und anderen
1713 3057 2755 3222 Hauß einiche Schaaff zurukgeblieben,
1693 3119 2690 3280 Sie vnße aber nicht eigentlich wie
1716 3184 1953 3275 manches.
2068 3208 2776 3342 In ihrem Huns aber
1693 3210 2753 3428 seten eilst Schauff verlahren gangen
1623 3265 1703 3407 2
1698 3307 2729 3481 Ob der Knecht kehr vnnd auch am
1692 3380 2796 3582 diesem angestekten feur antheil gehabt
1686 3434 1837 3522 habe.
2626 3582 2726 3709 2
