4032 3024
467 505 1446 679 Stuchemen rack und veote, so er verndrigen
476 601 1470 750 Jahrs allda bey einem sintenschenk hinderleßen
450 677 1460 831 Weggenommen und gegen Beimgarten zu der so 4
471 746 1437 897 nannten schindel Lorgi zingetragen und dort
1099 837 1458 944 von daselbsten
470 853 1023 980 in verwahrung gegeben.
466 907 1449 1065 begabe er sich nach Banderin mleinung ein wr
471 983 1449 1147 bung anzutreffen, binehe aber an diesem ort
469 1064 1452 1205 noch biß daher warnd wo nicht erfragt. Von
460 1129 1448 1274 dard nacher Solofuhren umd engagierte sich be
469 1217 1478 1342 einem verwandten von herren oberst besonwalden
465 1300 1474 1430 und ar desßelben quardes, Regiment in Frande
701 1375 1461 1502 Gienge darauff wied ermahlen nach
446 1387 682 1490 segd.
461 1450 1464 1581 obgedachter Schundel Liegi hinmter und verkauffte
464 1522 1438 1648 daselbsten seine obbesctriebene kleidung einem
435 1599 1401 1704 Statieuer umb 8t h bar gelt, Reyßte
481 1676 1415 1803 darnach dirchs Luzren gebrtt und fürntahl
460 1742 1404 1864 über bergnn und Abwergen zwunk vorhabens
440 1824 1431 1958 wiederumb auff solttehen zu Them und dem
454 1893 1385 2018 gebahren versprechen nach in den dienst sich
448 1971 1395 2089 zu derguegen, seye aber im ried baad ants
452 2036 1413 2173 Süniß waldt angehalten und in daßiges schad
448 2116 899 2210 incarceriert worden.
426 2202 1428 2354 Sis leigen wolte hie ohieradt alles aus
428 2321 1449 2444 wendter vermahnungen und krafftiger vor
447 2366 1449 2515 stellungen keret wagt bekenthich seyn, noch sit
444 2443 1455 2583 dieser seiner ovadion nach seit seiner wrürbil
433 2529 1430 2660 ilung auff die galeren den gringsten dieb
1195 2607 1280 2651 ge
1089 2605 1171 2670 bela
429 2613 1458 2745 stahf begangen zu haben, sondern daß er in daser
437 2679 1440 2794 zit, daeu seit seiner andreißung zun und her
442 2752 1452 2890 glogen auffd genanweste gelebt, damit ihme
449 2822 1454 2969 Woat zu seiner vorlabendem reyß nach Pariß
450 2905 1453 3041 übrig bleiben möchte habe mit 40 bz so
437 2971 1454 3111 erd im schellen werdk zusamen gesfahret 46 b
440 3042 1443 3186 so sein bruder ihme gegeben und mit denen ant
435 3118 1430 3280 ann kleidrföstten s h sich bezolen und
1189 3235 1376 3345 so weit
2571 482 2659 581 179
1657 520 2642 678 so weit durch gebracht, daß er nach bey 5 thl 7
1668 623 2687 756 bey seiner bekäedigung übrig gelrabt, die ihme
1664 698 2467 823 zu Simiß wald abgenommen worden.
1639 780 2181 903 A Aum ut supras
1848 898 2359 1049 Cininat Ot ill
1751 1036 2604 1211 Des Clriotian Zunermanns
1641 1163 2667 1321 Zontagr Doc N Septembrio 1735 ist
1664 1264 2709 1409 diesere Nechst Obbeschricbene des Ctristion zim
1656 1334 2664 1471 mermanne eriminat procedus und getahne
1669 1416 2633 1559 vergicht vor Mugh zund obergn r u b
1654 1491 2727 1615 wortlich abgelesen und volgends darüber nachden
1635 1569 2686 1700 mohl gn Groß Weybel freüwmeych durch eine
1653 1652 2727 1781 wolgesezten rad geahnker form nach für ihre
1668 1723 2730 1851 dat wart träfftiglich dergetägn und inter cedirt
1669 1783 2682 1924 von Hotzgedacht muyhli und Beri bey siden
2415 1870 2531 1934 470
1664 1883 2693 1999 zu solchei fud capresses versammlet durch die
1659 1944 2730 2089 plehrere seinem erhnit und zusprächen worden.
1663 2017 2681 2147 daß ihme zimmermenen dwerd abermahld an
1689 2104 1872 2154 d
1673 2092 2700 2220 dem keben  auß gnnden verschänt, er dann
1654 2166 2717 2292 zu seines wolderdienten jedach gnädigen warst
1668 2232 2707 2363 au ein neütet wiederumb für abenllang
1661 2304 2716 2435 Nich Iy dem Schellen Weedk Wolder wahrt Entzal¬
1662 2381 2719 2503 ei und wackerd und arbeit angehalten werden.
1900 2453 2570 2584 4 und sey vorglegtem Blutt stab
1647 2452 1786 2587 ll
1647 2566 2681 2707 Du a Molchl Gouß Waytel und Geihe
1646 2649 2731 2770 . schreibern. mit gestemen ihme zimmermann
1662 2726 2680 2840 diese ergangene Urteil zueryldnen und Ihne
1667 2793 2735 2907 nihum ahwen sich dera gelaßenlich zu underweßen
1661 2868 2706 2991 und durch seinen übelen verhalt und wiedersfan
1667 2931 2691 3052 stigkeit die Oberkeite. gungand nicht auff sich zu
1645 3000 2656 3126 aden, auch selbigen din herren shellen trapestoren.
1670 3078 2098 3199 übergebern zelaßen.
1662 3133 2676 3269 ul 1 Mhr Rantherren Mlulter uund
1668 3214 2708 3340 Shallenh auß pnopectore gelelen. Die söndergangt
1660 3278 2713 3405 wr uteill zu beiagauhten mit freundkc ge finnen
