4032 3024
461 539 1445 719 bau eine viertel stund nach volliger gemßt
453 658 1473 802 teben dem Käbli Nidergefinet, das kind An¬
443 750 1462 906 gerühret und auff eine seiten geleget hatte,
446 849 1476 974 und obschon die staben, also ihm übrigen büth
439 919 1452 1055 deß hauses geschlafen sich beit Caspen ent
449 1009 1452 1136 legen sich befindt, Iei allso auff zuensten
443 1099 1441 1247 liechtlich erhört berden könte. Sie seie
437 1167 1478 1295 darauff hin von demm kind hinbeg und bie
404 1245 1455 1365 dderumb in die hindere shuben inn ihr gott
440 1342 1471 1473 gegangen dennoch aber mit großer mühe, dann
413 1421 1464 1548 die tichter sie angestoßen uns bohl etwan del
412 1500 1477 1631 stund bei ihre angehalten hatten. Amm morgen
428 1603 1480 1728 hernach habe sie von der tochtes (welche zu
415 1669 1467 1815 felliger weise inn die hindere stuben kommen
434 1772 1465 1918 eine suppen geforderet und von ihro eine
434 1866 1464 2008 schüßel mit muß emmpfangen und solches ge
431 1969 1464 2081 geßen dennec eben habe sie von ihrer genißt
413 2028 1462 2162 der deraselben nichts gemeldet biß daß
411 2118 1455 2261 die tochter accidentabites das Bübli sambt
410 2214 1433 2366 demm kind inn demm kuchi haden gefunden,
424 2307 1474 2447 und die delinquentin darüber zu red ge
421 2397 1446 2537 stoßen borden, da sie dann die that gleich
421 2493 663 2615 gestanden.
410 2648 1460 2770 endtlichen ssagte sie zu ihrer vermeinten
423 2722 1426 2859 entschuldigung, daß sie das kinder gleich nach
421 2824 1459 2945 seiner geburth zwahr ein benig gruchzen er
406 2891 1457 3014 ghört inn selbigem angeablik aber nicht bost
421 2971 1470 3137 bei krafften geoeden ihme raht zu scheffen
412 3059 1469 3206 zumahlen sie in giechte gerahten auch des
414 3144 1457 3285 entbegen nicht sohl eine heüte stunn von sach
419 3213 1440 3380 geben und umb hals raffenkente, daß
423 3311 1462 3462 Aer sie wie gedacht neben demm kübli ninder
1208 3466 1419 3570 gebaret
2611 435 2708 509 169.
1639 467 2696 665 gekinet und der kind betestet und umbke
1634 593 2707 739 gekehrt sie selbiger nicht mehr grachzen geföhrt
1641 670 2697 810 Noch einiches lebens zeichen an ihme verspührt.
1631 758 2701 902 daß sie am morgen die begegnuß zwahr der
1631 829 2629 981 tochter nicht von selbsten angezeigt, bohl
1639 893 2728 1100 ber sie ersucht, sie solle die mutter berusten
1641 996 2727 1117 umb die hergangenheit deroselben zu offen
1643 1090 2717 1239 bohren die tochter ober habe es der matter
1653 1168 2732 1310 anzusagen vergeßen, Sie habe auch niemhl
1643 1268 2688 1365 im persah noch imm sinn gehabt, das kind
1644 1319 2709 1452 mahtbilliglich zu Perderhen oder zu Per
1640 1422 2743 1571 hohglosen, sonder der leidige satan habe ihre
1654 1508 2659 1642 Nach der niederkunfft inn sin gegeben die
1630 1576 2749 1738 solle von dem kind hinbeggehen und selbigen
1657 1687 2666 1847 liegen laßen alsdonn beyie es darten
1639 1770 2757 1910 sterben, sie sein daraufhin despon gegangen
1656 1891 2704 2026 gleich es wahre sie vson dannen beggestoßen
1657 1956 2719 2113 worden. Bekennete und erkennete sich
1653 2061 2745 2198 jedoch, daß sie bei so gestalten sachen ursach
1653 2152 2735 2277 und schuldig zeie an ihres findstod, solchen
1666 2236 2680 2369 großen fehler hörzlich bereüben und gott
1666 2323 2704 2466 umb gnad und verziechung deßen eiferig
1654 2423 1964 2527 hätten sühe.
1647 2514 2759 2655 Eiß ist hiemit darjenige, bas diedere elende
1667 2618 2753 2757 weibsperson in denen mit ihro ver
1654 2699 2747 2836 richteten examinibus bekennet und verjahrt
1659 2790 2356 2915 het. Actum ut supra.
2197 3356 2720 3535 Retattio Firurgica
