4032 3024
479 545 1474 690 Wil nun wir einerseits dieser Übeltha
387 640 1483 815 Iterm Anna Haußfrihrt angehörte bekant,
473 739 1477 866 nuß und vergicht mit allen ihren umbstän
472 810 1454 950 dden genauts undersucht und in betrachteme
805 897 1050 975 Otil
455 924 1458 1057 gezogen, daß sie wieder sinsere außgegen
466 1008 1477 1157 ebene ga saz und ordnungen groblich gefehlt
428 1093 1471 1230 ihres eygenen Fleisch und blutsschandtlich
461 1191 1459 1319 vergeßen, in demme sie ihr armes umschuldi
467 1273 1462 1401 iges kindlin so umbarmhertzig gewalttha
461 1348 1465 1499 tig und erbärmlich mit vorsatz verwahrn
898 1433 1100 1489 un vorsaz
458 1456 1462 1591 looset abgethan und abgeschaffet habe und
443 1531 1448 1680 durch solch gransamme und frefelhaffe un
442 1639 1450 1753 thaten et. Blut schulden dem ganzen Land
454 1712 1475 1847 auffgeladen werden könnten. anderseits
460 1805 1462 1939 dann uus deß von gott dem allerhöchsten
437 1874 1468 2019 Regenten zu bestraffung dergleichen übel
442 1988 1443 2107 stahten anvertrauwten hochoberkeitlichen
452 2063 1432 2188 ambts und daran hangender pflichten
448 2161 1460 2276 frinneret, Als habend wir darauffhin
442 2253 1420 2376 bey anderen eyden zu recht erkennt und
441 2331 720 2432 gesprochen.
426 2414 1438 2567 Daß vor allen dingen dieser Übelthäterin
390 2523 1458 2647 Anna Hauswihrt theüre Seel in die
430 2604 1401 2738 hand ihres erlosers und säligmachers
440 2688 1471 2814 anbefohlen, ihr leib aber zu wohl verdien
442 2776 1453 2901 iter jedoch gnädiger straaff dem scharff
430 2845 1474 2980 richter übergeben, durch denselben gebunden
436 2934 1442 3061 oben aus auff die gewohnte richtstatt
443 3001 1452 3140 geführt, daselbsten zum exempel und
424 3090 1438 3211 Schreiken aller dergleichen mißettohteren
422 3169 1468 3294 ihra mit dem schwert das haubt abgeschlagen,
1215 3319 1355 3445 und
2567 496 2683 566 20
1676 522 2637 663 Vnd Sie allso vom Leben zum todt hinge¬
1673 617 2640 761 erichtet, der Körper dann nachwerts an das
1675 693 2584 819 gewohnte verschmachte ort verscharret
1672 755 2004 901 werden solle
1654 869 2652 983 Acum coram 200. den 28t Magi
1836 951 1924 986 mule
1678 946 2556 1072 736 t exeqquiert den 29. eydem 1736.
1757 1125 2501 1282 Triminal Procedur
1654 1411 2604 1584 2oß Binannel Wagners
1573 1654 2701 1818 Nachdeme Mnghe den rahten zu der
1630 1782 2710 1906 höchster betruebnuß hinderbracht worden.
1649 1880 2717 2011 Wie daß dieser Elende Emanuel Wagner sein
1654 1958 2720 2067 ines alters von etwann 30 jahren Freitags
1660 2034 2702 2145 den 30t novembris ersthin abends nach
1641 2091 2698 2232 6. uhren in der beider jungfr schwesteren
1641 2172 2658 2329 Zechender Behausung an der Kram gaßen
1640 2253 2301 2383 ohnweit dem zeit gloggen,
2302 2275 2712 2401 Turn eine genn¬
2335 2354 2534 2416 gegangen
1647 2340 2723 2476 samme manchel morderey vorgenommen habe
1645 2406 2693 2543 da Namblich die Einte und altere Schwester
1644 2484 2724 2609 Namens Jung fr: Rosina allsobald auf der
1629 2557 2671 2733 stett todt verblieben, die Jungere Jungfrl
1609 2635 2697 2810 Anna Catharina samt ihrer magd namens
1635 2714 2733 2889 Magdalena Vogt von Sigrißwyl mit so vielen
1650 2795 2721 2947 gefährlichen stichen und Wunden dergestalten
1660 2890 2712 3029 übel von Ihme zugerichtet worden, allso daß
1636 2976 2679 3119 Sie noch dermahlen in Todtes gefahr dar¬
1648 3068 2713 3188 nie der liegen. Als habind darauff
1648 3115 2686 3287 hin ihr gn diesen grausammen thäter durch
1662 3220 2687 3324 ellerhand vorgefehrte anstalten aufs genan¬
1638 3273 2700 3423 weste auffsuchen, Ja durch eine offentlich beschehen
2326 3402 2647 3504 Proclamation
2661 644 2691 722 3
