4032 3024
514 380 1521 537 kauffe und in Keller lege, diser
512 490 1520 634 kind habe sie mitwochen als tags
514 581 1530 700 hernach aus ihrem losament den zu
521 656 1549 790 ier umb selben ins weinwarm zu thun
506 735 1539 878 zuhohlen gesendet, müeßind harumb nacht
509 822 1516 949 wendig disere täfeli, weilen sie frisch
496 900 1452 1044 geloesen, und in seinem Sack naß
505 967 1502 1095 worden und Verschmolzen, an den
503 1060 1521 1192 zinker, worvon sie ein stick gebrochen
518 1132 1498 1260 und in beywesen der Risin und Magd
505 1216 1520 1345 ins weinwarm gethan geflebt und
502 1295 1508 1424 ohnvorsichtiger laeib solches geschehen seyn,
494 1371 1520 1499 Weilen das kind ihra den zinfer in der
478 1447 1052 1557 fünsteren geben habe
1137 1454 1514 1570 Dises glaūbe
485 1542 1488 1648 sie, weilen sie an dem frytag, als sie
483 1591 1517 1722 auß der Tante Matten gegangen, under¬
478 1684 1486 1795 wegs das kind befragt, ob es das
469 1748 1507 1887 Zedeli und den bazen der haußfr gee
470 1830 1507 1953 ben haben, selbes gesagt, Nein: Son¬
471 1913 1519 2035 deren es habe die Mausentäfeli selbsten
481 1990 1432 2115 von Jgfrl Sterchi gekaufft, selben
485 2091 1501 2195 aber nicht mehr in seinem sank gehabt,
482 2148 1453 2266 mit verdeüten, Es habe die Täfeli
471 2236 1464 2345 Zuübergeben vergessen, wuße im
467 2307 1512 2413 übrigen von keinem anderen gift oder
453 2382 1486 2489 Es müeße von ihrem Jahnpulfer an den
465 2451 1504 2568 zinker kommen seyn, oder sie müeßte auß
470 2513 1477 2637 verlirrung und melancholie gis
461 2604 1481 2716 darein gethan haben, maßen sie offt
458 2665 1499 2775 drey oder vier tag also seye, octum
461 2745 676 2859 Obstaht
582 2795 758 2896 E.
2715 472 2796 540 59
2011 516 2556 650 Relatio Medica.
1820 633 2784 794 Hochgeachte, gnädige herren.
1835 760 2776 946 Auf dr Gn. Befehl habend Mehhl.
1831 883 2727 1006 deß Collegii dusulanii deß träher
1819 959 2782 1085 risen kind visitirt, da er sich aus
1820 1047 2797 1169 serlich sonderlich auf der rechten seiten
1820 1120 2801 1249 von oben der schulteren biß auf den
1802 1196 2814 1314 fuß schwartz und mit blut underloßen
1829 1268 2799 1386 befunden. Bey offnung des leibs
1822 1358 2818 1467 Ware der magen und darin aufgeen
1813 1429 2790 1541 blasen. DDie leber gantz bleich un
1815 1505 2537 1617 vom Blut außgelähret.
2541 1515 2810 1629 bey obt.
1806 1586 2731 1709 nung deß Magens ware im Grund
1793 1652 2730 1786 deßen ohngefahr ein paar Eyer
1799 1743 2760 1856 voll schleinichte gelbe materi und
1788 1806 2816 1932 Etwas grützlechten wesens. An der
1775 1869 2802 2026 Substantu deß Magens selbsten haben
1786 1956 2728 2092 sich die inneren hautlin gegen dem
1786 2022 2755 2163 underen Mageigschlund zu, an Kilen
1778 2096 2790 2240 orten schwartz und eines fingekglids
1777 2171 2778 2306 lang ndt Ein paar gute Meßer¬
1778 2259 2725 2395 Rucken bratt zerfreßen befunden
1762 2308 2786 2473 gegen dem oberen Magenschlund dann
1768 2411 2778 2541 ware die durchfreßung nicht soties
1745 2479 2804 2644 hingegen die Entzundung desto breiter¬
1749 2567 2737 2709 gleiche Entzündung hat sich auch im
1762 2631 2799 2775 zwölf fngerdarin erzeigt. Wann
1766 2737 2798 2869 nun dise so schware verlezung an solchen
1755 2798 2726 2919 theilen gewesen, die zu dem leben
1754 2881 2802 3028 nahtwendig, und von solcher Empfind
1743 2935 2719 3087 lichkeit wegen mange der nerven
1753 3020 2766 3153 vnd Verkaupfung derselben mit den
1740 3105 2779 3254 übrigen des leibs daßich nicht zu¬
1748 3159 2702 3324 Verwunderen, Wann auß Einer so
1734 3245 2778 3403 scharpfE Handen: Matein ie die, so
