4032 3024
328 610 1378 735 hinter sich mit dem kopf auff dem boden
345 697 1357 820 getruckt, auch volgends ihme seine haar-
343 783 1337 898 schnur zwey mahl umb den halß
334 851 1353 979 gewickelt und verkempfft, allso auff
336 946 1385 1079 diese weise selbiges erwürget und umbs
324 1032 1296 1155 Leben gebracht habe, da es sich dann
314 1121 1364 1254 hernach mit zwey kinderen schwanger
329 1195 802 1336 zu seyn befunden
309 1280 1393 1452 Nie nun wir einer seits diesers übel
292 1402 1382 1535 töhters angehörte bekanntnuß und ver
335 1491 1368 1622 gicht mit allen ihren umbständen ge¬
330 1564 1355 1735 mauw Undersucht und in betrachtung
323 1661 1321 1788 gezogen, daß derselbige wider die
351 1745 1383 1898 böttliche und unsere gesatz und ordn
338 1840 1389 1979 gnungen groblich gefehlt und die all
1297 1944 1327 1988 11
342 1937 1387 2066 gemeine sicherheit und suche zerstohret
246 2009 1363 2163 und drey Persohner auff Einmahl
202 2136 247 2211 A
322 2131 1346 2258 grausamlich umbs leben gebracht
124 2177 301 2254 und ichsune
139 2234 315 2290 emelteat
333 2220 1345 2346 habe und daß durch selche entsetzliche
116 2270 318 2332 Kranaer sond
138 2287 341 2386 ise aue
146 2320 1423 2437 nicht, vn in obeltohten alle die verserigen in Vottige
173 2390 385 2451 Küüblin von
133 2403 168 2445 3.
129 2436 332 2511 chtfehr 3.
334 2397 1384 2537 Wnsicherheit gesezet und blutt Schulden
134 2469 357 2548 Nonaten alters
135 2521 308 2596 bestandt.
307 2511 1392 2638 ddem ganzen vnd auffgeladen werden
123 2563 362 2625 durch diese da¬
125 2595 351 2653 sertalt auß
752 2602 1372 2717 anderseits dann wip
122 2597 596 2705 den rittel können.
128 2682 332 2746 geraumt
351 2678 1408 2816 uns deß von gott dem allerhöchsten
141 2721 297 2831 worde.
324 2782 1388 2913 Regenten zu bestraaffung dergleichen
352 2857 1426 2998 und anderer mißetahten anvertrauwten
320 2961 1407 3096 hochoberkeitli ambts und daran hangen
339 3043 1426 3200 der pflichten errinneret. Als habend
339 3152 1397 3284 Wir darauffhin bey unseren eyden zu
324 3238 1154 3353 recht erkennt und gesprochen.
336 3309 1088 3439 4o zu erhaltung des gemeinten sicherleit
400 3344 1302 3459 und abwendung aller blutt schulden, daß
385 3416 1074 3544 So auf das raud fallen möchten etc
411 3457 1297 3609 blutschae, so un das felle möchten.
2450 492 2580 568 23 f
1500 546 2582 737 Daß vor allen dingen diesers übeltähters
1522 671 2546 818 HHanns Morgeniggs theüre seele in die
1551 745 2546 887 hand ihres erlosers und säligmachers
1567 855 2578 968 anbefohlen, sein leib aber zu wohlvere
1563 925 2592 1069 dienter jedoch gnädigen straaff dem
1564 1028 2632 1157 Scharff-richter übergeben, durch denselben
1564 1115 2611 1240 gebünden, oben aus auff die gewohnte
1563 1219 2606 1332 rëcht-statt geführt, daselbsten zum
1561 1310 2618 1427 exempel und Schreken dergleichen und
1565 1403 2636 1516 anderer mißethateren mit einem strick
1572 1488 2659 1615 an einem auffgesteckten pfahl erdroß
1575 1591 2584 1712 let und allso vom leben zum todt
1557 1668 2681 1815 hingerichtet, volgends der körper bey dem
1565 1790 2670 1901 hochgericht auff ein in die hoche gerichtetes
1569 1882 2664 1996 Rad geleget, und auff den abend nach
1558 1948 2659 2094 sonnen Nidergang an dem gewohnten
1582 2043 2664 2176 verschmachten ort verscharret werden
1575 2161 2658 2282 solle. Aactum coram 200. den
1562 2240 2359 2384 28. Novembris 4737.
1595 2394 2743 2533 auß obige weise an der krauz gaßßen abgelesen und dann
1595 2475 2621 2623 gleich hernacher cacquiert den 19 novembris 1737.
1560 2584 2212 2739 zr sat an weghlen  die räle
1611 2704 2735 2856 auß anlaß des heütigen tags vor Neghen 1 ob l u 6
1599 2783 2720 2908 abgelesnen und beürteilleten criminat Processuo
1606 2857 2703 2996 über die vog Hanns Morgnegg verbrachte Mord jagt
1591 2913 2762 3071 habinder mys gutt befunden sich kughlich hierdurch zu
1605 3001 2424 3129 überlegung hizwazr außzutragen.
2438 3037 2753 3155 Ob nicht Tuhestam
1606 3071 2727 3212 und nohtendigsteyn wurde, daß in künfftigen zeiren
1599 3158 2749 3272 nicht alling die verküchfen crimmat frouduren, sonder
1611 3206 2751 3338 auch diesamtlichen vergichten in wiste, wie selbige bey denen
1602 3272 2770 3411 in der gefangenschafft gehaltenen caaminibus herauß kommen
1604 3333 2709 3479 zu maghen erforderlicher gmantom fürhaubung in die
2527 3441 2683 3548 lanzley
