4032 3024
532 430 1567 593 Sateit Whellingen in dem wuhres hauß wiederum
538 537 1507 682 zusammen kommen, allsoo sie sich in 2 rotten ge
532 608 1530 730 zu vier abgetillt, er schwart beil mebst dem
514 682 1532 800 Phitis, dem Gapen Friedel und Grinds-Lox f
526 750 1528 890 habind dem weg über Lentzburg, die übrigen
518 836 1538 956 Vier dann einen anderen wegen nach gedeütem
514 906 1523 1047 sangen genommen, frd detinquent und seine
529 980 1508 1144 rott segend die arpteren etwann nach 10 uhren
529 1073 1521 1227 daselbsten angelangt, da dann er schwartz beilen
527 1154 1516 1294 an das celberloch gerahtein, das eisten mit einem
522 1220 1506 1380 spahrer außgewogen habe, allwo einer hinein
515 1306 1510 1458 gschlaßfen und inbrndig grosnet, da sie
515 1396 1493 1531 dann allesamt herren gegangen ud oder 5
479 1448 1510 1581 wan liecht angezundet und nachtoerts die
526 1537 1505 1675 hausstuhr auff gemacht und die Stegen zuge
533 1607 1447 1745 ußgelurft, die übrigen burshn begaben
504 1688 1467 1812 sich int hauß hinauff, er delinquent aber
529 1769 1476 1893 bliebe eine zeitlang mntenher umb achtung zu
517 1847 1479 1957 geben, weil er noch gemandng in dem wihrts
518 1900 1480 2025 hauß sich lußig machend hörk. Der Grbru,
512 1980 1459 2116 Frantz und schoch stind anfangt in der wahd
508 2057 1468 2179 Kamner komen, hernach an des herren 3spfarrers
518 2128 1510 2244 Stubentuhr gerachten, habend selbe aufgesprecht,
517 2196 1455 2325 da folglich der Ghitip, der Haxen Friedel
526 2272 1426 2385 und Bägerli an den herren sich gemacht und
1378 2346 1476 2417 Der
515 2346 1279 2463 der erstere ihme den hieb gegeben.
514 2413 1450 2534 gheeber frantz der schuch im mnp frschmieds.
507 2480 1481 2593 frindel aber habind mit der fr Predibantin
516 2537 1475 2687 hußiert und sie das welt zu weisen gnöhtigt,
866 2634 967 2688 ihts
509 2628 1473 2738 dann er delin quent, außrichten könnte in deme
507 2696 1461 2820 er by auß brechung des Kellerlabt eine ziemlich
1380 2769 1468 2867 Er
510 2767 1338 2880 harte wunden an der hand bekommen.
511 2845 1474 2949 könne sich im übrigen nicht versinnen wie
512 2885 1488 3018 mann mit dem hrren ppfarrern und deßen geliebten
514 2973 1498 3089 umbgegangen, auß ert daß erd gesehen, daß der
517 3044 1486 3153 Hapen sriedel und d nit ihr selbigen in dem
1369 3097 1485 3181 der
518 3116 1264 3221 Keller huunter geschlapget gehabt:
504 3160 1486 3308 Gerber frant und scheil hab ind dem ganzen raub
514 3229 1501 3370 unß den lasen her auß genommen und herdor, gbracht,
1205 3324 1474 3428 Welcher auch
2772 346 2861 442 69
1755 440 2859 565 Welcheg auch diese ander mit zuführn das kup ferschinde
2767 521 2864 628 ch
1811 510 2611 658 fürdel vor das hauß hinaußgetragen
1803 558 2859 709 diesem machten sie sich samtlich zum hauß hinauß
1800 650 2872 771 und verschloßen die haus Stuhr fasßeten allesamt
1792 732 2872 855 ang den baub in säcklen und päcken eingemacht,
1799 801 2830 943 und trugen solchen durch einen gantz ünglichen
1805 883 2862 1011 wegen über Mellingen nach einem dorff am waßer
1790 948 2872 1092 Vogelhang) Banan allda bey anbrechendem
1791 1025 2836 1154 tag am dingten im schind und schinfaten
1804 1111 2863 1215 diß nach Elingnaut, allwo sie in dem wihrts
1800 1174 2870 1308 hauß zum Engel eingekehrt und das gold inder
2152 1245 2807 1368 gleich darnach wirkten si
1787 1261 2038 1364 sich geteillt
1806 1310 2857 1462 daselbst zu Klangnaute ein ander schik und
1782 1397 2855 1520 führen mit einizen alldazu ihnen gestoßenen
1758 1470 2874 1561 weiberen und nnderem biß auß dögeren, wo
1792 1537 2829 1655 selbsten sie im wihrts-hauß in der oberen
1786 1605 2862 1729 Stuben die übrigen gelter und effecten vollend
1796 1691 2857 1816 partagiert und des silberzengt halb hinnand en
1800 1752 2273 1869 außgekaufft haben.
2540 1764 2802 1872 von Diester
1792 1836 2822 1962 bent habe er delinquent bey 900 gulden.
1793 1892 2868 2006 samt einer geloßard, bstarki und einem köffel
1798 1972 2872 2095 von silber bekommen und daraus so gleich
1787 2050 2879 2153 sich einzig an waldshut verfürgt, allda von
1793 2115 2855 2259 dem lebstatt, wwihrt einn pfrnd für sich und eine
1792 2173 2867 2329 für einen mlitgegebenen keel gemirtet, seye also
1783 2246 2864 2393 gleichen samstag abends bald nach verschloßenem
1783 2327 2861 2454 Eor vor Schaafen hausen ankommen und am sonntag
1780 2390 2754 2543 morgens daselbsten in der statt beym hieschen
1786 2461 2842 2610 eingelangt, Allda habe erd einiche warren einge
1771 2539 2838 2681 laufft und sonsten sein gehabtes schweitzer gelt
1792 2592 2053 2702 vertochelet.
2226 2646 2841 2758 von Schaak hansen habe er
1779 2667 2826 2834 seinem gehabten pfarl durch einen handtwerckt,
1781 2732 2829 2882 Kerl biß nacher schlauch in des zuwersel so hauß
1785 2799 2853 2940 hintragen lasßen und allda sein weib wiederum
1784 2883 2839 3027 angetraffen, volgendt von ihme utrogls im
1768 2939 2813 3083 ppfrdt umb 30 fl gehandlet und darmit seine
1778 3027 2828 3168 Reuß nacher zimmeren und sy witers nacher Stürbing
1783 3078 2313 3218 Bautlingen etc. fortgesezet
1769 3145 2816 3302 NB. Allhier zu Sengen hat er wider an dem
1781 3239 2824 3374 Herren Pfredibantl nach an seine gemahling anaberuh
2556 3335 2807 3439 einiche hand
