4032 3024
642 691 1099 831 Relatio Eprurgica.
469 967 1449 1146 ndts underschriebener bin den 26. martii 1733
446 1112 1462 1236 Auß befelch herren obervogts amm guch erberg
446 1184 1441 1310 nacher Kyberg beraffen beiden, alda eine
436 1270 1447 1399 inspection eines todt verblichenen kinds
454 1341 1473 1478 einzunemmen allso mir ein sohl proportionis
448 1430 1433 1578 ses außgetragenes kind faemenini generis
436 1520 1441 1646 auf der briken zeiten liegend, nebst den
436 1597 1453 1737 recundinis geit vaßen und blut vermichter
432 1690 1472 1835 matheri inn einemm kübel ist vorgestelt worden
429 1776 1451 1914 nach heraußgenommenem finder, fonde dari
403 1875 1466 2018 gamentum umbricate an dem orth bie sonst
430 1964 1435 2099 gebrächlich abgerißen aber ohn anderbunden
449 2053 1430 2193 geblieben, alsdann bahre es auff ein
427 2141 1394 2281 Fisch gelegt an allen pastibus eaternis
435 2244 1461 2382 bohl dioctiert aber uin geringsten emiches
435 2314 1422 2455 gegalts erfunden borden umb aber ob
421 2404 1449 2543 das kind bebendig auff die welt gekommen
418 2504 1462 2623 Die erkantniß zu haben bahre eine fection
406 2586 1437 2713 der grast nohthendiger weiß vorzunemmen,
419 2692 1459 2816 So dann facta fectione die in pectore nnt-
433 2772 1433 2898 haltene edle theil alle sol propostioneert
421 2839 1463 3002 frisch mit lequitemm gebücht angefället erfunden,
412 2944 1475 3067 die palmoneo oder hangna Bletter alle zohl
429 3026 1465 3166 erhoben oder gleichsamm außgeblosen, sie die
430 3138 1450 3254 schon lafft inspirinoren lungen sein sollen
442 3219 1443 3366 nach nemmung derselben ins paßen gelegt,
416 3307 1447 3444 völlig eingohr geschbummen, selbiges so nicht
1260 3429 1397 3533 Sohon
2630 319 2745 416 171.
1594 496 2759 748 son lufft geschöpfet worden, henedar antho
1625 624 2750 819 rer recensiores e antiquiores nicht hafte ge
1598 692 2759 924 schechen kennen Caura Mortis also ist schlinh
1620 780 2758 1031 lich theils begen verblächtung deß ununder
1600 892 2707 1102 kunden gebliebenen ligamenti umbricatio
1623 970 2767 1195 theils auch begen inn der matsteren bie ob
1616 1078 2750 1294 gemelt liegend verlaßenen findts, so ohne an¬
1608 1182 2464 1365 deres hätte verschmachsen müßen,
1607 1270 2775 1465 so viel habe können bezägen und offestion
1954 1457 2618 1639 hfluger sicurgus.
1615 1554 2774 1722 Daß diese copia von seinemm bahren originati
1630 1650 2785 1846 getreütlich abgezogen Collationando demselben
1627 1717 2764 1903 von worth zu Worth gleichleütend erfunden
1637 1860 2437 2007 borden bescheint den 15. aprebl 1733.
1954 1975 2740 2121 DBahr Rohtschreiber und der
1955 2084 2591 2225 herschafft am sach Eyberg
2179 2184 2571 2283 ambt schrliber
