4032 3024
311 3057 471 3197 mit ihme
524 432 1552 616 keinchr hand angelegt, noch auch im hauß das we
531 551 1539 701 ingste von diesem raub biß solcher humber
522 628 1533 763 vor das hauß getragen ware, berühret zu haben
533 697 1509 853 nicht gestehen wollen. Obschon ihme vorge
513 771 1470 929 ghalten worden, daß die vierd dieser taht halb
524 854 1508 1007 bereits hingerichtete mrlittahfer amb ihne aus
516 930 1506 1087 gesagt, er habe den herren ppfarrer so übel
509 1007 1401 1142 Ulißhandelt und ihme den hieb gereben
503 1102 1512 1247 So wollte er gleichfehls nicht bekenntlich seyn
521 1193 1449 1303 daß von dieser großen beut er nach dato
523 1259 1471 1387 ettas fruchtbar und übriget habe außge
513 1356 1499 1466 nomen, daß er an dem zuver telste zu Schlauh
515 1416 1524 1563 N0 e an seinem sohn 31 g an dem wihrt
515 1470 1513 1624 zu Zimmerern N g und deßßenn bruder N g.
513 1552 1507 1693 annach zu forderen, auch etwelche waad zu
502 1607 1352 1761 Schorinanw bey Nturrnberg Rigend habe
505 1740 1506 1868 7. So habe er auch zu Bürghlen mit dem vlel
500 1828 1485 1958 lingerd Jacob under geigen Hanss einen clächt,
514 1897 1483 2015 lichen einbruch begangen, allwo fr delinquent
515 1971 1462 2085 furd seinen antall verschiedene silbern
518 2040 1498 2153 Läuffel einen teill von einem damart weder
493 2111 1469 2243 br Boit einem Blautoen Mlantel, ein blaut
506 2169 1474 2287 reitlllind von Camekat und einihe andere Clei
491 2238 1474 2370 sder sachen bekommen, so ers dann hin und hr
502 2303 741 2404 verhaudlet
488 2401 1480 2564 8. Verjuhrter auch, daß ohnteit hohen, embt
509 2491 1506 2636 in dem so genannter Jagrad haußlin frd mit Joseß
508 2578 1495 2693 Gesger genamt Rohfenburger dem Gypen hand
508 2648 1467 2766 dem Mellinger Jacob samt dero allsitigen
456 2716 1471 2822 weib und kinderen und nach einem unbekannten
492 2784 1492 2919 Keol beyen wöng sich befunden habe, alleo der
489 2844 1495 2966 Rohtenburger auß anlaß gewuß er redn, so er
484 2891 1491 3026 Schwartz bedl wird er des rtohfenburgers weibr
490 2976 1480 3113 Leüth das stimber vold gnamt geführt,
513 3056 1491 3192 in streitt gerachten und ihne etliche wlahl auf
490 3131 1401 3255 die mistolen herauß geladene und als er
486 3173 1491 3324 Derinquent nicht gleich etsprochen, habe der
1167 3280 1472 3392 Rehlenbnrghes
2810 328 2885 408 71
1757 444 2788 614 Roltenburger auß ihne in das Unach hinein
1784 522 2875 663 schießen wollen, die Margret seine schwiegers oder
1790 598 2883 753 stierts, wluter aber habe die tühr geschloind zuge-
1803 666 2833 817 macht, denach aber seye der schul Booß und
1796 747 2874 898 B Rugeln durch die tuhr hindrurch gegangen
1794 805 2881 968 und darson gedachte gelargret, sein deß rohtenbur
1790 878 2883 1044 igers Concubinin mluter, adt darnider gefallen
1766 946 2880 1097 Weilen nung mit desto Weiger dieser Gosten Rofen
1794 1046 2859 1205 burger ihne nicht zu Stuhe laßen wollen, habe
1798 1117 2894 1258 er schwartz betl, der geigenhan und shelliger
1799 1208 2880 1332 ar drech zuglich mit distolito und einem gehabten
1781 1284 2865 1432 Vogel Fleintlin auk selbigen looß geschoßen.
1788 1349 2880 1483 und ihne also tod darnider gelegt, daraußhin
1791 1438 2871 1572 allesamt sich fort gemacht. Einer habe dem
1787 1511 2864 1636 selben verfehlt, welcher und er ihnen aber e
1782 1594 2871 1716 getwsen, könne niemand wüßen, dann sie
1795 1665 2347 1800 all zugleich feüter geben.
1780 1791 2833 1926 g. Endtlichen gestuhnte er auch, daß er und sein
1766 1863 2872 1990 weib zu Arimnelfingen ohntreit alm gegen,
1775 1937 2888 2074 ärtig gewosen, als eines bey ihnen sich befundene.
1790 2022 2881 2154 wanners weib dem päder hand lerd Johannes
1792 2096 2873 2214 hertlin bey N g in gelt auß dem sall ent
1774 2160 2880 2291 sandt, dennoch ohne sein delinquenten vorbiseen.
1783 2232 2846 2367 Auß welchem anlaß er und die übrigen dann
1782 2316 2879 2453 zu Alm in verhafft gezogen und von d annem allhar
1798 2379 2151 2505 versandt worden
1759 2465 2868 2695 ot ülrigen so wollte er anach verschidenes
1772 2587 2865 2737 ihme vorgehaltener rauberegen und darbey under
1773 2680 2869 2850 Laßener eint- und anderer Erudetitetenn, so
1766 2749 2843 2907 ihme auß etwlchen von senen diebs gespahnen
1785 2817 2858 2965 hin und her ertrillten bebantnußen und darimn
1781 2886 2849 3024 auch auf ihme detinquent beschhenen anklagten
1789 2959 2868 3128 vorgehalten worden, keins wogt geständig seyn.
1774 3019 2357 3179 AAdum it supono.
