4032 3024
863 -19 1928 142 Rut Urtelen zutuhen, an dem alten herkommen nichts
868 78 1910 215 abgeänderet, sonder elagte) s v b nach vernes
869 147 1914 323 dn den sstlauß zu den stichterstuhl sich verfugen
872 236 1875 367 deß wrgen dann der richter stuhl nicht abgeschafft
866 316 1896 467 werding solle. Hngegen aber mnghen n den ralsten
865 392 1871 539 zur Consultation am bsgetragen das Nachdanken zu
861 501 972 591 haben
844 568 1876 727 2. Daß der zug vom Rachthauß zum Ruchterstuhl
849 658 1333 781 anständiger eingerichtet
858 744 1875 885 u. berm silberstuhl selbsten absonderliche schramben
844 846 1880 979 geseht werden sollten, daß so wohl meghl) die raht
846 910 1828 1057 as slacs die Buger ihr Pflatz Nomen Könnten
817 1016 1887 1158 3. Dann, wie das formalar wann die todt-Urveill
829 1091 1812 1254 vor dem Richter stuhl prromulgiert und abgelosen
837 1165 1217 1284 Wird einzerichten.
811 1245 1867 1422 halend vlaght und Ob. R. v. b. nach berüber an
816 1344 1856 1515 gehertem Gutachten und poar rationes des zugs er
811 1419 953 1516 kent
799 1499 1836 1671 Daß mlahen  die rtaht beorderst, folrlech dero dienere
811 1588 1787 1753 Großtaybl n herren grichschreike unds
803 1677 1793 1823 err Ammann, rachwerts die alten herrrn antleüthe
814 1745 1836 1915 und damn nagl) die Buraer gezimend zu dem sichter
790 1802 1808 1961 Stuhl elhl amts schuldthiß unb dem chrrn
776 1902 1821 2047 mesen du rcht in ihrer ordnung und wang rachts
800 1988 1790 2118 und Linbersteits in die vordersten schramken sich
796 2047 1807 2162 verfirgen, die drey obvordente bedink, dann wie
785 2117 1754 2243 biß har, also nechhehrner kinkt und recht erben
790 2197 1819 2339 Mehhe antt Schuldtheißan oder herren praviden
797 2273 1812 2396 ten stellen magse die bürgere aberd in die beide
788 2320 1811 2478 hinderst und außerste schramten aichter undt
780 2406 1799 2557 Riner, sitt auch gegen dem brunnen begeben sollind
787 2498 1791 2662 zum anderen, wie aberd die schrenken einzurichten
795 2545 1797 2720 Ist gut befunden worden, daß die vordersten für
797 2646 1813 2806 shachen die räht mit buß kaden, die zwy hindere
794 2717 1805 2860 nnd megh) die burger jeweilen umb ein stafel
1512 2842 1749 2963 oder titt
3020 15 3171 115 60
2051 23 3156 206 der zeitt von einem ganzen ades halben schuhe umb
2056 134 3165 276 desto beßerdstehen und horm zukömen nach gutfeinden
2047 213 3175 370 mrsen auteheren erzächet, auch gegen dim brunnen
2065 311 3146 437 von den anßern shranken beßer einberts andere
2056 392 3209 533 und sonderbarr schranken, auch mit shußläden belesen
2052 472 3149 612 at. Wur die ben geystlichen den Grimmnaten
2056 556 3157 701 in des wlitte habende, demne für die knaben am santher
2047 654 3173 790 gohntem vrt Niedere schranken von Mann t
2049 745 3165 886 schuhr hoch gemachet, an allen vierd ab nungen aber
2056 829 3139 969 Jengsamm wachter alle im furgen zu hinderen auß ge-
2035 907 3169 1067 stellt und erdtlichen oben ley dem zitgloggenehen
2053 1008 3108 1142 und unten bey dem vierd röhrnen brunmnen auch
2034 1088 3141 1208 manschafft verordnet werden solle, welche die fuhr
2030 1169 3126 1315 leuth die hindere gaßen aufb und abzefahren
2033 1230 3098 1395 gemahnen und nicht durch die hauptgaßen auß
2032 1331 2451 1466 und ablaßen zuheind
2011 1442 3127 1586 3. Und endtlichen dann, wie das formulare dero
2027 1532 3164 1683 ut Uerthil inzurichten, gelib gleghen ) schluß dasi
2020 1629 3126 1729 daß an dem montag, wann die blut, arvill außge
2020 1688 3114 1815 fellit wird, die frudur auf gleichem fuß eingerichtet,
2009 1767 3105 1898 wie biß hero neblich getresen, von dem hernn grichtscheibern
2027 1848 3108 1981 uuß dem Großerenen zurn buch abgelesen und wann
2023 1928 3118 2060 die Urteill zum odt gehet, solche deß darauf volgenden
2016 2004 3127 2129 Zinstagt an der Keruz Gaß von dem riechterstuhl erkent
2002 2080 3115 2191 auß und vrkundts-weid und nicht mit witbaubigen
2001 2152 3088 2284 fingang und erzehlung aller auch derd geäingsten kleinen
2017 2224 3078 2384 eetwbandungenpsonderen lediglich die rahnhaffen dieb,
2003 2293 3076 2435 stall oder andere mißekahlen, ob solche tags aderd
1997 2369 3096 2529 lachts auf abener straß, allment der zu hauß
2008 2456 3101 2609 und wiesolche beschehen außgetrunkt und also künfftig
1992 2551 2913 2690 ihm eingerichtet und verlesen werden stollind.
1974 2620 3097 2732 Wie nach sechendes Commulare überd einstehenden Carum
1996 2696 3094 2843 des kielaud häfers mlitzicket und allegen nach künffig
1993 2787 3004 2886 ihm sich errngenden zufahlen eingerichtet werden kan
1998 2863 2716 2987 Actum Coram 200. d 21 7 Aprilio 1730.
