<?xml version="1.0" encoding="UTF-8" standalone="yes"?>
<PcGts xmlns="http://schema.primaresearch.org/PAGE/gts/pagecontent/2013-07-15" xmlns:xsi="http://www.w3.org/2001/XMLSchema-instance" xsi:schemaLocation="http://schema.primaresearch.org/PAGE/gts/pagecontent/2013-07-15 http://schema.primaresearch.org/PAGE/gts/pagecontent/2013-07-15/pagecontent.xsd">
    <Metadata>
        <Creator>prov=University of Rostock/Institute of Mathematics/CITlab|PLANET AI GmbH/Gundram Leifert/gundram.leifert@planet-ai.de:name=German_Kurrent_XVI-XVIII_M1(htr_id=19584)::::v=2.6.7
prov=University of Rostock/Institute of Mathematics/CITlab|PLANET AI GmbH/Tobias Gruening/tobias.gruening@planet-ai.de:name=de.uros.citlab.module.baseline2polygon.B2PSeamMultiOriented:v=2.6.7
prov=University of Rostock/Institute of Mathematics/CITlab|PLANET AI GmbH/Tobias Gruening/tobias.gruening@planet-ai.de:name=/net_tf/LA73_249_0mod360.pb:de.uros.citlab.segmentation.CITlab_LA_ML:v=2.6.7
Transkribus</Creator>
        <Created>2021-03-11T14:21:28.661+01:00</Created>
        <LastChange>2022-09-12T15:18:16.811+02:00</LastChange>
        <TranskribusMetadata docId="1334847" pageId="52362645" pageNr="89" tsid="114644466" status="IN_PROGRESS" userId="9570" imgUrl="https://files.transkribus.eu/Get?id=NXUCAXYJXQZQWNLOZYPFMEVP&amp;fileType=view" xmlUrl="https://files.transkribus.eu/Get?id=XINJZIATUMNHTGKUCMWSMOXR" imageId="19931676"/>
    </Metadata>
    <Page imageFilename="IMG_8960.jpg" imageWidth="4032" imageHeight="3024">
        <ReadingOrder>
            <OrderedGroup id="ro_1687513653424" caption="Regions reading order">
                <RegionRefIndexed index="0" regionRef="r1"/>
                <RegionRefIndexed index="1" regionRef="r2"/>
            </OrderedGroup>
        </ReadingOrder>
        <TextRegion orientation="0.0" id="r1" custom="readingOrder {index:0;}">
            <Coords points="387,671 387,3513 1482,3513 1482,671"/>
            <TextLine id="r1l1" custom="readingOrder {index:0;}">
                <Coords points="461,778 696,739 967,754 1012,721 1158,752 1233,713 1490,747 1487,682 1212,633 1086,662 1023,619 883,669 765,647 648,703 548,706 456,658"/>
                <Baseline points="467,756 517,755 568,753 619,750 670,747 720,742 771,738 822,734 873,729 923,723 974,719 1025,716 1076,713 1126,710 1177,710 1228,710 1279,711 1329,714 1380,719 1431,725 1482,734"/>
                <TextEquiv>
                    <Unicode>examiniert und dardurch nach beschriebene befenden</Unicode>
                </TextEquiv>
            </TextLine>
            <TextLine id="r1l2" custom="readingOrder {index:1;}">
                <Coords points="426,867 1322,824 1317,757 1207,728 1054,770 935,757 896,787 612,755 421,803"/>
                <Baseline points="431,854 475,850 519,848 563,844 607,841 651,838 695,834 739,831 783,827 827,824 872,820 916,816 960,813 1004,811 1048,808 1092,806 1136,804 1180,803 1224,803 1268,801 1313,801"/>
                <TextEquiv>
                    <Unicode>hauß und verpicht antag kommen ist</Unicode>
                </TextEquiv>
            </TextLine>
            <TextLine id="r1l3" custom="readingOrder {index:2;}">
                <Coords points="454,1077 706,1064 859,1096 1093,1040 1183,1080 1256,1037 1412,1059 1427,998 1358,953 1226,998 992,986 901,938 756,1001 670,981 452,1020"/>
                <Baseline points="461,1062 509,1060 557,1058 605,1055 653,1053 701,1049 749,1046 797,1044 845,1041 893,1038 941,1037 989,1035 1037,1034 1085,1034 1133,1034 1181,1034 1229,1035 1277,1037 1325,1040 1373,1043 1421,1047"/>
                <TextEquiv>
                    <Unicode>Als namblichen und für das erste, So</Unicode>
                </TextEquiv>
            </TextLine>
            <TextLine id="r1l4" custom="readingOrder {index:3;}">
                <Coords points="430,1171 528,1189 713,1148 914,1178 1096,1123 1212,1165 1268,1130 1456,1131 1397,1079 1366,1099 1292,1061 1092,1101 895,1072 845,1107 640,1073 537,1126 428,1093"/>
                <Baseline points="437,1158 487,1155 538,1150 588,1148 639,1144 689,1142 740,1139 790,1135 841,1133 891,1130 942,1128 993,1126 1043,1125 1094,1124 1144,1124 1195,1124 1245,1124 1296,1125 1346,1127 1397,1130 1448,1131"/>
                <TextEquiv>
                    <Unicode>zeigte sei ar daß ihr nun perstorbenes</Unicode>
                </TextEquiv>
            </TextLine>
            <TextLine id="r1l5" custom="readingOrder {index:4;} person {offset:15; length:11;}">
                <Coords points="445,1259 592,1239 733,1270 904,1216 1138,1207 1452,1245 1478,1140 1353,1185 1237,1154 1173,1178 1078,1126 919,1187 444,1196"/>
                <Baseline points="452,1235 503,1233 554,1230 605,1228 656,1225 707,1223 758,1220 809,1218 860,1215 911,1214 962,1212 1013,1211 1064,1209 1115,1209 1166,1209 1217,1211 1268,1212 1319,1214 1370,1218 1421,1222 1473,1227"/>
                <TextEquiv>
                    <Unicode>vatter nahmens Hans Sutteg mit ihren mutter</Unicode>
                </TextEquiv>
            </TextLine>
            <TextLine id="r1l6" custom="readingOrder {index:5;} person {offset:8; length:8;}">
                <Coords points="446,1337 1449,1313 1447,1242 1333,1225 1278,1253 1223,1219 1083,1262 950,1225 750,1281 445,1273"/>
                <Baseline points="452,1320 501,1319 551,1317 600,1316 650,1313 699,1311 749,1309 798,1307 848,1304 897,1303 947,1301 996,1299 1046,1298 1095,1296 1145,1296 1194,1296 1244,1296 1293,1298 1343,1298 1392,1301 1442,1304"/>
                <TextEquiv>
                    <Unicode>nahmens Margreth So eine waltsche imm hein</Unicode>
                </TextEquiv>
            </TextLine>
            <TextLine id="r1l7" custom="readingOrder {index:6;}">
                <Coords points="445,1427 600,1398 873,1437 1470,1391 1436,1310 1261,1297 1189,1358 1076,1299 991,1361 864,1322 809,1359 646,1314 529,1359 444,1340"/>
                <Baseline points="452,1400 502,1398 553,1395 603,1394 654,1391 704,1389 755,1388 805,1386 856,1385 906,1383 957,1382 1008,1381 1058,1380 1109,1380 1159,1379 1210,1379 1260,1379 1311,1379 1361,1379 1412,1380 1463,1380"/>
                <TextEquiv>
                    <Unicode>de Venud inn den ehe getreften, und jei de¬</Unicode>
                </TextEquiv>
            </TextLine>
            <TextLine id="r1l8" custom="readingOrder {index:7;} place {offset:17; length:13;}">
                <Coords points="385,1506 442,1536 689,1484 799,1512 978,1471 1163,1510 1477,1487 1458,1435 1260,1388 1148,1433 779,1412 544,1452 447,1400 385,1437"/>
                <Baseline points="392,1485 445,1482 499,1478 553,1475 607,1473 661,1470 715,1469 768,1467 822,1467 876,1466 930,1466 984,1466 1038,1466 1092,1466 1145,1466 1199,1467 1253,1467 1307,1469 1361,1470 1415,1470 1469,1472"/>
                <TextEquiv>
                    <Unicode>ex lenquentiu zu montpreveiren gezeüget, noch</Unicode>
                </TextEquiv>
            </TextLine>
            <TextLine id="r1l9" custom="readingOrder {index:8;}">
                <Coords points="400,1592 1483,1563 1482,1524 1370,1491 963,1521 688,1484 399,1526"/>
                <Baseline points="407,1574 460,1571 513,1567 567,1564 620,1562 674,1559 727,1557 780,1555 834,1553 887,1553 941,1551 994,1551 1047,1550 1101,1550 1154,1550 1208,1551 1261,1551 1314,1553 1368,1554 1421,1556 1475,1557"/>
                <TextEquiv>
                    <Unicode> werts inn deß vatters zeimath Nach dieters</Unicode>
                </TextEquiv>
            </TextLine>
            <TextLine id="r1l10" custom="readingOrder {index:9;}">
                <Coords points="461,1691 567,1659 720,1695 812,1641 921,1669 1016,1639 1161,1695 1307,1638 1488,1664 1488,1604 1367,1559 1243,1616 926,1570 800,1614 501,1573 460,1598"/>
                <Baseline points="467,1649 517,1646 568,1643 619,1641 669,1640 720,1638 771,1637 821,1635 872,1635 923,1634 974,1634 1024,1634 1075,1634 1126,1634 1176,1634 1227,1635 1278,1635 1328,1637 1379,1638 1430,1640 1481,1643"/>
                <TextEquiv>
                    <Unicode>wyl gebracht, allso sei inn der gemeind so</Unicode>
                </TextEquiv>
            </TextLine>
            <TextLine id="r1l11" custom="readingOrder {index:10;}">
                <Coords points="382,1680 394,1682 400,1677 403,1680 411,1674 418,1676 424,1673 430,1665 440,1665 434,1582 427,1582 418,1593 415,1590 411,1592 392,1576 375,1577"/>
                <Baseline points="387,1656 432,1653"/>
                <TextEquiv>
                    <Unicode></Unicode>
                </TextEquiv>
            </TextLine>
            <TextLine id="r1l12" custom="readingOrder {index:11;}">
                <Coords points="1322,1697 1336,1701 1356,1686 1362,1689 1370,1683 1380,1685 1388,1693 1398,1683 1424,1689 1432,1681 1441,1680 1439,1653 1431,1654 1417,1642 1395,1659 1385,1658 1374,1648 1359,1651 1347,1643 1340,1647 1335,1641 1319,1642"/>
                <Baseline points="1328,1682 1354,1679 1380,1679 1406,1678 1433,1676"/>
                <TextEquiv>
                    <Unicode></Unicode>
                </TextEquiv>
            </TextLine>
            <TextLine id="r1l13" custom="readingOrder {index:12;}">
                <Coords points="391,1784 496,1748 708,1782 767,1745 1112,1716 1238,1763 1474,1735 1449,1675 1326,1703 1234,1666 1133,1704 1015,1639 802,1700 389,1673"/>
                <Baseline points="398,1745 451,1740 504,1734 558,1730 611,1727 665,1724 718,1722 772,1721 825,1719 879,1719 932,1719 985,1719 1039,1719 1092,1719 1146,1721 1199,1721 1253,1721 1306,1721 1360,1721 1413,1719 1467,1719"/>
                <TextEquiv>
                    <Unicode>rersthyl einganger gegesen und zei und abei</Unicode>
                </TextEquiv>
            </TextLine>
            <TextLine id="r1l14" custom="readingOrder {index:13;}">
                <Coords points="382,1847 628,1818 722,1853 1265,1860 1480,1814 1362,1739 950,1794 745,1752 638,1796 565,1757 381,1801"/>
                <Baseline points="389,1836 443,1830 497,1826 551,1822 605,1818 659,1816 713,1815 768,1814 822,1812 876,1812 930,1812 984,1814 1038,1814 1092,1814 1147,1814 1201,1814 1255,1814 1309,1812 1363,1811 1417,1809 1472,1805"/>
                <TextEquiv>
                    <Unicode>ge kind in großer armuht auseszogen, a</Unicode>
                </TextEquiv>
            </TextLine>
            <TextLine id="r1l15" custom="readingOrder {index:14;}">
                <Coords points="457,1935 520,1958 582,1910 706,1941 811,1907 900,1946 999,1896 1235,1955 1470,1899 1470,1856 870,1863 682,1822 596,1869 456,1858"/>
                <Baseline points="464,1910 516,1907 569,1904 621,1904 674,1902 726,1901 779,1901 832,1899 884,1899 937,1899 989,1899 1042,1899 1094,1899 1147,1899 1200,1899 1252,1898 1305,1898 1357,1896 1410,1895 1463,1892"/>
                <TextEquiv>
                    <Unicode>maßen eliede maleficantin nur zwei winter</Unicode>
                </TextEquiv>
            </TextLine>
            <TextLine id="r1l16" custom="readingOrder {index:15;}">
                <Coords points="394,1937 401,1937 408,1933 419,1921 437,1917 430,1851 423,1852 417,1858 414,1856 408,1856 407,1858 395,1851 385,1852"/>
                <Baseline points="399,1917 429,1914"/>
                <TextEquiv>
                    <Unicode></Unicode>
                </TextEquiv>
            </TextLine>
            <TextLine id="r1l17" custom="readingOrder {index:16;}">
                <Coords points="421,2027 583,2047 764,1991 906,2026 958,1991 1285,2039 1369,1992 1442,2004 1455,1951 1319,1918 1240,1959 1113,1926 982,1959 811,1906 705,1941 637,1905 519,1957 420,1919"/>
                <Baseline points="428,1991 479,1988 530,1986 581,1983 632,1982 683,1982 734,1980 785,1980 836,1980 887,1980 938,1980 989,1980 1040,1980 1091,1980 1142,1980 1193,1982 1244,1982 1295,1982 1346,1982 1397,1980 1448,1980"/>
                <TextEquiv>
                    <Unicode>die schahlen besuchen und länger nicht als</Unicode>
                </TextEquiv>
            </TextLine>
            <TextLine id="r1l18" custom="readingOrder {index:17;}">
                <Coords points="433,2123 742,2068 804,2108 864,2075 951,2112 1284,2073 1427,2100 1467,2094 1467,2009 925,2040 672,1997 575,2051 514,2014 432,2033"/>
                <Baseline points="440,2079 491,2076 542,2075 593,2073 644,2073 695,2072 746,2072 797,2072 848,2072 899,2073 950,2073 1001,2073 1052,2073 1103,2073 1154,2073 1205,2072 1256,2072 1307,2070 1358,2068 1409,2065 1460,2061"/>
                <TextEquiv>
                    <Unicode>boßt auff das achte jahr elters bei den e</Unicode>
                </TextEquiv>
            </TextLine>
            <TextLine id="r1l19" custom="readingOrder {index:18;}">
                <Coords points="415,2182 839,2189 929,2159 1062,2199 1155,2157 1264,2199 1440,2144 1410,2092 1241,2078 1205,2111 991,2093 940,2130 880,2103 740,2124 647,2078 414,2106"/>
                <Baseline points="422,2157 472,2156 523,2154 573,2153 624,2151 674,2151 725,2150 775,2150 826,2148 876,2148 927,2148 978,2148 1028,2147 1079,2147 1129,2147 1180,2146 1230,2145 1281,2145 1331,2143 1382,2142 1433,2141"/>
                <TextEquiv>
                    <Unicode>Iteren sich auffhalten können, sonderen in</Unicode>
                </TextEquiv>
            </TextLine>
            <TextLine id="r1l20" custom="readingOrder {index:19;}">
                <Coords points="424,2247 620,2281 711,2236 810,2281 963,2228 1089,2283 1211,2242 1438,2269 1437,2205 1369,2169 1264,2199 1137,2169 1062,2199 664,2169 423,2192"/>
                <Baseline points="431,2232 483,2232 536,2231 588,2231 641,2229 693,2229 746,2229 799,2229 851,2229 904,2229 956,2229 1009,2228 1061,2228 1114,2228 1167,2228 1219,2228 1272,2226 1324,2226 1377,2225 1430,2223"/>
                <TextEquiv>
                    <Unicode>diensttretten Müßen iea Jei anfanglich</Unicode>
                </TextEquiv>
            </TextLine>
            <TextLine id="r1l21" custom="readingOrder {index:20;}">
                <Coords points="424,2350 578,2300 663,2352 847,2305 914,2334 1452,2315 1452,2278 1300,2242 1241,2283 1077,2281 962,2228 810,2281 700,2241 620,2279 424,2247"/>
                <Baseline points="431,2300 481,2300 532,2300 583,2298 633,2298 684,2298 735,2300 785,2300 836,2300 887,2300 938,2301 988,2301 1039,2301 1090,2303 1140,2303 1191,2303 1242,2303 1292,2301 1343,2301 1394,2300 1445,2298"/>
                <TextEquiv>
                    <Unicode>zu gaanng und besorgung dler findegen</Unicode>
                </TextEquiv>
            </TextLine>
            <TextLine id="r1l22" custom="readingOrder {index:21;}">
                <Coords points="437,2403 581,2417 827,2370 881,2415 1176,2385 1320,2433 1455,2377 1455,2337 1241,2318 1187,2349 971,2313 780,2359 437,2354"/>
                <Baseline points="443,2381 493,2379 543,2379 593,2379 644,2381 694,2381 744,2381 794,2381 845,2382 895,2382 945,2382 995,2382 1046,2382 1096,2382 1146,2382 1196,2381 1247,2381 1297,2379 1347,2378 1397,2376 1448,2373"/>
                <TextEquiv>
                    <Unicode>gebraucht worden. Allse habe sei sich aber</Unicode>
                </TextEquiv>
            </TextLine>
            <TextLine id="r1l23" custom="readingOrder {index:22;}">
                <Coords points="422,2512 767,2455 875,2500 1120,2458 1347,2491 1467,2460 1467,2405 1303,2434 1160,2386 1027,2423 878,2413 822,2371 754,2415 515,2391 421,2432"/>
                <Baseline points="428,2463 479,2460 531,2460 582,2459 634,2458 686,2457 737,2457 789,2457 840,2457 892,2456 944,2456 995,2456 1047,2456 1098,2456 1150,2456 1202,2454 1253,2454 1305,2453 1356,2451 1408,2449 1460,2447"/>
                <TextEquiv>
                    <Unicode>fylst jahr hin und fer imm feütsch- und belt</Unicode>
                </TextEquiv>
            </TextLine>
            <TextLine id="r1l24" custom="readingOrder {index:23;}">
                <Coords points="400,2571 452,2595 716,2541 1042,2598 1239,2544 1333,2582 1462,2532 1462,2496 1279,2471 1194,2504 1120,2459 861,2520 699,2480 399,2511"/>
                <Baseline points="407,2549 459,2545 511,2544 564,2542 616,2541 669,2540 721,2540 773,2540 826,2541 878,2541 931,2541 983,2541 1035,2541 1088,2541 1140,2541 1193,2540 1245,2539 1297,2537 1350,2534 1402,2531 1455,2526"/>
                <TextEquiv>
                    <Unicode>schen handt an acht verschredenen orthen in</Unicode>
                </TextEquiv>
            </TextLine>
            <TextLine id="r1l25" custom="readingOrder {index:24;}">
                <Coords points="415,2641 644,2630 733,2684 974,2625 1065,2686 1180,2640 1333,2678 1444,2654 1444,2567 1178,2551 1103,2600 937,2610 813,2571 666,2612 581,2576 415,2592"/>
                <Baseline points="422,2630 472,2629 523,2628 574,2628 625,2628 675,2628 726,2628 777,2628 828,2628 878,2630 929,2630 980,2630 1031,2630 1081,2630 1132,2630 1183,2628 1234,2627 1284,2625 1335,2624 1386,2621 1437,2618"/>
                <TextEquiv>
                    <Unicode>diensten auffgehalten und jederzeit ehrlich</Unicode>
                </TextEquiv>
            </TextLine>
            <TextLine id="r1l26" custom="readingOrder {index:25;}">
                <Coords points="427,2747 677,2712 1069,2770 1278,2718 1416,2751 1479,2735 1479,2663 1315,2688 1162,2659 1056,2692 968,2626 732,2685 645,2631 426,2665"/>
                <Baseline points="434,2717 485,2715 537,2712 589,2711 641,2711 693,2711 745,2711 797,2711 849,2711 901,2712 953,2712 1004,2714 1056,2714 1108,2714 1160,2714 1212,2712 1264,2711 1316,2709 1368,2705 1420,2702 1472,2697"/>
                <TextEquiv>
                    <Unicode>fromb und bescheitsamm sich außgeführt und er</Unicode>
                </TextEquiv>
            </TextLine>
            <TextLine id="r1l27" custom="readingOrder {index:26;}">
                <Coords points="418,2821 859,2838 1107,2806 1315,2843 1477,2809 1478,2758 1274,2721 1194,2770 1009,2779 910,2730 851,2768 535,2716 418,2756"/>
                <Baseline points="425,2799 477,2796 529,2793 581,2792 634,2792 686,2792 738,2793 790,2793 843,2795 895,2796 947,2798 999,2799 1052,2801 1104,2802 1156,2802 1208,2802 1261,2801 1313,2799 1365,2796 1417,2792 1470,2787"/>
                <TextEquiv>
                    <Unicode>wiesen, Gestalten keine andere klaag Jehe¬</Unicode>
                </TextEquiv>
            </TextLine>
            <TextLine id="r1l28" custom="readingOrder {index:27;}">
                <Coords points="414,2911 599,2888 705,2944 824,2900 997,2941 1153,2902 1265,2944 1328,2897 1485,2910 1487,2801 1181,2870 415,2824"/>
                <Baseline points="422,2876 474,2874 527,2874 580,2876 633,2877 686,2879 739,2880 791,2883 844,2886 897,2888 950,2890 1003,2892 1056,2894 1109,2894 1161,2895 1214,2895 1267,2893 1320,2892 1373,2888 1426,2884 1479,2877"/>
                <TextEquiv>
                    <Unicode>mahls ihrerthalb erfolget, Als daß sei frau¬</Unicode>
                </TextEquiv>
            </TextLine>
            <TextLine id="r1l29" custom="readingOrder {index:28;}">
                <Coords points="448,3002 664,2965 752,3028 953,2982 1029,3033 1167,2982 1406,2990 1462,2938 1360,2895 1265,2945 1079,2920 969,2953 900,2921 673,2947 450,2908"/>
                <Baseline points="456,2960 505,2960 555,2960 605,2961 655,2963 705,2964 755,2966 805,2968 855,2970 905,2972 955,2974 1004,2976 1054,2976 1104,2978 1154,2978 1204,2978 1254,2976 1304,2974 1354,2970 1404,2967 1454,2961"/>
                <TextEquiv>
                    <Unicode>mühtigen und sprachen compterion und den</Unicode>
                </TextEquiv>
            </TextLine>
            <TextLine id="r1l30" custom="readingOrder {index:29;}">
                <Coords points="1295,3083 1324,3067 1358,3060 1416,3076 1429,3061 1464,3047 1454,2972 1430,2973 1396,2999 1361,3002 1338,3022 1284,3003"/>
                <Baseline points="1299,3057 1325,3056 1351,3053 1377,3050 1403,3046 1429,3041 1455,3036"/>
                <TextEquiv>
                    <Unicode>laser</Unicode>
                </TextEquiv>
            </TextLine>
            <TextLine id="r1l31" custom="readingOrder {index:30;}">
                <Coords points="453,3077 647,3091 750,3082 786,3051 978,3097 1054,3062 1115,3099 1209,3069 1211,3031 1026,3032 966,2996 748,3027 625,2972 575,3004 456,3004"/>
                <Baseline points="462,3042 499,3041 536,3041 573,3041 610,3041 647,3042 684,3042 721,3044 758,3045 795,3047 832,3049 869,3051 906,3054 943,3055 980,3057 1017,3057 1054,3059 1091,3059 1128,3059 1165,3059 1203,3059"/>
                <TextEquiv>
                    <Unicode>giechteren undersorsten fahre.</Unicode>
                </TextEquiv>
            </TextLine>
            <TextLine id="r1l32" custom="readingOrder {index:31;} place {offset:32; length:11;}">
                <Coords points="430,3152 661,3124 776,3177 1470,3171 1447,3069 938,3082 896,3115 709,3070 653,3104 432,3071"/>
                <Baseline points="437,3120 488,3120 539,3119 591,3120 642,3122 693,3123 745,3126 796,3129 847,3132 899,3135 950,3138 1001,3141 1053,3143 1104,3144 1155,3146 1207,3146 1258,3144 1309,3142 1361,3139 1412,3133 1464,3126"/>
                <TextEquiv>
                    <Unicode>Inn ihrem bestmahligen llienst zu Fepenstorff</Unicode>
                </TextEquiv>
            </TextLine>
            <TextLine id="r1l33" custom="readingOrder {index:32;}">
                <Coords points="435,3232 767,3250 843,3224 916,3274 945,3247 1319,3270 1443,3228 1445,3171 1390,3166 1184,3215 1037,3163 788,3181 662,3128 535,3166 439,3140"/>
                <Baseline points="444,3203 493,3203 543,3201 592,3203 642,3204 692,3206 741,3209 791,3213 840,3216 890,3220 940,3224 989,3226 1039,3230 1088,3232 1138,3234 1188,3234 1237,3234 1287,3234 1336,3232 1386,3228 1436,3222"/>
                <TextEquiv>
                    <Unicode>sich befunden, habe sei sich vor ohngeführ</Unicode>
                </TextEquiv>
            </TextLine>
            <TextLine id="r1l34" custom="readingOrder {index:33;} person {offset:14; length:13;}">
                <Coords points="433,3313 475,3281 604,3336 915,3297 1149,3365 1218,3314 1432,3314 1466,3240 1197,3290 1141,3260 968,3286 747,3237 435,3231"/>
                <Baseline points="441,3279 491,3281 542,3281 593,3283 644,3285 695,3288 745,3291 796,3294 847,3297 898,3301 949,3303 999,3306 1050,3308 1101,3309 1152,3311 1203,3311 1253,3310 1304,3307 1355,3305 1406,3300 1457,3294"/>
                <TextEquiv>
                    <Unicode>Wier jahren mit Genmhardt ort einemm seiten</Unicode>
                </TextEquiv>
            </TextLine>
            <TextLine id="r1l35" custom="readingOrder {index:34;} place {offset:26; length:9;}">
                <Coords points="437,3399 728,3378 821,3420 965,3397 1168,3439 1410,3409 1411,3373 1326,3317 1219,3314 1152,3366 1043,3375 915,3298 841,3353 773,3321 439,3340"/>
                <Baseline points="444,3372 492,3372 540,3372 588,3372 636,3374 684,3376 732,3380 780,3382 828,3386 876,3388 924,3391 972,3394 1020,3396 1068,3398 1116,3399 1164,3401 1212,3399 1260,3399 1308,3396 1356,3392 1404,3387"/>
                <TextEquiv>
                    <Unicode>Und Restell-Wahr Krämer von Underseen</Unicode>
                </TextEquiv>
            </TextLine>
            <TextLine id="r1l36" custom="readingOrder {index:35;}">
                <Coords points="1124,3517 1187,3498 1208,3511 1253,3514 1291,3503 1310,3516 1335,3490 1366,3487 1363,3427 1335,3416 1306,3430 1290,3417 1259,3429 1231,3422 1181,3456 1151,3449 1121,3462"/>
                <Baseline points="1130,3494 1155,3491 1180,3488 1206,3486 1231,3485 1256,3483 1282,3482 1307,3482 1332,3483 1358,3485"/>
                <TextEquiv>
                    <Unicode>gebührtig</Unicode>
                </TextEquiv>
            </TextLine>
            <TextEquiv>
                <Unicode>examiniert und dardurch nach beschriebene befenden
hauß und verpicht antag kommen ist
Als namblichen und für das erste, So
zeigte sei ar daß ihr nun perstorbenes
vatter nahmens Hans Sutteg mit ihren mutter
nahmens Margreth So eine waltsche imm hein
de Venud inn den ehe getreften, und jei de¬
ex lenquentiu zu montpreveiren gezeüget, noch
 werts inn deß vatters zeimath Nach dieters
wyl gebracht, allso sei inn der gemeind so


rersthyl einganger gegesen und zei und abei
ge kind in großer armuht auseszogen, a
maßen eliede maleficantin nur zwei winter

die schahlen besuchen und länger nicht als
boßt auff das achte jahr elters bei den e
Iteren sich auffhalten können, sonderen in
diensttretten Müßen iea Jei anfanglich
zu gaanng und besorgung dler findegen
gebraucht worden. Allse habe sei sich aber
fylst jahr hin und fer imm feütsch- und belt
schen handt an acht verschredenen orthen in
diensten auffgehalten und jederzeit ehrlich
fromb und bescheitsamm sich außgeführt und er
wiesen, Gestalten keine andere klaag Jehe¬
mahls ihrerthalb erfolget, Als daß sei frau¬
mühtigen und sprachen compterion und den
laser
giechteren undersorsten fahre.
Inn ihrem bestmahligen llienst zu Fepenstorff
sich befunden, habe sei sich vor ohngeführ
Wier jahren mit Genmhardt ort einemm seiten
Und Restell-Wahr Krämer von Underseen
gebührtig</Unicode>
            </TextEquiv>
        </TextRegion>
        <TextRegion orientation="0.0" id="r2" custom="readingOrder {index:1;}">
            <Coords points="1577,492 1577,3453 2730,3453 2730,492"/>
            <TextLine id="r2l1" custom="readingOrder {index:0;}">
                <Coords points="2593,554 2603,558 2614,557 2618,561 2633,552 2638,557 2656,552 2668,557 2676,498 2662,497 2653,503 2646,503 2630,488 2622,494 2603,490"/>
                <Baseline points="2603,534 2633,537 2663,543"/>
                <TextEquiv>
                    <Unicode>165</Unicode>
                </TextEquiv>
            </TextLine>
            <TextLine id="r2l2" custom="readingOrder {index:1;} place {offset:30; length:9;}">
                <Coords points="1634,751 1772,700 2084,726 2184,690 2549,751 2631,710 2632,649 2433,677 2229,600 2160,650 1982,660 1750,610 1634,667"/>
                <Baseline points="1641,713 1690,707 1739,704 1788,700 1837,698 1887,695 1936,693 1985,692 2034,692 2083,692 2133,692 2182,693 2231,693 2280,695 2329,698 2379,700 2428,702 2477,705 2526,708 2575,712 2625,716"/>
                <TextEquiv>
                    <Unicode>gebührtig verheübrachtet und zu Rapenswyl</Unicode>
                </TextEquiv>
            </TextLine>
            <TextLine id="r2l3" custom="readingOrder {index:2;}">
                <Coords points="1627,803 1747,794 1783,825 1940,781 2009,811 2131,767 2222,808 2309,777 2579,819 2688,796 2688,763 2593,731 2463,761 2072,718 1905,751 1771,702 1690,754 1627,745"/>
                <Baseline points="1634,791 1686,786 1738,781 1791,779 1843,776 1896,773 1948,773 2000,771 2053,771 2105,771 2158,771 2210,771 2262,773 2315,774 2367,775 2420,777 2472,779 2524,781 2577,783 2629,786 2682,788"/>
                <TextEquiv>
                    <Unicode>den ferfgang gehalten, son damme fmr in jahrs</Unicode>
                </TextEquiv>
            </TextLine>
            <TextLine id="r2l4" custom="readingOrder {index:3;}">
                <Coords points="1612,912 1956,848 2047,876 2158,853 2300,904 2377,864 2515,909 2644,871 2620,819 2333,796 1962,828 1873,789 1766,839 1612,811"/>
                <Baseline points="1619,875 1669,870 1720,864 1771,860 1822,858 1873,855 1924,854 1975,852 2026,852 2077,851 2128,852 2178,852 2229,853 2280,854 2331,855 2382,857 2433,858 2484,860 2535,862 2586,863 2637,866"/>
                <TextEquiv>
                    <Unicode>Prist ein find. so nun verstorben) erzeüget.</Unicode>
                </TextEquiv>
            </TextLine>
            <TextLine id="r2l5" custom="readingOrder {index:4;} place {offset:48; length:1; continued:true;}">
                <Coords points="1621,979 1962,938 2196,963 2240,926 2361,974 2441,935 2674,950 2673,898 2298,903 2161,855 1985,903 1846,877 1768,913 1620,905"/>
                <Baseline points="1628,956 1679,949 1731,943 1783,939 1835,935 1887,931 1939,929 1991,927 2043,926 2095,924 2147,924 2198,924 2250,924 2302,926 2354,927 2406,929 2458,929 2510,930 2562,932 2614,933 2666,935"/>
                <TextEquiv>
                    <Unicode>Welcher aber bald hernech auff anstofften und auß</Unicode>
                </TextEquiv>
            </TextLine>
            <TextLine id="r2l6" custom="readingOrder {index:5;} place {offset:0; length:6; continued:true;}">
                <Coords points="1620,1039 1772,1059 2027,1016 2107,1063 2366,1004 2600,1046 2676,1034 2675,958 2521,931 2464,975 2224,975 1970,937 1915,980 1772,949 1619,977"/>
                <Baseline points="1628,1037 1680,1030 1732,1025 1784,1018 1836,1014 1888,1010 1940,1008 1992,1005 2044,1004 2096,1003 2148,1002 2200,1002 2252,1002 2304,1003 2356,1004 2408,1005 2460,1007 2512,1008 2564,1009 2616,1011 2669,1011"/>
                <TextEquiv>
                    <Unicode>Werdrußt von seiner Ergenen Mutter Ander Ir</Unicode>
                </TextEquiv>
            </TextLine>
            <TextLine id="r2l7" custom="readingOrder {index:6;} organization {offset:24; length:12;}">
                <Coords points="1631,1158 1761,1121 1797,1145 1861,1091 2015,1083 2112,1123 2188,1087 2387,1096 2450,1134 2567,1086 2608,1121 2674,1098 2673,1062 2567,1025 2365,1005 2169,1065 2010,1022 1847,1064 1629,1046"/>
                <Baseline points="1637,1112 1688,1106 1740,1101 1791,1097 1843,1094 1894,1091 1946,1088 1997,1086 2049,1085 2100,1083 2152,1083 2203,1082 2255,1082 2306,1082 2358,1082 2409,1083 2461,1084 2512,1085 2564,1086 2615,1088 2667,1089"/>
                <TextEquiv>
                    <Unicode>obrist Quectenant Mag inn Hollandische kriegs</Unicode>
                </TextEquiv>
            </TextLine>
            <TextLine id="r2l8" custom="readingOrder {index:7;}">
                <Coords points="1630,1203 1931,1177 2319,1211 2417,1177 2577,1220 2666,1182 2665,1112 2294,1110 2250,1141 2147,1091 2108,1131 1837,1108 1798,1145 1765,1120 1629,1161"/>
                <Baseline points="1637,1184 1688,1181 1739,1176 1790,1173 1841,1172 1892,1169 1943,1166 1994,1164 2045,1163 2096,1161 2147,1161 2198,1160 2249,1158 2300,1158 2351,1158 2402,1158 2453,1158 2504,1158 2555,1160 2606,1160 2658,1161"/>
                <TextEquiv>
                    <Unicode>dienste sich begeben und noch allezeit daselbst</Unicode>
                </TextEquiv>
            </TextLine>
            <TextLine id="r2l9" custom="readingOrder {index:8;}">
                <Coords points="1631,1321 1659,1311 1697,1274 1721,1286 1739,1276 1767,1291 1795,1262 1816,1258 1852,1275 1892,1252 1888,1198 1837,1210 1793,1191 1786,1198 1758,1191 1714,1219 1702,1210 1676,1215 1650,1197 1638,1208 1622,1205"/>
                <Baseline points="1634,1265 1659,1262 1684,1261 1709,1259 1734,1256 1759,1254 1784,1252 1809,1251 1834,1249 1859,1247 1884,1245"/>
                <TextEquiv>
                    <Unicode>sich befindt.</Unicode>
                </TextEquiv>
            </TextLine>
            <TextLine id="r2l10" custom="readingOrder {index:9;}">
                <Coords points="1638,1393 1812,1378 1860,1419 1965,1380 2016,1412 2079,1372 2145,1408 2213,1362 2561,1388 2716,1365 2714,1290 2640,1315 2460,1272 2320,1285 2212,1346 1984,1353 1804,1330 1747,1284 1635,1292"/>
                <Baseline points="1644,1383 1697,1382 1750,1381 1803,1380 1857,1378 1910,1376 1963,1374 2016,1373 2070,1371 2123,1370 2176,1368 2229,1367 2283,1365 2336,1364 2389,1364 2442,1362 2496,1361 2549,1361 2602,1361 2655,1361 2709,1361"/>
                <TextEquiv>
                    <Unicode>2 Seit ihres ehemans abgesen habe sei alle</Unicode>
                </TextEquiv>
            </TextLine>
            <TextLine id="r2l11" custom="readingOrder {index:10;}">
                <Coords points="1603,1493 1718,1529 1926,1478 2012,1499 2141,1438 2197,1467 2352,1432 2415,1470 2677,1452 2676,1421 2540,1369 2264,1425 2068,1372 1982,1432 1811,1379 1600,1392"/>
                <Baseline points="1610,1467 1663,1466 1716,1464 1769,1462 1822,1460 1875,1458 1928,1455 1981,1452 2034,1449 2087,1447 2140,1445 2193,1443 2246,1442 2299,1440 2352,1439 2405,1439 2458,1439 2511,1439 2564,1439 2617,1440 2670,1443"/>
                <TextEquiv>
                    <Unicode>zzeit sich zu Ruti bei banren ausgehalten</Unicode>
                </TextEquiv>
            </TextLine>
            <TextLine id="r2l12" custom="readingOrder {index:11;}">
                <Coords points="1647,1576 1759,1548 1983,1576 2171,1519 2282,1522 2341,1575 2525,1523 2613,1574 2699,1565 2698,1475 2520,1502 2363,1439 2258,1501 2183,1462 2109,1508 1789,1488 1646,1520"/>
                <Baseline points="1653,1542 1704,1541 1756,1539 1808,1536 1860,1535 1912,1533 1964,1532 2016,1530 2068,1529 2120,1527 2172,1526 2223,1524 2275,1524 2327,1523 2379,1523 2431,1521 2483,1521 2535,1521 2587,1521 2639,1523 2691,1523"/>
                <TextEquiv>
                    <Unicode>emr sommers zeith umb den toglohn geerbeithet,</Unicode>
                </TextEquiv>
            </TextLine>
            <TextLine id="r2l13" custom="readingOrder {index:12;} place {offset:1; length:11;}">
                <Coords points="1613,1647 1728,1670 2097,1606 2435,1649 2477,1608 2668,1611 2667,1563 1790,1557 1705,1598 1611,1559"/>
                <Baseline points="1619,1622 1671,1619 1723,1615 1775,1613 1827,1610 1879,1608 1931,1607 1983,1605 2035,1605 2087,1604 2140,1604 2192,1602 2244,1602 2296,1602 2348,1602 2400,1601 2452,1601 2504,1601 2556,1601 2608,1599 2661,1599"/>
                <TextEquiv>
                    <Unicode>zu winterszeit ober mit rehen sammen und</Unicode>
                </TextEquiv>
            </TextLine>
            <TextLine id="r2l14" custom="readingOrder {index:13;}">
                <Coords points="1633,1696 1739,1740 1884,1686 1987,1731 2279,1736 2345,1690 2427,1714 2479,1679 2637,1707 2699,1689 2699,1640 2586,1603 2459,1650 2188,1658 2106,1614 2040,1664 1633,1653"/>
                <Baseline points="1640,1694 1692,1691 1745,1688 1797,1686 1850,1685 1903,1683 1955,1683 2008,1683 2061,1683 2113,1683 2166,1683 2219,1683 2271,1683 2324,1683 2377,1683 2429,1683 2482,1683 2535,1683 2587,1682 2640,1680 2693,1679"/>
                <TextEquiv>
                    <Unicode>Schankhüet machen, sich durchgebracht alde zei</Unicode>
                </TextEquiv>
            </TextLine>
            <TextLine id="r2l15" custom="readingOrder {index:14;} person {offset:19; length:11;}">
                <Coords points="1625,1789 1951,1807 2337,1761 2471,1811 2509,1776 2700,1771 2699,1725 2654,1714 2060,1740 1899,1689 1741,1740 1624,1727"/>
                <Baseline points="1631,1773 1684,1772 1737,1770 1790,1769 1843,1767 1896,1766 1949,1766 2002,1765 2055,1764 2108,1764 2162,1764 2215,1763 2268,1763 2321,1763 2374,1763 2427,1763 2480,1761 2533,1761 2586,1761 2639,1760 2693,1758"/>
                <TextEquiv>
                    <Unicode>von zeit zu zeit von Hans Maller ceß alten</Unicode>
                </TextEquiv>
            </TextLine>
            <TextLine id="r2l16" custom="readingOrder {index:15;} place {offset:27; length:4;} place {offset:35; length:4;}">
                <Coords points="1630,1864 1740,1900 1992,1849 2110,1899 2341,1852 2407,1895 2587,1896 2709,1858 2709,1811 2510,1776 2457,1815 2340,1762 2273,1820 1629,1799"/>
                <Baseline points="1637,1848 1690,1846 1743,1844 1796,1842 1850,1839 1903,1839 1956,1838 2009,1838 2063,1836 2116,1836 2169,1836 2222,1836 2276,1836 2329,1836 2382,1836 2435,1836 2489,1836 2542,1835 2595,1835 2648,1833 2702,1832"/>
                <TextEquiv>
                    <Unicode>Ammans sohn einemm eheman zu Rati zu Unge</Unicode>
                </TextEquiv>
            </TextLine>
            <TextLine id="r2l17" custom="readingOrder {index:16;}">
                <Coords points="1628,1967 1699,1979 1763,1950 1857,1960 1992,1914 2027,1933 2047,1917 2069,1932 2097,1916 2180,1921 2179,1896 2094,1894 2063,1872 2011,1887 1894,1866 1810,1899 1770,1881 1739,1899 1626,1858"/>
                <Baseline points="1634,1922 1660,1922 1687,1922 1714,1920 1741,1920 1768,1919 1795,1919 1822,1917 1849,1917 1876,1916 1903,1916 1929,1915 1956,1914 1983,1914 2010,1914 2037,1913 2064,1913 2091,1913 2118,1913 2145,1914 2172,1914"/>
                <TextEquiv>
                    <Unicode>Bühr Angetestet besben.</Unicode>
                </TextEquiv>
            </TextLine>
            <TextLine id="r2l18" custom="readingOrder {index:17;}">
                <Coords points="1637,2060 1719,2032 2091,2037 2151,2075 2216,2040 2686,2039 2685,1994 2597,1977 2356,1998 2146,1957 2052,1996 1941,1926 1708,2017 1637,2006"/>
                <Baseline points="1644,2040 1695,2037 1747,2034 1799,2033 1850,2031 1902,2030 1954,2029 2005,2028 2057,2028 2109,2028 2161,2028 2212,2028 2264,2028 2316,2028 2367,2028 2419,2027 2471,2027 2522,2026 2574,2025 2626,2022 2678,2021"/>
                <TextEquiv>
                    <Unicode>so ward sie bekandtlich, daß inn fer</Unicode>
                </TextEquiv>
            </TextLine>
            <TextLine id="r2l19" custom="readingOrder {index:18;} person {offset:37; length:5; continued:true;}">
                <Coords points="1571,2131 2027,2107 2162,2139 2405,2094 2492,2143 2694,2095 2693,2043 2153,2075 2117,2046 2045,2084 1949,2045 1682,2049 1570,2093"/>
                <Baseline points="1577,2114 1632,2109 1688,2106 1743,2105 1799,2103 1854,2103 1910,2102 1965,2102 2021,2102 2076,2102 2132,2102 2187,2102 2243,2102 2298,2102 2354,2102 2409,2100 2465,2099 2520,2098 2576,2095 2631,2092 2687,2088"/>
                <TextEquiv>
                    <Unicode>wichenemm sommer zu erndt-zeit als sie pon</Unicode>
                </TextEquiv>
            </TextLine>
            <TextLine id="r2l20" custom="readingOrder {index:19;} person {offset:0; length:3; continued:true;} place {offset:11; length:9;}">
                <Coords points="1624,2190 1992,2230 2185,2181 2316,2214 2710,2172 2710,2142 2626,2123 2364,2150 2214,2109 2051,2157 1624,2115"/>
                <Baseline points="1631,2169 1684,2171 1738,2172 1791,2172 1845,2174 1899,2174 1952,2174 2006,2175 2059,2175 2113,2175 2167,2175 2220,2175 2274,2175 2327,2174 2381,2174 2435,2172 2488,2171 2542,2169 2595,2166 2649,2165 2703,2162"/>
                <TextEquiv>
                    <Unicode>RRüti necher Raperswyl zu ihrer matter hin</Unicode>
                </TextEquiv>
            </TextLine>
            <TextLine id="r2l21" custom="readingOrder {index:20;} place {offset:20; length:15;}">
                <Coords points="1654,2274 1859,2249 2061,2283 2183,2250 2421,2282 2506,2243 2670,2262 2706,2211 2578,2219 2528,2178 2334,2216 2235,2191 2003,2230 1653,2217"/>
                <Baseline points="1661,2250 1712,2249 1764,2249 1816,2249 1868,2249 1920,2247 1972,2247 2024,2247 2076,2247 2128,2247 2180,2247 2231,2247 2283,2247 2335,2246 2387,2246 2439,2244 2491,2243 2543,2241 2595,2238 2647,2236 2699,2234"/>
                <TextEquiv>
                    <Unicode>gegangen underbegs im schnottsyl berg einer</Unicode>
                </TextEquiv>
            </TextLine>
            <TextLine id="r2l22" custom="readingOrder {index:21;}">
                <Coords points="1606,2270 1613,2270 1623,2259 1634,2258 1626,2175 1609,2175 1603,2179 1597,2179"/>
                <Baseline points="1611,2247 1626,2246"/>
                <TextEquiv>
                    <Unicode></Unicode>
                </TextEquiv>
            </TextLine>
            <TextLine id="r2l23" custom="readingOrder {index:22;}">
                <Coords points="1636,2361 1721,2322 1860,2363 1989,2323 2254,2369 2306,2333 2503,2327 2668,2358 2721,2338 2721,2271 2507,2242 2353,2295 2167,2296 2107,2252 1958,2303 1807,2263 1636,2279"/>
                <Baseline points="1643,2324 1696,2322 1750,2322 1803,2322 1857,2321 1910,2321 1964,2321 2017,2319 2071,2319 2124,2319 2178,2319 2232,2319 2285,2319 2339,2318 2392,2319 2446,2319 2499,2319 2553,2319 2606,2320 2660,2321 2714,2322"/>
                <TextEquiv>
                    <Unicode>zimmlich großen veliung ein frömker per</Unicode>
                </TextEquiv>
            </TextLine>
            <TextLine id="r2l24" custom="readingOrder {index:23;}">
                <Coords points="1618,2406 1965,2451 2142,2404 2289,2440 2333,2404 2481,2430 2713,2399 2712,2335 2535,2377 2396,2340 2256,2369 2139,2340 2103,2370 2039,2327 1838,2370 1618,2344"/>
                <Baseline points="1625,2394 1679,2394 1733,2394 1787,2394 1841,2394 1895,2395 1949,2396 2003,2396 2057,2397 2111,2397 2165,2397 2219,2399 2273,2399 2327,2399 2381,2397 2435,2397 2489,2396 2543,2393 2597,2391 2651,2388 2705,2385"/>
                <TextEquiv>
                    <Unicode>mnchtlich parstischer menn ihra begegnet und</Unicode>
                </TextEquiv>
            </TextLine>
            <TextLine id="r2l25" custom="readingOrder {index:24;}">
                <Coords points="1625,2505 1816,2508 1926,2465 2025,2525 2326,2476 2466,2528 2727,2472 2661,2423 2223,2414 1965,2451 1625,2403"/>
                <Baseline points="1632,2475 1686,2474 1740,2472 1795,2472 1849,2472 1904,2472 1958,2472 2012,2472 2067,2474 2121,2474 2176,2475 2230,2475 2284,2475 2339,2475 2393,2475 2448,2475 2502,2475 2556,2474 2611,2472 2665,2470 2720,2468"/>
                <TextEquiv>
                    <Unicode>sei betastet und ohngeacht alles nöglich gethane</Unicode>
                </TextEquiv>
            </TextLine>
            <TextLine id="r2l26" custom="readingOrder {index:25;}">
                <Coords points="1636,2569 2015,2555 2239,2598 2340,2547 2391,2587 2439,2552 2589,2579 2721,2562 2721,2475 2443,2529 2303,2494 2262,2526 2158,2496 2025,2525 1926,2465 1767,2522 1636,2509"/>
                <Baseline points="1643,2546 1696,2544 1750,2544 1803,2543 1857,2543 1910,2543 1964,2543 2017,2544 2071,2544 2124,2544 2178,2546 2232,2546 2285,2546 2339,2546 2392,2546 2446,2546 2499,2546 2553,2544 2606,2543 2660,2541 2714,2540"/>
                <TextEquiv>
                    <Unicode>hinderstandts und hulffrustens sie mit gezu</Unicode>
                </TextEquiv>
            </TextLine>
            <TextLine id="r2l27" custom="readingOrder {index:26;}">
                <Coords points="1616,2628 2301,2662 2416,2616 2558,2650 2727,2626 2727,2588 2520,2555 2241,2602 1616,2564"/>
                <Baseline points="1623,2619 1677,2619 1732,2619 1787,2619 1842,2619 1897,2619 1952,2619 2007,2619 2062,2619 2117,2619 2172,2619 2226,2619 2281,2619 2336,2619 2391,2619 2446,2618 2501,2618 2556,2616 2611,2615 2666,2613 2721,2612"/>
                <TextEquiv>
                    <Unicode>Itemm dezen durch erenbung und gewalt zu</Unicode>
                </TextEquiv>
            </TextLine>
            <TextLine id="r2l28" custom="readingOrder {index:27;}">
                <Coords points="1636,2708 2697,2747 2698,2648 2607,2638 2446,2675 1637,2638"/>
                <Baseline points="1643,2691 1695,2691 1747,2691 1800,2691 1852,2691 1904,2691 1957,2693 2009,2693 2061,2693 2114,2694 2166,2694 2218,2694 2271,2696 2323,2696 2375,2696 2428,2696 2480,2695 2532,2694 2585,2694 2637,2693 2690,2691"/>
                <TextEquiv>
                    <Unicode>seinemm ankeüschen billen ander sich gebracht,</Unicode>
                </TextEquiv>
            </TextLine>
            <TextLine id="r2l29" custom="readingOrder {index:28;}">
                <Coords points="1630,2790 2191,2819 2492,2780 2545,2814 2687,2772 2686,2738 2566,2721 2266,2750 2097,2714 2013,2752 1942,2721 1630,2724"/>
                <Baseline points="1637,2778 1689,2777 1741,2775 1793,2775 1845,2774 1897,2774 1949,2774 2001,2774 2053,2774 2105,2774 2158,2775 2210,2775 2262,2775 2314,2775 2366,2775 2418,2774 2470,2774 2522,2772 2574,2771 2626,2768 2679,2766"/>
                <TextEquiv>
                    <Unicode>Ob aber er ihrer völlig genoß horden worden</Unicode>
                </TextEquiv>
            </TextLine>
            <TextLine id="r2l30" custom="readingOrder {index:29;}">
                <Coords points="1637,2905 1762,2901 1855,2850 2006,2900 2051,2870 2141,2903 2215,2890 2215,2840 2088,2801 2035,2826 1968,2824 1888,2792 1838,2825 1762,2791 1724,2810 1638,2790"/>
                <Baseline points="1644,2849 1672,2849 1700,2849 1728,2849 1756,2849 1785,2849 1813,2849 1841,2849 1869,2850 1897,2850 1926,2850 1954,2850 1982,2850 2010,2850 2038,2852 2067,2852 2095,2852 2123,2853 2151,2853 2179,2853 2208,2855"/>
                <TextEquiv>
                    <Unicode>seie Ihra nit in wüßen.</Unicode>
                </TextEquiv>
            </TextLine>
            <TextLine id="r2l31" custom="readingOrder {index:30;}">
                <Coords points="1609,2988 1999,2968 2234,3009 2294,2969 2712,2963 2711,2928 2426,2887 2086,2912 1824,2858 1762,2901 1608,2899"/>
                <Baseline points="1616,2972 1670,2969 1724,2966 1779,2964 1833,2962 1888,2961 1942,2960 1997,2960 2051,2960 2106,2958 2160,2960 2214,2960 2269,2960 2323,2960 2378,2960 2432,2958 2487,2958 2541,2957 2596,2956 2650,2954 2705,2952"/>
                <TextEquiv>
                    <Unicode> Joni tag hernach habe sei denen vonge</Unicode>
                </TextEquiv>
            </TextLine>
            <TextLine id="r2l32" custom="readingOrder {index:31;} person {offset:7; length:11;}">
                <Coords points="1630,3066 1718,3105 1932,3045 2430,3095 2723,3034 2723,2960 2599,3010 2302,2972 2065,3008 1991,2969 1865,3023 1680,2970 1629,2994"/>
                <Baseline points="1637,3047 1691,3045 1745,3043 1799,3042 1853,3041 1907,3041 1961,3041 2015,3039 2069,3039 2123,3039 2177,3039 2231,3039 2285,3039 2339,3038 2393,3038 2447,3036 2501,3035 2555,3033 2609,3030 2663,3026 2717,3023"/>
                <TextEquiv>
                    <Unicode>edachtem Hans Müller uneblëßlich angegendten</Unicode>
                </TextEquiv>
            </TextLine>
            <TextLine id="r2l33" custom="readingOrder {index:32;}">
                <Coords points="1636,3181 1797,3137 2227,3155 2363,3115 2737,3143 2736,3081 2591,3060 2424,3101 1988,3049 1867,3109 1742,3108 1634,3070"/>
                <Baseline points="1643,3131 1697,3129 1751,3128 1806,3128 1860,3126 1914,3126 1969,3125 2023,3125 2077,3125 2132,3123 2186,3123 2240,3123 2295,3122 2349,3122 2403,3120 2458,3120 2512,3119 2566,3117 2621,3116 2675,3113 2730,3111"/>
                <TextEquiv>
                    <Unicode>Versuchungen ouch gehohr geben und dazumahlen</Unicode>
                </TextEquiv>
            </TextLine>
            <TextLine id="r2l34" custom="readingOrder {index:33;}">
                <Coords points="1648,3215 1768,3211 1839,3256 1988,3209 2128,3250 2191,3205 2509,3231 2573,3198 2686,3238 2685,3143 2622,3123 2471,3154 2436,3128 2387,3163 2283,3136 2072,3186 1950,3144 1888,3183 1648,3179"/>
                <Baseline points="1655,3200 1706,3201 1757,3203 1808,3204 1859,3204 1911,3204 1962,3204 2013,3203 2064,3203 2115,3201 2167,3201 2218,3200 2269,3198 2320,3197 2371,3197 2423,3195 2474,3195 2525,3195 2576,3195 2627,3195 2679,3197"/>
                <TextEquiv>
                    <Unicode>und nachbarths noch einmahl inn unzucht sich</Unicode>
                </TextEquiv>
            </TextLine>
            <TextLine id="r2l35" custom="readingOrder {index:34;}">
                <Coords points="1637,3324 1749,3277 1973,3315 2106,3275 2445,3314 2649,3286 2626,3229 2521,3247 2445,3206 2190,3242 1965,3212 1865,3258 1636,3206"/>
                <Baseline points="1643,3281 1695,3282 1748,3282 1800,3282 1853,3282 1905,3282 1958,3282 2011,3282 2063,3281 2116,3281 2168,3281 2221,3279 2273,3279 2326,3279 2379,3278 2431,3278 2484,3276 2536,3276 2589,3276 2642,3276"/>
                <TextEquiv>
                    <Unicode>mit ihme Pestrabet. Dasson sie Ich banger</Unicode>
                </TextEquiv>
            </TextLine>
            <TextLine id="r2l36" custom="readingOrder {index:35;}">
                <Coords points="1636,3372 2007,3359 2195,3397 2521,3346 2707,3399 2681,3300 2069,3332 1890,3292 1797,3316 1749,3277 1636,3323"/>
                <Baseline points="1643,3363 1695,3362 1748,3360 1801,3359 1854,3358 1907,3357 1960,3356 2012,3356 2065,3354 2118,3354 2171,3353 2224,3353 2277,3353 2330,3351 2382,3351 2435,3351 2488,3351 2541,3350 2594,3350 2647,3350 2700,3350"/>
                <TextEquiv>
                    <Unicode>worden, sie habe dennoch ihre schbangerschafft</Unicode>
                </TextEquiv>
            </TextLine>
            <TextLine id="r2l37" custom="readingOrder {index:36;}">
                <Coords points="2375,3475 2393,3479 2409,3471 2449,3431 2522,3440 2535,3433 2545,3442 2556,3438 2580,3447 2579,3410 2548,3412 2525,3398 2514,3404 2499,3400 2485,3410 2468,3396 2443,3399 2414,3382 2374,3404"/>
                <Baseline points="2381,3434 2408,3431 2435,3429 2463,3428 2490,3428 2518,3428 2545,3429 2573,3431"/>
                <TextEquiv>
                    <Unicode>ehender</Unicode>
                </TextEquiv>
            </TextLine>
            <TextEquiv>
                <Unicode>165
gebührtig verheübrachtet und zu Rapenswyl
den ferfgang gehalten, son damme fmr in jahrs
Prist ein find. so nun verstorben) erzeüget.
Welcher aber bald hernech auff anstofften und auß
Werdrußt von seiner Ergenen Mutter Ander Ir
obrist Quectenant Mag inn Hollandische kriegs
dienste sich begeben und noch allezeit daselbst
sich befindt.
2 Seit ihres ehemans abgesen habe sei alle
zzeit sich zu Ruti bei banren ausgehalten
emr sommers zeith umb den toglohn geerbeithet,
zu winterszeit ober mit rehen sammen und
Schankhüet machen, sich durchgebracht alde zei
von zeit zu zeit von Hans Maller ceß alten
Ammans sohn einemm eheman zu Rati zu Unge
Bühr Angetestet besben.
so ward sie bekandtlich, daß inn fer
wichenemm sommer zu erndt-zeit als sie pon
RRüti necher Raperswyl zu ihrer matter hin
gegangen underbegs im schnottsyl berg einer

zimmlich großen veliung ein frömker per
mnchtlich parstischer menn ihra begegnet und
sei betastet und ohngeacht alles nöglich gethane
hinderstandts und hulffrustens sie mit gezu
Itemm dezen durch erenbung und gewalt zu
seinemm ankeüschen billen ander sich gebracht,
Ob aber er ihrer völlig genoß horden worden
seie Ihra nit in wüßen.
 Joni tag hernach habe sei denen vonge
edachtem Hans Müller uneblëßlich angegendten
Versuchungen ouch gehohr geben und dazumahlen
und nachbarths noch einmahl inn unzucht sich
mit ihme Pestrabet. Dasson sie Ich banger
worden, sie habe dennoch ihre schbangerschafft
ehender</Unicode>
            </TextEquiv>
        </TextRegion>
    </Page>
</PcGts>
