4032 3024
481 322 574 483 6
342 434 1542 648 1. Cannethin hat er auch verjähet, daß die von seiten
424 535 1540 717 deß hirschen wihrts zu Baaden dahier eingelangt,
441 645 1525 808 Brieffschafften schein und Bnechlin zu Einforderung
448 734 1531 893 brandsteüworen samt denen dreyen groß und kl
432 824 1531 992 mnen Siegel, Stempflen und etwelchen Abtrucken
422 917 1531 1065 ihme und seinem mit gefangenen Commerad wil
435 1001 1513 1145 helm Hirschberger zuständig, daß selbige faltsh
442 1079 1503 1225 und ertichtet seyen, daß der einte verhan
441 1156 1538 1316 dene collect schein und der eingang deß steüre
443 1238 1516 1406 Büechlins von ihme Frantz Stockhammer selbst
440 1346 1484 1491 Eygenhändig und mit dem auch bey der stell
429 1439 1497 1566 seyenden großen Siegel betruckt worden, So
429 1525 1500 1644 habe er auch mit eygener handt seines mit be-
438 1593 1502 1741 striegers deß Wilhelm Hirchbergers verhanden,
439 1695 1487 1831 men abscheyd under dem namen der grafflichen
438 1781 1519 1904 Canzley von Bielland fälschlich geschrieben und mit
449 1866 1493 1983 dem ebenfahls bey der stell sich befindenden
439 1957 1490 2077 mittelmäßigen Siegel durch ihne withelm
442 2027 893 2147 betrucken laßen
423 2133 1489 2253 NB. Die sollecten, Patent ist under dem namren
447 2236 1504 2378 und anthoritet ihr hochfürstl durch leucht deß
432 2324 1510 2449 Erten bischoffs zu Mayntz gestellt und so wohl als
440 2397 1485 2529 das Collecten, buch under dem namen der hoch¬
430 2463 1501 2612 fürstlichen wormbsischen regierungs, canzley,
438 2532 1481 2695 wie auch eines daselbstigen Regierungs-Rahts
422 2632 1499 2769 siqniert und beydes mit dem hochfürsten wormb
433 2709 1493 2871 zischen sigel versehen, Innhaltend, ob waren zu
422 2772 1494 2918 Hochenheym 36 burgerliche hauser scheür und st
418 2856 1502 3018 plungen samt einer Rönisch Cathor pfarr-kirchen
429 2928 1502 3096 Verbrunnen, darmit an vielen orten in Teutschade
437 3017 1491 3170 und in der Cathoe schweitz steülor eingenommen
426 3166 619 3256 worden.
265 3239 1478 3446 5. Gerners habe Er zu baaden eine andere faltsche
1305 3373 1477 3521 ollect.
1581 3377 1679 3500 Über
2684 488 2785 566 103
1672 489 2762 704 Collect, hatent und ein Certisicat in ein Steübs,
1693 621 2761 740 Ibuch auch eygenhändig geschrieben und mit einem
1702 705 2734 820 faltschen siegel betruckt, welche brieffen er dem
1703 777 2744 899 Wilhelm Hirschberger seinem diebs gefangenen
1690 858 2775 980 zugestellt, darmit selbiger monntags vor Jacob
1703 943 2759 1058 tag ersthin mit seinem vorwißen allhier vor meyhe
1711 1013 2766 1119 die räht gekehrt und 40 thag zu einer brandnsteür
2050 1092 2766 1220 Diesere schrifften waren deß jun
1701 1112 1904 1200 bekommen.
1717 1181 2761 1302 halts, ob waren zu altkirch etlich und 40 behau,
1705 1267 2789 1389 jungen samt einer rrecormierten kirch abgebrant
1600 1430 2740 1610 Eo. So habe er auch zu Solotuhrn eine andere faltsche
1693 1567 2779 1697 Steulor, datent samt dem ertisicat in dem Steübe¬
1696 1640 2777 1768 buch daselbst Ergenhandig geschrieben, welches Ihme
1709 1733 2777 1845 ein mann sich für einen alten officier außgebend
1699 1812 2742 1922 mit einem Siegel aus zweyen stucken bestehend
1687 1890 2759 2006 versiegelt, Mit diesen faltschen brieffschafften
1682 1978 2777 2080 habe er auch allhier von Mughen un den rähten mon
1699 2040 2774 2146 tags nach Jacobi 25 th zu einer brandsteülr
1703 2135 2767 2260 bekommen und sonsten an verschiedenen orten in dem
1681 2206 2268 2326 Landt darmit gebättelt;
2365 2228 2757 2321 lantete, ob ware
1683 2286 2678 2407 zu Mauren im Reßeltahl einem Lautherischen
1675 2360 2755 2503 flecken eine namhaffte Feulors brunst entstanden
1691 2446 2744 2567 und under anderem eine gemeinschafftliche Evan¬
1692 2521 2738 2644 gelisch Lutherische, und Römische Catholische Pfarr¬
1688 2588 2390 2717 kirchen eingeascheret worden.
2607 2609 2722 2692 as
1691 2679 2748 2801 under dem Namen daselbstigen Pfarrer Werners
1687 2761 2750 2875 geschriebene und Verhandene Certificat samt dem
1690 2828 2680 2956 beygetruckten Pittschafft habe Ihme ein student
1682 2905 2507 3040 Bareiter frantz genannt verfertiget
1673 2981 2732 3127 NB. Hat vorgeben solche brieffen grad vor seiner anhal
1681 3078 2723 3203 itung zu solotuhrn seinem Cammerad zugestellt,
1678 3130 2728 3266 dieser aber selbige allda zum Leulden auff dem
1685 3207 2703 3326 Esterich Verborgen zu haben, welche mann aber
1683 3288 2726 3421 bey seitheriger nachsuchung nit gefunden. Welche
1687 3352 2700 3488 Mey auch aldesten gefunden und von dlar allhar
1702 3414 2001 3510 eschifet borden
2436 3449 2682 3572 7. Endtlich
1662 3487 2088 3599 von 20b standt S
