4032 3024
450 498 1442 690 Ehefraub dan habe Er dry Lebend Kinder
456 622 1456 786 deren das jungste von einem halben Jahr allers
439 730 1426 922 2. Während seinem lldigen standt habe er
447 831 1433 980 eine geraume nit hin und her gedienet. also
442 913 1447 1064 klamblich Acht jahr lang bey dem Herrei vor
431 989 1433 1149 Nunhenweiler 6 jahr lang bey Pierre sorve
440 1057 1437 1243 zu Haong u 3 jahr lang zu Cov Wolff bey
421 1156 1431 1302 dem Ziegler und 11 jahr bey dem zu Wiyblig
562 1219 1459 1369 Seit deme Er nun in die Ehe getret-
421 1264 569 1363 Bburg.
417 1305 1435 1463 iben habe er bey m a 13 jahren als ein tag
413 1390 1447 1518 Lohner grarbritet und der Statt rlurten in dero
1258 1462 1418 1573 Sit
409 1484 1237 1614 Waldung vieles holz auf gemacht,
428 1557 1429 1688 etwann 4 jahren aber habe der vatter semn be
420 1635 1437 1779 sosßenes Gertlin zu Düchslen ihme übergeben, wor
405 1695 1464 1853 für erd seinem brudard etwas für seinem auß lauß
434 1778 1417 1927 habe entrichten, Anbey aber seithero seinen vatter
412 1870 1421 1991 und schwöster bey sich darinf erhalten müßen,
425 1934 1447 2073 allermaßen seine haußhaltung in fyl pfersonen
427 2021 551 2126 besehe
549 2036 1415 2149 1Das gurtlin dann befinde sich von
419 2094 1420 2232 solcher ertragenheit, also daß, wann er jährlich
413 2170 1459 2301 für N. . heuto darzu Ankaufe, er jederweilen
430 2244 1339 2385 een zug von deyen pferden erhalten könne.
406 2380 1432 2537 3. mlit gedaht einem habenden offerdt, gespann
411 2494 1469 2619 habe er seit der zeit allerhand verschiedene sachen aber
400 2571 1451 2668 wein ohl hang und andere kaußfmannd waaden
409 2628 1433 2747 auch bey ohngefehr dreyen jahren daherd eint und
418 2706 1446 2847 andere wall oberkeitliches Salz vom Murten nacher
427 2778 707 2897 bery geführet.
399 2902 1443 3068 4. Ward er bekanntlich daß Mlann bey der ge
402 2988 1456 3143 habten kuunfft oder sechet, ersten huhnd er ein übel
419 3065 1428 3208 Conditioniertes bäßlin, daran die Gasß, dugen
423 3145 1433 3298 in elaaß vorderbt gewesen, aufgehabt, mlaßßen
416 3214 1439 3342 haußig salz darauß rinnen couke, auß welcher
1232 3320 1390 3410 anlaß
2624 338 2733 430 189
1560 420 2723 643 Anlaß er von diesem herauß gerumenen salz etwann
1557 513 2731 709 geslaß in ein bey sich gehabtes säcklin außgefaßßet.
1554 668 2704 870 6. Siethers habe er sich weiters jn elehe und mlehr
1567 770 2688 957 zer untreüt bey solchen salz fuhrungen verleiten
1549 849 2723 1012 faßen, also daß er den haupt-keyfs an dene
1566 921 2735 1094 Päßßlin allwogen wooßgemacht und mit einer zwischen
1567 1019 2736 1171 die gugen hinein getriebenem ofißßen selbige von ein
1568 1114 2689 1250 inanderen gesprrret und darauß den 2. 3 45.
1569 1178 2730 1321 bß 6 maß bald dan jeder Fuhr von solchem salten
1568 1255 2725 1405 1deßen amb diese wise die Mängi herauß Rimm
1579 1328 2758 1475 kanmtr) in säcke auffgefaßßet. Dieserd nun habe
1580 1437 2749 1583 verichtet, till bey seinem hauß zu Buchslen (, so
1578 1514 2737 1664 von dem dorff in etwas abgelegen. allwo erd offt
1576 1590 2772 1750 mit der fuhr übernachtet, biß weilen aber auch under
1580 1654 2767 1819 waß anthalb Allenkufften in der gegend des hauß
1961 1767 2771 1875 Wie viel Fäßlin mit Sallen aber erd
1563 1773 1748 1891 holze.
1573 1830 2734 1980 in allem geführet, aus wie nlauchem er also salz
1584 1930 2767 2056 außgefaßet, nach wie viel masß er deßßen überall
1584 2009 2801 2140 genommen habe, seche ihme zu wüßen ganz unmüglich
1576 2146 2737 2366 6. Weiters bekannt e Daßß er seit der sut
1581 2282 2744 2438 bey 2 oder 3 jahren daher seine haußhaltung
1566 2373 2787 2502 1. In welche er jährlich bey 20 a 25 mäß gebranch,
1569 2442 2707 2584 ste) mit gnugsammen salzen versehen und darmit
1582 2530 2785 2663 seinen ppfarren im chuterung der selben braf zugehalten,
1580 2570 2742 2750 jedem jahrs aber mehr nicht als etwann 44 oder d
1585 2660 2087 2802 wlu� eingekaufft habe.
1582 2749 2766 2991 7. Daß er von diesem also varuntrütten salz in
1587 2893 2746 3070 wahrnd diser zit beidar an burgere dieser statt
1593 2970 2753 3141 und andere leuthe das mläß a 14 a verkaufft
1587 3027 2117 3185 und zugebraicht habe,
2115 3089 2727 3218 Wie viel aber eine gegliche
1586 3100 2767 3322 pferson deßßen überall empfangen, seye ihme eih.
1577 3197 2621 3362 egentlich und dracibe anzuzegen in mügl ich.
2433 3355 2681 3461 So Viel
