4032 3024
259 2969 346 3071 3.
310 590 396 701 1o
311 1092 385 1175 2
518 443 1303 645 Anna Schwagerin.
447 578 1507 828 Wward besantlich, E. daß sie bey 25 Jahren
427 701 1524 911 Alters aus trauwenstein in bayeren gebürtig und
429 783 1526 1006 Melchior schwäger ein schumacher zu Alholzen beym
423 874 1494 1065 baad wohnhafft sein vatter, die mutter aber lang,
435 956 897 1075 isten Verstorben seye
432 1027 1491 1283 Wegen ihrer nun habenden stieffmutter habe sie sich
441 1193 1489 1354 von hauß hinweg begeben, anfangs zwey jahr
434 1259 1489 1422 lang zu Munchen gedient und nachwerts sich wie
417 1338 1511 1510 derumb heimverfüegt, da sie dann ihr vatter zu
425 1436 1505 1575 einem spraachmeyster und deßen weib in dienst
421 1507 1505 1647 gethan, mit denen sie hin und wieder gereißet, da
420 1606 1503 1730 sie allwegen die zwey kinder tragen müßen) und
406 1683 1468 1813 zu letst nach daaden kommen, Weilen nun sie
408 1782 1512 1904 von dem Spraach-Meyster einichen dienst Lohnnicht
420 1866 1493 2011 bekommen, ihre kleyder nun mehro außgebraucht
414 1982 1495 2060 waren habe sie gesucht etwan widerumb nacher
409 2062 1477 2177 hauß zu gehen und sich umb gemand, so dergleichen
410 2129 1457 2249 weg nemme erkundiget, Seye allso zu baaden
416 2214 1454 2332 seym hirschen zu diesen mit verhaffteten leüthen
413 2303 1427 2424 kommen, die ihra hoffnung gemacht etwan im
406 2387 1486 2506 furzem wiederumb ins schwabenlandt zu Reysen
412 2459 1455 2588 Allso habe sie Sich zu dem Frantz und seinem
414 2551 1469 2669 weib der sabina wegen ihrer offtmahligen
400 2620 1463 2746 Giechter, Kranckheit in dienst begeben, die Ihro
403 2699 1454 2819 anders nichts zum Lohn versprochen, als auch
405 2797 1290 2916 mitzuteillen, wann sie etwas habind.
379 2951 1482 3080 Mit diesen Leüthen seye Sie allsobald deß anderen
392 3019 1480 3141 tags nach ihrem antritt von baaden hinweg über
382 3101 1451 3261 solotuhren gereyset und zwey mahl nacher dern
380 3186 1453 3327 kommen, da sie dann gehört, daß beyde manner
362 3246 1439 3432 verdentet, sie habind zu dern gelt getriegt
1241 3376 1430 3507 Wollte
2686 443 2784 517 115
1624 533 2726 695 Wollte aber nicht gestehen, wie sie dann deßen
1672 649 2775 780 von den übrigen auch nicht chargiert ist) daß ihro
1678 739 2754 857 bekannt gelossen, wormit und auffwas weisen
1667 810 2753 946 Sie solch gelt gekriegt, sondern geglaubt habe, sie
1679 906 2761 1032 gehind einfaltig gen Bättelnn. auch nicht, daß
1681 995 2751 1119 diese reuth beyderseits und zwar die manner an
1673 1068 2758 1179 derst als under dem namen frantz und Wilhelm
1675 1139 2756 1271 bekannt seyen, Noch vielweniger, daß sie wie
1659 1227 2763 1350 ihra vorgehalten worden, jemahls als dißmalen
1681 1303 2722 1449 allhier in dern und zwar in gefänglichem
1681 1405 2174 1516 Verhaft gewesen seye.
1675 1491 2074 1597 Actum obstaht.
1800 1821 2556 1964 sriminal, Urteill.
2057 1940 2259 2065 Eber
1699 2032 2589 2201 Srantiscus Stockhammer
2611 2056 2732 2188 und
1742 2156 2599 2310 Wilhelm Hirschberger.
1595 2389 2797 2569 d Behultheyß Kilein und
1667 2499 2785 2654 Große Rahte der statt Bern, nekund,
1658 2602 2227 2734 tend hiermit.
2227 2635 2795 2761 eniuash diesere beyde
1664 2701 2807 2863 Gegenwärtig vor Recht stehende Franciscus
1638 2770 2775 2960 Stosthanrer seiner saag-nach ein gewesener
1640 2868 2763 3043 Student gebürtig von Berndorff aus Salz¬
1660 2952 2758 3113 eburg von etwann 37 jahren alters und
1639 3026 2780 3229 Wilhelm Herschberger dem Vrgeben nach
1666 3121 2792 3318 von Köllen am schein von etwann 36 jahren
1660 3212 2800 3381 Alters eine geraume Zeit hin und her in dem
2397 3393 2671 3522 Leutschland
