4032 3024
735 2442 833 2564 10
900 33 1887 206 bey den ehorten bohe bekant gebesen.
898 152 1924 296 Nun einmahl an einem morgen habe erd
899 208 1870 357 sich zum Thor hinaus und durch die
890 294 1896 430 Walder und allerhand abbegen in sein
890 373 1892 510 Beymaht nach der schwandlein begeben
900 450 1889 593 und Jagb aldis heib die Licht auf der
892 524 1863 643 arbeit im struben begriffen in der
891 599 1887 734 Badertscher seines vatters Nachbauren
904 677 1896 809 Hans vergügt und daselbst mit einer
879 762 1885 896 briß zangen einen trog aufgemacht, und
892 843 1848 971 daraus bey 38 l in gelt entwendt
879 911 1873 1030 zugleich seye er auch in seines Vatters
872 963 1893 1135 behangung hineingegangen, alda habe er
880 1045 1881 1219 en stukbredt und 15l in gelt genommen.
874 1122 1870 1266 alsobald darauf aber widerum sich auch
832 1184 1848 1328 gorn gemacht und gleichen abends im
860 1266 1875 1397 Schallenloeck eingestelt vorgebend er
867 1341 1887 1497 habe mit seinem schleeger in einem kölle
876 1398 1864 1558 einen trunk gethan und von ihmaetlas
867 1481 1866 1627 gelts bekommen, dahero er auch der schal-
855 1576 1840 1712 benmeisterin 2 thoh zu ghalten gegeben
767 1653 1854 1853 g seit seiner obanzogmen bannisation habe
875 1779 1851 1908 er zu dihen obnleit gruß mit seinem
858 1846 1854 1982 weib ein aehen bestanden und von dannen
853 1920 1847 2056 sich gang enzig heraus begeben und zu
852 1968 1858 2127 Bobendingen aller nächst bey dem weiße
856 2076 1829 2202 Bo�li Nachtsabey pfordt ab den weyd
861 2123 1849 2285 genommen und gegen signanhingeführt
878 2227 1835 2364 als er aber in dem kurcenberg jemand
860 2267 1829 2421 ihme stack nachfilen gesehen, habe er die
882 2336 1842 2514 roß laußen laßen und sich darvon gemacht.
881 2447 1827 2626 von dannen habe er sich gegen köniz begeben
875 2536 1837 2703 albo ereinhig auch nachts ab der weyd
874 2615 1834 2766 ein altes münche pferdtlin und ein große
863 2685 1834 2825 oranne stutzen enthendt und nacher
858 2736 1845 2913 denst zugeführt, das munch Pferdtlin habe
1685 2915 1781 2971 de
2023 847 2101 970 11
2041 -2 3283 185 Er bey einem Zollhaus ohnlorib nocie
2119 97 3261 240 mit einem manvon vivis gegen einem
2131 201 3255 342 anderen alten roß vertauschet und eine
2120 283 3269 445 dublonen nlachgelt bekommen, diesen erkan
2108 385 3254 545 scheten gaul dan dem olivrer ourswihrten
2107 477 3244 615 zu derrog um 5 th verkaufft. Die
2109 566 3238 713 gro�e stuten aber habe er doselbstigen
2121 658 3246 793 wihrt a leocuo de france um 22 tha
2101 754 2393 872 berkaufft.
2133 852 3204 1021 Nachberte seye der Rychiner zu ihme
2129 970 3218 1108 nacher dichzgkommen, alleo sie mit hin
2110 1043 3212 1194 ander abgeredt exepresse nacher Beren
2104 1146 3224 1272 zugehen und zutrachten der enden eiche
2108 1207 3206 1348 pferdt zu bekommen und nachtr deht
2085 1288 3179 1421 zufreggen, boranshin die beyde also
2100 1372 3195 1500 capresse von Griht beggereystt und
2103 1448 3171 1585 des dritten tags zu Lenzman bey des
2096 1523 3167 1659 rychiners elteren ankommen, von
2085 1606 3181 1730 dannen giengen sie in das goll, alllee
2092 1676 3158 1833 auf des Rychmers antrieb Sie räthig
2089 1748 3177 1907 borderbonnglich ein pferd zu nemen,
2088 1825 3174 1959 daselbst behaben sie sich also zu einem
2073 1900 3164 2043 Haus, er Hofer ösigte die Stall Thür,
2084 1983 3135 2116 schluge frür und jahr 2 pferdt im
2086 2045 3124 2162 stall samt eintm Rribkußi und
2080 2116 3136 2266 daum habe dem enten pfard den zaum
2080 2192 3150 2359 an und das reitkuß aufgelegt, stroh
2073 2248 3019 2393 auf die Bschus gegerbubt, das Sas
2068 2333 3137 2479 kinansgeführt und dem Rychmss, so
2080 2412 3119 2554 außenhag in der gosten gebartet an die
2059 2482 3103 2616 hand gestelt. diesers pfordt habind sie
2068 2572 3101 2689 beyde nach zeren und reyben geführt und
2062 2635 3084 2749 alda verhandlen wollen, allen nicht zu ihren
2061 2699 3092 2806 zbek kommen mögen, sonderen heye verkathe
2066 2760 3101 2877 in verhafft genommen nach tisterken geführt
2052 2822 3096 2943 dorbon außgeschmrift und gebrandzeichnet
2068 2880 3062 3015 und dasigen gebiets verbießen worden.
