4032 3024
783 378 826 460 8
361 457 1515 680 ihne nach der pforken, allwo er seinen von Zürich ge
388 558 1517 740 habten ahr samt seinem lauffschein vorgebiesen
403 651 1516 818 dennoch auff antrieb eines gemeinen schildwächter
386 721 1509 897 ward er auff die haubt-wacht gebracht, allda
388 818 1515 983 obige seine brieffschafft examiniert, er dann der
389 895 1510 1055 ohnangeschen überall viditiert und wegen auff
370 982 1491 1118 seinem rucken sich befundener brandmahlen in
391 1050 1515 1230 die prison gestecket, allwo er nachsoerts
1357 1191 1492 1240 Oetine.
388 1120 1505 1311 über das auff ihme angetroffene gelt vvon seinen
849 1236 936 1306 osh
368 1201 1497 1383 Letsteren diebstahl ubrig von in Circa 28. dub
383 1323 1487 1467 lonen excaminiert und durch angewendte käre
362 1385 1477 1550 straki dahin gebracht worden, daß er bekennt
363 1497 1465 1644 solches gelt zu Zollickofen entwendt zu haben
351 1576 898 1705 Actum ut Supra
684 1689 1079 1815 aif bekhn
385 1780 1268 1871 Eespthan Reo g. 2s. So ihme vo¬
1347 1784 1470 1886 n
380 1863 1472 1978 onistian Suumanns Crimi¬
1336 1945 1467 2055 geller
377 1920 1246 2059 da de snalturteihl.
522 2016 761 2140 uept han
896 2061 949 2153 f
319 2094 1466 2194 SSontags den 2: Decembris 1732.
340 2183 1476 2290 Nachdemme obstehende mit Christian zimm¬
360 2254 1480 2349 mann von Konolfingen verfuhete Criminal
347 2314 1468 2434 procedur und von ihme erhaltene bekannt¬
363 2399 1496 2521 muß auffhent morgens als hierzu edepred,
356 2447 1483 2585 e bestimmten tag vor mughen e und oberen
344 2517 1459 2664 r v 3 wörtlich abgelesen, volgends durch
350 2607 1459 2739 mulohen n Großweybel kupffer als ger
360 2676 1454 2800 wohnten Fürsprech zu desen gunsten das
358 2746 1459 2891 wort dargethan und dann von Muhgh
349 2821 1451 2947 Renner von Luternauw die erste Meining
368 2879 1463 3036 erteillt worden, habend hochgedacht Meghl
367 2966 1452 3099 und oberen nach ryfflicher erwegung sein
345 3001 1455 3190 zimmermanns begangener großen Verbre¬
352 3085 1449 3237 schen bey Eyden darüber geürteillet und zu
330 3159 1468 3311 Recht erkennt; daß zwar ihme aus gnaden
346 3222 1481 3399 an dem Leben verschonet, Er aber zu seiner Woh¬
348 3294 1461 3472 verdienten straf für lebens lang auff
1351 3381 1428 3442 diß
957 3419 1405 3566 hier 3 blatt.
2649 501 2745 566 141.
1658 562 2721 695 der Galeren condemniert seyn solle, zu dem end
1597 656 2730 763 Mughl den rähten auffgetragen worden, nac
1650 728 2709 840 denkens zu haben und sich zu erkundigen, wo
1672 788 2728 906 er mit müglicher befürderung wohl angebracht
2669 865 2720 925 fen
1669 865 2682 976 werdenmöge. Actum coram 200 dito 2.
1656 941 2104 1042 Decembris 1732.
1647 1031 2718 1161 zeul an meyhen  die rähte. Sie obig ergange,
1675 1118 2737 1231 iner urteill zu benachrichtigen und früntlich an.
1666 1185 2689 1311 zu sinnen nachdenckens zu haben, an welchem
1660 1251 2737 1352 ort dieser delinquent am besten mit möglicher
1666 1318 2736 1460 befürderung angebracht werden könne, vol
1665 1381 2746 1514 igends dann zu seiner hinführung die benchtige
1647 1465 2716 1584 vorsorg und veranstaltung vorzukehren.
1640 1559 2736 1686 zoul anmelchen Großweybel und gricht
2036 1652 2718 1752 Sie auch deßen alles zube¬
1654 1659 2000 1764 Schreiberen.
1652 1720 2760 1841 achrichtigen, mit gesinnen Ihme Zimmerman
1661 1784 2719 1868 diesere urteill zu verkunden und ihne seiner
1654 1844 2748 1957 zeit gewahrsamlich an das von Mughl den rähten
1650 1921 2572 2026 vorschreibende ort hinlieferen zu laßen.
1630 2006 2761 2160 NB. Bey dieser vor Mugl und Oberen R. A. d.
1653 2109 2728 2231 ergangenen Urteill Ist es Inngestanden, Inn¬
1651 2176 2688 2281 maßen zum leben und zum todt gleich viel
1633 2239 2725 2360 stimmen herauß kommen, Da dann muhghe
1643 2323 2750 2433 ambts schultheyß zur gelinderen straaff sich
1645 2397 1931 2508 geneigt hat.
1630 2506 2713 2673 Es ist vorbeschriebne Urteill an dem Christian
1639 2632 2765 2742 zimmermann vollzogen, er dann in volg derselben nache
1877 2692 2756 2811 auffgebracht und auff die Galeren geschmide
1639 2766 2700 2864 des Vor etwas Zeits aber laut deßen vorgeben
1635 2837 2704 2953 alldorten ledig gegeben und under herr oberst
1631 2911 2689 3002 Rogen Regiment in Savopische Kriegsdienste
1643 2981 2710 3091 gelieferet worden, Aus welchen er nachtierts
1633 3052 2729 3163 devertieret und ihr he landt frecher dingen
1637 3126 2726 3220 wiederumb betretten hat, inmaßen selbiger zu thun
1649 3193 2356 3297 n abermahligen verhafft gerahten.
2495 3294 2591 3385 Als
