4032 3024
290 2965 418 3070 4
448 433 1532 585 gefroren hembd angelegt, darauf er gestoren,
465 526 574 593 ben.
567 580 1453 736 bey dem ersten außzug an der
828 696 1285 801 lähren Marter
458 753 1504 890 wolte sie zu erst nicht gestehen gisen in das
461 835 1503 980 weinwarm gethan zu haben, hernach sagte
430 908 1246 1037 sie ja, sie wolle geristerben.
615 988 1411 1150 Bey dem zweyten außzugan
808 1095 1326 1219 der lähren Marter
467 1148 1506 1315 Wurde sie bekanntlich, weilen sie geglaubt
459 1247 1499 1368 daß die magd und caton Ris vier man
439 1340 1515 1472 sentäfeli, deren s stuck gekaufft worden
448 1418 1481 1514 Der Magd aber vier darvon in Keller
448 1478 1413 1604 zulegen anbefohlen, solche aber nicht.
445 1578 1497 1668 mehr verhanden und ihre käsen dennoch
441 1646 1477 1760 verfreßen gewesen, in das ihren eigenen
432 1690 1454 1824 kinderen gekochte weinwarm gethan,
436 1767 1444 1884 Darüber sie gantz schwahrnühtig worden
427 1860 1451 1959 habe sie gedacht, weilen vier Mäusen
436 1938 1475 2036 Jäfeli darein kommen und drey kind dar
442 1994 1485 2096 von gegeßen, aber nicht darvon gestorben,
443 2073 1468 2158 so wolle sie an dem Womldarin in diß
455 2123 1493 2245 Risen hauß probiren und auch drey kinder
439 2196 1480 2309 darzu haben, derohalben sie vier mansen
440 2267 1483 2377 täfeli in einem Morsel in des Risen Ruchi
436 2342 1465 2442 Worbey die alte Risin nicht gewesen, die
447 2424 1462 2517 Magd dann sich nichts geachtet, verstoßen
444 2475 1508 2581 auß dem Mörsel in die pfanren geschüttet
437 2532 1498 2641 jedoch nicht glaubend, daß die Kinder darvon
430 2606 1464 2687 sterben werden, inemme die ihren davon
430 2668 789 2769 gesund worden.
424 2734 1495 2865 Disere bekanntnus hatte sie nach der Mar-
446 2827 1457 2937 ter in der exeamination stuben bejahrt.
446 2963 1476 3100 In dem 7. examine de 19. janb kraff
446 3051 1453 3168 befelchs vom 11. dito die del Grätz mit
449 3115 1487 3222 Dem 25 lb a oder wo von nöhten mit dem
442 3184 1061 3302 50 lb 4 stein zufecken
2770 359 2851 421 53.
1863 409 2772 555 In der stuben mit betreüwung der
2186 497 2470 588 Marter
1785 571 2853 703 bekennte sie, daß sie gifft in das weinloarm
1770 645 2833 782 gethan habe, umb sie und des Risen kinder
1777 717 2871 835 zuvergifften, habe wie vorvermelt nach dem
1785 790 2775 908 sattag umb 4 bz giffe in herren wyttenbachs
1779 866 2773 991 apotheik gekaufft, selbiges auß einem
1759 939 2851 1073 4 Gschrötten papyr in das weinlarin ge-
1766 993 2845 1139 schüttet, auch seye allzeit jemand und die
1777 1067 2860 1208 alte risin selbst in der kuchi gewesen
1773 1163 2864 1263 habe also als Einohnbesonnen Melancho¬
1774 1247 2858 1351 lisch mentsch des risen kinder auß boßheit
1771 1301 2800 1423 vergifften und sonderheit sich selbst auß
1783 1394 2856 1487 melancholie zusterben machen wollen, dann
1768 1449 2872 1572 sie herund gewret und einmahl nachven-
1766 1533 2863 1645 enburg gehen wollen, umb dorten zusagen,
1753 1595 2867 1715 sie habe ein kind umb das leben gebracht.
1760 1699 2852 1820 Nachwehrts bekennte sie, daß sie das gifft
1777 1780 2864 1884 welches ihr herr sel kurtz vor seinem tad von
1766 1832 2858 1958 einem materialisten für die mauß gekauft
1757 1903 2783 2019 in einem trunkli von Grintz gebracht
1763 1971 2864 2103 und diser übergeblibnen reoten deß giffts
1755 2039 2820 2157 in das wemnbarin gethan, der teüfel
1750 2102 2833 2221 aber habe sie darzu gestupfet, es ware
1755 2176 2851 2301 ihra gradgleich gsin, wann sie schon allessären
1743 2240 2807 2355 hingerichtet worden, von disem gist habe
1742 2285 2830 2424 sie auch in ihr schüßeli, darauß sie in deß
1741 2348 2734 2481 Risen Hanß Casse getrunken, gethan
1901 2424 2566 2549 Auf dem Marter Stuhl
1753 2496 2819 2653 bekennte sie, sie habe vorsetzlich gifft in das
1737 2590 2807 2704 Wembarin gethan, umb des Risen Kinder
1731 2641 2774 2779 zufoden, habe dan auch ihre eigene kinder
1731 2715 2796 2834 und schwester vergiffen wollen, dises gift
1725 2759 2810 2915 habe sie mit ihra von Grientz gebracht und
1734 2834 2814 2983 in das pfänneli gethan, weilen sie sie geg
1722 2898 2810 3040 haßet und sie jederzeit von ihnen bey der
1715 2963 2790 3121 sante verböseret worden, dero wegen sie
1713 3017 2768 3183 solches auß purem Vorsatz gethan, vnd sie
1727 3087 2558 3212 alle wollen umbs leben bringen.
1820 3159 2800 3298 An der Marter mit dem 25 lb a stei
1729 3233 2780 3362 bekënnte sie, daß sie droben zu Grientz von
1718 3301 2824 3443 Einem Madenalisten, deßen Namen Ihr nicht
1714 3390 2828 3519 gund nachlerts als sie klling gebunden auff bekomnen
1743 3443 2413 3571 dem marterstuhl gelaßen wurden.
