4032 3024
452 597 1457 773 ehender nicht als biß etwan frey wachen vor
437 690 1459 825 dder genißt verseühet, dann sie ehge demm seit
446 758 1477 906 bohl zwei fehren liß ihrer ordinari Reinigungen
444 847 1423 971 verhürstig und bald alle dele wuchen mit
457 925 1455 1042 einem hefftigen rufen wehe behafftet gegesen
445 1016 776 1125 also habe sie
422 1069 1469 1214 In ihre schbangerschafft niemenden als erh
429 1168 1453 1294 Dazumayl ein monat vor der genißt denm
438 1252 1459 1380 gedeüten Hans Müller angezeiget obwohlen
423 1326 1476 1454 ihro nicht unbekant, daß sei solcher hatte offen
433 1408 1433 1537 fehren sollen. Darauff er ihro angehalten
428 1486 1431 1632 ihme zu verschohnen und ihne nicht an Jogen
433 1562 1467 1694 iu geben, demme sei es persprochen under
420 1631 1480 1778 demm geding, jehe nachdemme es mit ihro ablauffen
438 1711 1442 1856 und wann er ihre gelt geben werde, daß sei
435 1793 1456 1926 anderwärtig kindrbetten konne, allein sie habe
435 1880 1456 2003 beden von diesem müller noch von obgesagt
429 1963 1290 2085 frömbden keinem pfenning eekommen.
424 2090 1459 2217 bhatttmahlen sein sie von Turs wyß demm
436 2186 1460 2311 künffter von Kyberg und seinen lantsen umb
412 2248 1472 2374 Die tochten umb ein lohalin zu lehren schaub
415 2333 1450 2456 halt zu machen beraffen horden. Als sei
425 2420 1421 2529 etwann zechen feg dlogt gebesen, habe sie
409 2479 1455 2598 Amm Jag oder amm abend vor der genißt
412 2569 1460 2697 Rufen schmerzen verspährt, dennach aber nicht
413 2648 1476 2745 vermichtet, daß es umb die genißt zu ihun
424 2711 1474 2847 bahre, dann sie glaubte solcher schmärzen fon
394 2790 1440 2923 ime sie an wie eine geraume zeit stor
425 2883 1454 3025 der schbangerschafft offtens beschechen und
424 2973 1474 3107 Dei ihrer rechnung nach vermeinte, solche ge-
416 3053 1450 3183 nißt berde noch etwan vier wachen lang
429 3137 1463 3269 Anstechen, Clahero sei Niemanden das gesu
396 3206 1429 3360 ste vhon ihrem znstand eroffnet und also
403 3307 1473 3443 sich in eine hindere stuben inn d die koß
1154 3420 1390 3531 begeben
2589 490 2682 570 167.
1601 536 2655 709 vogeben vorhabene nach Roparrbyl zur Mutter
1617 664 2633 791 zu gehen und ihro die ganze sach zu offen
1604 762 1819 876 gfahren.
1642 846 2686 967 7. Als sei eine zeit lang inn ihrem nacht-lager
1627 919 2672 1040 sich befunden, habe vor rufenbehe nachgeleßen,
1618 1022 2667 1148 so llaß sei schlaffen können, etwann gegen ein
1631 1107 2658 1222 uhren nach mitternacht komme das gufenbehr
1630 1174 2643 1301 die wiederumb an und auch ein drangen
1646 1250 2711 1388 im leib gleich ob solte sie rev ihre nohtuur
1631 1335 2665 1460 verrichten müßen, dahero sie aufgestanden
1633 1417 2711 1556 zu bloßenn heid sich hmans in die fuchi und
1649 1508 2691 1628 inn ders füchi geden h h nach demm stahl be
1618 1583 2677 1730 geben, als sie aber emmpfanden, daß etwaß
1632 1672 2743 1812 Anders als der ordinari h h stahtgang obhanden
1646 1771 2725 1900 habe sie ein clarneben bestandenes läres zumm
1624 1870 2724 2001 glich breites fübli zur hand genommen, sich dar
1642 1973 2712 2090 bey gestellet und an die manren gelähnet,
1648 2029 2707 2166 allda nach etwann frauw spund endtlich das
1633 2112 2728 2257 kind zur velt kommen und inn das kübli ge
1624 2227 1828 2350 fallen
1630 2316 2694 2447 s. Ward sie auch bekentlich, daß als das
1642 2403 2726 2523 kind wie gemelt gebohren sie sicg mit einer
1648 2479 2731 2600 hand an die meur gelöhnet mit der anderen
1648 2562 2692 2693 hand aber an dem Babelkan gezehrt und
1651 2644 2706 2760 allso desselbe von einander gerißen, das
1644 2712 2719 2844 kind aber ohne zu schmührung seines näbelns
1653 2786 2692 2911 halßles ohne angerußtenen beistand, liegen
1651 2884 2729 2999 laßen, ohngeacht sie darselbe ein Wenig Gruch¬
1645 2961 2724 3081 zen gehöhrt, auch ihro nicht unbekent gewesen
1641 3045 2708 3167 daß die verkaüpfung deß Näbelins bei einemm
1642 3127 2722 3254 neüb gebohrner kindelin zu erhaltung deß e
1658 3210 2681 3334 bens nohtbendig  seie, ohngeachtet sie
2468 3326 2625 3433 Etbar
