<?xml version="1.0" encoding="UTF-8" standalone="yes"?>
<PcGts xmlns="http://schema.primaresearch.org/PAGE/gts/pagecontent/2013-07-15" xmlns:xsi="http://www.w3.org/2001/XMLSchema-instance" xsi:schemaLocation="http://schema.primaresearch.org/PAGE/gts/pagecontent/2013-07-15 http://schema.primaresearch.org/PAGE/gts/pagecontent/2013-07-15/pagecontent.xsd">
    <Metadata>
        <Creator>prov=University of Rostock/Institute of Mathematics/CITlab|PLANET AI GmbH/Gundram Leifert/gundram.leifert@planet-ai.de:name=German_Kurrent_XVI-XVIII_M1(htr_id=19584)::::v=2.6.7
prov=University of Rostock/Institute of Mathematics/CITlab|PLANET AI GmbH/Tobias Gruening/tobias.gruening@planet-ai.de:name=de.uros.citlab.module.baseline2polygon.B2PSeamMultiOriented:v=2.6.7
prov=University of Rostock/Institute of Mathematics/CITlab|PLANET AI GmbH/Tobias Gruening/tobias.gruening@planet-ai.de:name=/net_tf/LA73_249_0mod360.pb:de.uros.citlab.segmentation.CITlab_LA_ML:v=2.6.7
Transkribus</Creator>
        <Created>2021-03-11T14:21:27.846+01:00</Created>
        <LastChange>2022-09-12T15:17:09.126+02:00</LastChange>
        <TranskribusMetadata docId="1334847" pageId="52362440" pageNr="54" tsid="114644245" status="IN_PROGRESS" userId="9570" imgUrl="https://files.transkribus.eu/Get?id=BJMHAHPLYMWJKPXUVRNRRDJO&amp;fileType=view" xmlUrl="https://files.transkribus.eu/Get?id=MEVZNQIHEKHORPVKIOXXROOO" imageId="19931616"/>
    </Metadata>
    <Page imageFilename="IMG_8925.jpg" imageWidth="4032" imageHeight="3024">
        <ReadingOrder>
            <OrderedGroup id="ro_1687513651144" caption="Regions reading order">
                <RegionRefIndexed index="0" regionRef="r1"/>
                <RegionRefIndexed index="1" regionRef="r2"/>
                <RegionRefIndexed index="2" regionRef="r3"/>
            </OrderedGroup>
        </ReadingOrder>
        <TextRegion orientation="0.0" id="r1" custom="readingOrder {index:0;}">
            <Coords points="458,1091 458,1247 489,1247 489,1091"/>
            <TextLine id="r1l1" custom="readingOrder {index:0;}">
                <Coords points="448,1204 458,1208 479,1197 483,1202 488,1199 496,1200 517,1090 503,1084 486,1085 483,1080 472,1081"/>
                <Baseline points="458,1191 489,1197"/>
                <TextEquiv>
                    <Unicode>1</Unicode>
                </TextEquiv>
            </TextLine>
            <TextEquiv>
                <Unicode>1</Unicode>
            </TextEquiv>
        </TextRegion>
        <TextRegion orientation="0.0" id="r2" custom="readingOrder {index:1;}">
            <Coords points="426,458 426,3420 1536,3420 1536,458"/>
            <TextLine id="r2l1" custom="readingOrder {index:0;} place {offset:11; length:5;}">
                <Coords points="476,550 541,579 633,539 823,534 858,571 981,562 1017,605 1305,588 1541,647 1546,605 1467,536 1229,506 1117,546 1048,484 818,487 604,381 497,374"/>
                <Baseline points="489,497 541,505 593,512 646,518 698,525 750,530 803,536 855,540 907,546 960,551 1012,555 1064,561 1117,567 1169,572 1221,578 1274,586 1326,593 1378,603 1431,612 1483,623 1536,635"/>
                <TextEquiv>
                    <Unicode>Ewbann vor Wusen hernach auch Morgent von</Unicode>
                </TextEquiv>
            </TextLine>
            <TextLine id="r2l2" custom="readingOrder {index:1;}">
                <Coords points="506,615 598,640 709,609 843,657 1020,642 1065,683 1242,663 1501,740 1511,650 1416,613 1354,646 1265,588 1133,619 1066,585 1016,605 982,561 854,605 771,550 708,570 623,515 568,543 518,510"/>
                <Baseline points="516,588 565,594 614,600 663,605 712,612 761,616 810,621 859,626 908,629 957,634 1006,639 1055,644 1104,649 1153,655 1202,661 1251,667 1300,674 1349,681 1398,690 1447,699 1497,710"/>
                <TextEquiv>
                    <Unicode>g habe sie an ofeler studers eines anderch</Unicode>
                </TextEquiv>
            </TextLine>
            <TextLine id="r2l3" custom="readingOrder {index:2;}">
                <Coords points="488,715 531,691 700,741 744,708 802,776 876,732 1123,782 1352,758 1539,835 1547,750 1393,689 1239,663 1118,710 1036,662 943,695 716,611 597,640 500,603"/>
                <Baseline points="498,678 549,685 601,691 653,695 705,699 757,704 809,708 861,712 913,716 965,719 1017,723 1068,726 1120,732 1172,736 1224,743 1276,748 1328,757 1380,766 1432,776 1484,788 1536,801"/>
                <TextEquiv>
                    <Unicode>Nachbars hauß s gegen daßen hauß Vold sie</Unicode>
                </TextEquiv>
            </TextLine>
            <TextLine id="r2l4" custom="readingOrder {index:3;} person {offset:29; length:19;}">
                <Coords points="492,771 887,808 954,856 1160,818 1542,885 1546,837 1473,800 1353,821 1222,748 1123,782 877,731 802,776 754,719 604,738 498,703"/>
                <Baseline points="498,770 549,775 601,780 653,784 705,788 757,792 809,796 861,798 913,801 965,804 1017,807 1068,812 1120,815 1172,819 1224,824 1276,831 1328,837 1380,844 1432,854 1484,863 1536,875"/>
                <TextEquiv>
                    <Unicode>elloar Widervillens gezeget) gleiche Grausambeit</Unicode>
                </TextEquiv>
            </TextLine>
            <TextLine id="r2l5" custom="readingOrder {index:4;}">
                <Coords points="497,875 933,898 1026,976 1100,916 1194,905 1338,960 1533,958 1536,907 1458,856 1406,887 1290,839 1205,864 1159,819 1044,884 984,836 936,866 815,809 754,843 694,800 502,805"/>
                <Baseline points="504,864 555,870 606,875 657,880 708,884 759,886 810,890 862,891 913,894 964,897 1015,899 1066,902 1117,903 1168,906 1220,910 1271,914 1322,919 1373,924 1424,931 1475,938 1527,947"/>
                <TextEquiv>
                    <Unicode>vernebt und mit einbegung zuntrtselbiges samt</Unicode>
                </TextEquiv>
            </TextLine>
            <TextLine id="r2l6" custom="readingOrder {index:5;}">
                <Coords points="496,963 575,1007 651,969 743,1040 938,978 1535,1051 1539,990 1459,940 1353,970 1263,918 1108,915 1012,970 936,899 501,885"/>
                <Baseline points="504,950 555,957 606,962 657,966 709,971 760,974 811,976 863,978 914,980 965,981 1017,983 1068,985 1119,987 1170,991 1222,994 1273,998 1324,1003 1376,1009 1427,1017 1478,1027 1530,1038"/>
                <TextEquiv>
                    <Unicode>allerhand Effecten umd etlichen kleinen Ppfann</Unicode>
                </TextEquiv>
            </TextLine>
            <TextLine id="r2l7" custom="readingOrder {index:6;}">
                <Coords points="489,1037 619,1073 674,1057 746,1105 834,1073 955,1081 1009,1112 1046,1084 1137,1085 1139,994 1036,1019 954,1005 925,1028 832,997 744,1040 621,970 573,1005 493,965"/>
                <Baseline points="495,1040 526,1043 558,1048 590,1051 622,1054 653,1056 685,1058 717,1061 749,1062 780,1064 812,1065 844,1067 876,1068 907,1070 939,1071 971,1071 1003,1073 1034,1075 1066,1076 1098,1079 1130,1080"/>
                <TextEquiv>
                    <Unicode>wurten in grundt verderbet.</Unicode>
                </TextEquiv>
            </TextLine>
            <TextLine id="r2l8" custom="readingOrder {index:7;}">
                <Coords points="503,1234 539,1260 727,1223 768,1255 820,1231 1002,1267 1105,1241 1140,1272 1230,1248 1308,1289 1520,1289 1526,1197 1462,1204 1376,1137 1218,1212 846,1099 732,1124 515,1059"/>
                <Baseline points="512,1194 562,1197 612,1200 662,1203 712,1205 762,1208 812,1211 863,1212 913,1215 963,1217 1013,1220 1063,1223 1113,1226 1163,1230 1214,1234 1264,1238 1314,1244 1364,1249 1414,1255 1464,1262 1515,1269"/>
                <TextEquiv>
                    <Unicode>Renigs Zeits hernach auß einechem unbillen ggen</Unicode>
                </TextEquiv>
            </TextLine>
            <TextLine id="r2l9" custom="readingOrder {index:8;}">
                <Coords points="473,1340 577,1301 1066,1360 1134,1321 1334,1374 1390,1346 1432,1380 1531,1338 1533,1302 1313,1306 1229,1248 887,1280 812,1231 725,1277 675,1233 632,1266 479,1231"/>
                <Baseline points="483,1283 535,1284 587,1287 639,1289 691,1292 743,1294 795,1296 847,1301 899,1304 951,1305 1003,1310 1055,1313 1107,1316 1159,1319 1211,1324 1263,1328 1315,1331 1367,1335 1419,1339 1471,1342 1524,1347"/>
                <TextEquiv>
                    <Unicode>ihrem damahligen ehrmann habe sie in ihrem gehab</Unicode>
                </TextEquiv>
            </TextLine>
            <TextLine id="r2l10" custom="readingOrder {index:9;}">
                <Coords points="479,1396 889,1449 1038,1400 1128,1440 1189,1407 1524,1456 1527,1382 1426,1381 1381,1341 1328,1377 1145,1325 1098,1361 966,1335 907,1371 820,1327 696,1368 482,1321"/>
                <Baseline points="486,1379 537,1380 589,1382 640,1384 692,1386 744,1388 795,1391 847,1393 898,1395 950,1398 1002,1400 1053,1403 1105,1405 1156,1407 1208,1409 1260,1412 1311,1415 1363,1416 1414,1419 1466,1422 1518,1425"/>
                <TextEquiv>
                    <Unicode>fen eggenem hauß gleicht unkeht verbracht, selbsten</Unicode>
                </TextEquiv>
            </TextLine>
            <TextLine id="r2l11" custom="readingOrder {index:10;}">
                <Coords points="953,1447 1025,1457 1039,1470 1053,1457 1085,1466 1103,1453 1158,1471 1183,1463 1202,1478 1233,1460 1258,1478 1275,1469 1277,1422 1211,1432 1175,1410 1128,1440 1085,1418 1072,1427 1039,1401 1005,1430 954,1432"/>
                <Baseline points="960,1445 985,1446 1011,1449 1037,1450 1063,1452 1088,1454 1114,1455 1140,1457 1166,1458 1191,1458 1217,1458 1243,1458 1269,1458"/>
                <TextEquiv>
                    <Unicode>underschyedfihen</Unicode>
                </TextEquiv>
            </TextLine>
            <TextLine id="r2l12" custom="readingOrder {index:11;}">
                <Coords points="478,1507 782,1479 833,1513 940,1486 1224,1530 1317,1503 1388,1539 1503,1515 1505,1461 1423,1435 1257,1479 973,1468 867,1429 660,1447 567,1393 483,1396"/>
                <Baseline points="486,1461 536,1463 587,1465 637,1467 688,1470 738,1472 789,1475 839,1478 890,1480 940,1483 991,1486 1042,1488 1092,1491 1143,1493 1193,1495 1244,1497 1294,1499 1345,1500 1395,1500 1446,1502 1497,1502"/>
                <TextEquiv>
                    <Unicode>zu zwegen mahlen am woolbarbh deten seuter</Unicode>
                </TextEquiv>
            </TextLine>
            <TextLine id="r2l13" custom="readingOrder {index:12;}">
                <Coords points="484,1558 619,1606 670,1562 999,1579 1076,1624 1155,1584 1267,1616 1491,1594 1423,1527 1225,1562 1151,1508 1010,1493 966,1521 728,1487 486,1503"/>
                <Baseline points="491,1548 540,1551 590,1553 640,1556 689,1559 739,1561 789,1563 838,1565 888,1568 938,1569 988,1571 1037,1573 1087,1575 1137,1577 1186,1578 1236,1580 1286,1581 1335,1581 1385,1583 1435,1583 1485,1583"/>
                <TextEquiv>
                    <Unicode>eingesezt, also daß, da das erstere außgebrochen</Unicode>
                </TextEquiv>
            </TextLine>
            <TextLine id="r2l14" custom="readingOrder {index:13;}">
                <Coords points="467,1663 582,1645 640,1693 690,1652 803,1694 1145,1660 1353,1694 1494,1679 1495,1651 1438,1606 1370,1638 1314,1594 1087,1632 904,1570 735,1622 697,1581 620,1605 471,1548"/>
                <Baseline points="474,1634 524,1636 575,1640 626,1641 676,1644 727,1647 778,1650 828,1652 879,1655 930,1658 981,1659 1031,1662 1082,1664 1133,1665 1183,1667 1234,1668 1285,1668 1335,1668 1386,1668 1437,1667 1488,1665"/>
                <TextEquiv>
                    <Unicode>heütor gedampft und außgelosen worden, sie</Unicode>
                </TextEquiv>
            </TextLine>
            <TextLine id="r2l15" custom="readingOrder {index:14;}">
                <Coords points="473,1750 1252,1744 1440,1783 1496,1778 1498,1698 1392,1728 1333,1686 1196,1724 1096,1671 976,1718 868,1669 720,1715 574,1649 475,1663"/>
                <Baseline points="480,1718 530,1720 581,1724 631,1726 682,1729 732,1730 783,1733 833,1734 884,1736 934,1737 985,1739 1035,1739 1086,1740 1136,1742 1187,1742 1237,1743 1288,1744 1338,1745 1389,1746 1439,1748 1490,1749"/>
                <TextEquiv>
                    <Unicode>gleich an einem anderen ort deßen wiedermahl</Unicode>
                </TextEquiv>
            </TextLine>
            <TextLine id="r2l16" custom="readingOrder {index:15;}">
                <Coords points="476,1812 629,1847 802,1806 993,1854 1090,1816 1174,1856 1208,1833 1382,1866 1487,1835 1489,1777 1325,1747 1054,1776 695,1729 582,1782 478,1764"/>
                <Baseline points="483,1799 532,1800 582,1803 632,1805 682,1807 732,1809 782,1811 832,1812 882,1813 932,1814 982,1817 1031,1817 1081,1818 1131,1820 1181,1821 1231,1823 1281,1824 1331,1826 1381,1827 1431,1829 1481,1830"/>
                <TextEquiv>
                    <Unicode>eingelagt und auff solche weise gedacht ihr hauß</Unicode>
                </TextEquiv>
            </TextLine>
            <TextLine id="r2l17" custom="readingOrder {index:16;}">
                <Coords points="457,1920 563,1882 694,1935 736,1902 821,1934 1077,1909 1230,1969 1368,1915 1463,1925 1465,1853 1358,1890 1284,1839 1174,1856 1090,1816 989,1866 813,1819 691,1850 583,1816 459,1836"/>
                <Baseline points="464,1884 513,1887 563,1888 612,1890 662,1892 712,1894 761,1896 811,1897 861,1899 910,1901 960,1902 1010,1904 1059,1904 1109,1905 1159,1907 1208,1907 1258,1907 1308,1907 1357,1907 1407,1907 1457,1907"/>
                <TextEquiv>
                    <Unicode>samt vilerhand haußrecht schikf gschinn und</Unicode>
                </TextEquiv>
            </TextLine>
            <TextLine id="r2l18" custom="readingOrder {index:17;}">
                <Coords points="465,2010 573,2024 654,1981 772,2011 973,1987 1054,2044 1134,2003 1213,2039 1481,2026 1484,1948 1407,1930 1178,1980 1046,1920 831,1936 752,1906 680,1941 470,1897"/>
                <Baseline points="474,1964 524,1967 574,1970 624,1972 674,1974 724,1978 774,1980 824,1983 874,1985 924,1988 974,1990 1024,1992 1074,1994 1124,1997 1174,1998 1224,1999 1274,2000 1324,2001 1374,2001 1424,2001 1475,2001"/>
                <TextEquiv>
                    <Unicode>Wolchem Keünig veil velfig amgeoscheret habe.</Unicode>
                </TextEquiv>
            </TextLine>
            <TextLine id="r2l19" custom="readingOrder {index:18;} person {offset:31; length:9;}">
                <Coords points="419,2163 838,2149 957,2190 1141,2155 1345,2195 1470,2169 1472,2098 1074,2070 975,2116 776,2108 716,2072 659,2105 422,2036"/>
                <Baseline points="426,2144 477,2142 529,2142 581,2142 633,2144 685,2146 737,2148 789,2150 841,2153 893,2155 945,2158 996,2160 1048,2162 1100,2164 1152,2165 1204,2166 1256,2166 1308,2165 1360,2162 1412,2160 1464,2156"/>
                <TextEquiv>
                    <Unicode>Wil mn wird einersteite dieser Maleficun,</Unicode>
                </TextEquiv>
            </TextLine>
            <TextLine id="r2l20" custom="readingOrder {index:19;} person {offset:3; length:12;}">
                <Coords points="448,2259 550,2288 658,2234 774,2231 860,2294 901,2258 1015,2287 1112,2243 1465,2243 1465,2173 1342,2195 1137,2163 983,2210 864,2154 449,2154"/>
                <Baseline points="455,2222 505,2223 555,2223 605,2226 655,2227 705,2228 755,2231 806,2232 856,2232 906,2234 956,2235 1006,2237 1056,2237 1106,2237 1157,2238 1207,2237 1257,2237 1307,2235 1357,2234 1407,2231 1458,2228"/>
                <TextEquiv>
                    <Unicode>in elsbat moser angeörte bekanntnuß und</Unicode>
                </TextEquiv>
            </TextLine>
            <TextLine id="r2l21" custom="readingOrder {index:20;}">
                <Coords points="448,2327 795,2332 867,2365 1070,2322 1327,2342 1464,2324 1463,2250 1296,2250 1205,2293 1113,2245 1011,2308 917,2267 854,2302 658,2235 588,2286 447,2259"/>
                <Baseline points="455,2313 505,2316 555,2318 605,2321 655,2322 705,2324 755,2325 805,2325 855,2325 905,2325 956,2325 1006,2325 1056,2324 1106,2322 1156,2320 1206,2318 1256,2315 1306,2312 1356,2309 1406,2305 1457,2301"/>
                <TextEquiv>
                    <Unicode>vergëczt mit allen ihren umbständen und erstucht,</Unicode>
                </TextEquiv>
            </TextLine>
            <TextLine id="r2l22" custom="readingOrder {index:21;}">
                <Coords points="458,2411 971,2438 1011,2405 1132,2465 1303,2409 1409,2450 1476,2406 1475,2318 1308,2333 1246,2374 1040,2324 866,2368 606,2338 542,2385 458,2384"/>
                <Baseline points="465,2400 515,2402 565,2403 615,2403 665,2405 716,2406 766,2406 816,2406 866,2406 916,2406 967,2406 1017,2405 1067,2404 1117,2402 1167,2400 1218,2399 1268,2396 1318,2394 1368,2390 1418,2387 1469,2382"/>
                <TextEquiv>
                    <Unicode>und also in teiffr betrachtung gezogen, daß durch</Unicode>
                </TextEquiv>
            </TextLine>
            <TextLine id="r2l23" custom="readingOrder {index:22;}">
                <Coords points="457,2507 1043,2489 1214,2530 1408,2470 1475,2492 1474,2405 1408,2452 1207,2415 1137,2463 1064,2414 966,2443 920,2410 805,2468 456,2405"/>
                <Baseline points="464,2481 514,2481 564,2483 614,2483 665,2483 715,2484 765,2484 815,2484 866,2484 916,2484 966,2484 1016,2483 1067,2483 1117,2481 1167,2480 1217,2479 1268,2477 1318,2475 1368,2473 1418,2470 1469,2468"/>
                <TextEquiv>
                    <Unicode>solche gransame, boß und refell afftenntalten</Unicode>
                </TextEquiv>
            </TextLine>
            <TextLine id="r2l24" custom="readingOrder {index:23;}">
                <Coords points="455,2594 560,2575 796,2612 848,2567 1046,2614 1091,2579 1266,2603 1474,2556 1472,2493 1425,2469 1162,2541 1066,2492 920,2489 454,2542"/>
                <Baseline points="461,2567 511,2567 561,2567 611,2567 662,2567 712,2568 762,2568 812,2568 863,2567 913,2567 963,2566 1013,2565 1064,2564 1114,2561 1164,2558 1214,2555 1265,2552 1315,2547 1365,2541 1415,2536 1466,2528"/>
                <TextEquiv>
                    <Unicode>unsere angehörige undertahnen auß ihres suze</Unicode>
                </TextEquiv>
            </TextLine>
            <TextLine id="r2l25" custom="readingOrder {index:24;}">
                <Coords points="458,2685 642,2650 693,2688 1068,2656 1198,2691 1289,2643 1340,2674 1470,2634 1468,2591 1415,2579 1277,2608 1217,2577 1126,2620 1083,2587 1042,2614 847,2569 768,2627 617,2580 456,2633"/>
                <Baseline points="464,2654 516,2655 569,2655 621,2655 674,2655 726,2655 779,2655 832,2655 884,2655 937,2654 989,2652 1042,2651 1094,2648 1147,2645 1200,2642 1252,2638 1305,2633 1357,2627 1410,2619 1463,2612"/>
                <TextEquiv>
                    <Unicode>in esezlichen borcht, schanten gesezet in großen</Unicode>
                </TextEquiv>
            </TextLine>
            <TextLine id="r2l26" custom="readingOrder {index:25;}">
                <Coords points="445,2789 683,2749 746,2784 854,2756 914,2780 1418,2712 1492,2741 1471,2648 1336,2673 1285,2645 1131,2694 1063,2664 717,2676 632,2726 536,2668 441,2688"/>
                <Baseline points="450,2742 501,2742 553,2742 605,2744 656,2744 708,2744 760,2742 811,2742 863,2742 915,2741 967,2739 1018,2738 1070,2735 1122,2733 1173,2730 1225,2726 1277,2723 1328,2718 1380,2713 1432,2708 1484,2700"/>
                <TextEquiv>
                    <Unicode>verlurst und Schadin gebracht und dartuuch die all</Unicode>
                </TextEquiv>
            </TextLine>
            <TextLine id="r2l27" custom="readingOrder {index:26;}">
                <Coords points="435,2868 558,2828 682,2871 1042,2828 1170,2867 1277,2810 1382,2847 1467,2801 1449,2763 1299,2747 1257,2774 1188,2736 890,2773 845,2810 697,2761 640,2795 433,2793"/>
                <Baseline points="440,2828 491,2828 542,2829 593,2831 644,2831 695,2831 746,2832 797,2832 848,2831 899,2831 950,2831 1001,2829 1052,2828 1103,2826 1154,2824 1205,2822 1256,2818 1307,2814 1358,2811 1409,2806 1460,2801"/>
                <TextEquiv>
                    <Unicode>gemeine sicherzeit des landts gehamnt und zu</Unicode>
                </TextEquiv>
            </TextLine>
            <TextLine id="r2l28" custom="readingOrder {index:27;}">
                <Coords points="1023,2922 1105,2911 1162,2935 1198,2909 1278,2922 1311,2907 1353,2931 1407,2892 1464,2888 1461,2833 1415,2829 1335,2873 1268,2818 1195,2865 1149,2865 1115,2841 1077,2866 1019,2869"/>
                <Baseline points="1029,2910 1054,2909 1079,2909 1104,2908 1129,2907 1154,2906 1180,2904 1205,2903 1230,2902 1255,2901 1280,2899 1305,2897 1331,2894 1356,2892 1381,2889 1406,2887 1431,2885 1457,2882"/>
                <TextEquiv>
                    <Unicode>Andersteits dann wir</Unicode>
                </TextEquiv>
            </TextLine>
            <TextLine id="r2l29" custom="readingOrder {index:28;}">
                <Coords points="431,2937 486,2920 514,2944 559,2914 635,2950 675,2948 712,2919 794,2939 807,2935 808,2902 746,2895 708,2857 647,2874 605,2834 564,2862 509,2836 464,2871 432,2874"/>
                <Baseline points="438,2913 463,2913 489,2912 515,2912 541,2912 567,2912 593,2913 619,2913 645,2915 671,2915 697,2916 723,2916 749,2918 775,2918 801,2919"/>
                <TextEquiv>
                    <Unicode>stöhret worden.</Unicode>
                </TextEquiv>
            </TextLine>
            <TextLine id="r2l30" custom="readingOrder {index:29;} person {offset:8; length:4;}">
                <Coords points="446,3010 1315,3028 1373,2979 1455,2974 1454,2932 1242,2907 775,2950 705,2923 652,2959 444,2933"/>
                <Baseline points="452,2996 501,2996 551,2996 601,2996 651,2996 701,2996 750,2997 800,2997 850,2997 900,2997 950,2997 999,2997 1049,2997 1099,2996 1149,2993 1199,2991 1248,2988 1298,2985 1348,2980 1398,2974 1448,2967"/>
                <TextEquiv>
                    <Unicode>des von gott dem allerzächsten kegenten uns</Unicode>
                </TextEquiv>
            </TextLine>
            <TextLine id="r2l31" custom="readingOrder {index:30;}">
                <Coords points="444,3119 555,3071 628,3106 680,3074 822,3106 910,3076 950,3101 1305,3084 1454,3036 1453,2996 1070,3058 986,3008 767,3048 682,3010 564,3035 440,3009"/>
                <Baseline points="449,3081 501,3080 554,3078 606,3078 659,3077 711,3077 764,3077 817,3077 869,3077 922,3076 974,3075 1027,3074 1079,3072 1132,3071 1185,3068 1237,3064 1290,3059 1342,3054 1395,3049 1448,3041"/>
                <TextEquiv>
                    <Unicode>zu bestraffung solcher und anderer großer übel</Unicode>
                </TextEquiv>
            </TextLine>
            <TextLine id="r2l32" custom="readingOrder {index:31;}">
                <Coords points="438,3181 716,3156 772,3196 855,3162 915,3197 1135,3146 1187,3171 1442,3145 1459,3063 999,3107 681,3073 625,3107 552,3075 436,3116"/>
                <Baseline points="443,3161 493,3159 544,3158 594,3156 645,3156 695,3155 746,3155 796,3155 847,3155 897,3155 948,3155 999,3153 1049,3153 1100,3151 1150,3149 1201,3146 1251,3142 1302,3139 1352,3133 1403,3127 1454,3119"/>
                <TextEquiv>
                    <Unicode>sahten ansertrauwten hach oberkeitlichen andter</Unicode>
                </TextEquiv>
            </TextLine>
            <TextLine id="r2l33" custom="readingOrder {index:32;}">
                <Coords points="440,3254 743,3279 866,3241 931,3289 1035,3239 1201,3225 1280,3280 1364,3218 1469,3232 1466,3168 1384,3191 1216,3148 931,3196 711,3180 642,3223 547,3171 438,3189"/>
                <Baseline points="447,3252 497,3248 548,3246 598,3244 649,3242 700,3242 750,3240 801,3239 852,3239 902,3237 953,3236 1004,3234 1054,3233 1105,3231 1156,3228 1206,3225 1257,3222 1308,3217 1358,3212 1409,3207 1460,3198"/>
                <TextEquiv>
                    <Unicode>und daran hangender pflichten und billich eriner</Unicode>
                </TextEquiv>
            </TextLine>
            <TextLine id="r2l34" custom="readingOrder {index:33;}">
                <Coords points="433,3356 518,3372 590,3324 725,3358 996,3305 1378,3347 1466,3318 1462,3234 1294,3276 1200,3224 932,3289 865,3241 734,3285 522,3246 429,3277"/>
                <Baseline points="438,3336 489,3333 540,3330 591,3327 642,3325 693,3323 744,3320 795,3318 846,3315 897,3312 948,3311 999,3308 1050,3306 1101,3303 1152,3300 1203,3297 1254,3294 1305,3293 1356,3289 1407,3286 1458,3282"/>
                <TextEquiv>
                    <Unicode>ort. Als habend wird darauß hen wy mister</Unicode>
                </TextEquiv>
            </TextLine>
            <TextLine id="r2l35" custom="readingOrder {index:34;}">
                <Coords points="1198,3440 1236,3435 1270,3400 1299,3418 1309,3410 1326,3408 1311,3300 1289,3304 1284,3311 1261,3300 1230,3327 1219,3323 1208,3331 1184,3333"/>
                <Baseline points="1199,3401 1228,3400 1257,3394 1286,3389 1316,3389"/>
                <TextEquiv>
                    <Unicode>Esen</Unicode>
                </TextEquiv>
            </TextLine>
            <TextEquiv>
                <Unicode>Ewbann vor Wusen hernach auch Morgent von
g habe sie an ofeler studers eines anderch
Nachbars hauß s gegen daßen hauß Vold sie
elloar Widervillens gezeget) gleiche Grausambeit
vernebt und mit einbegung zuntrtselbiges samt
allerhand Effecten umd etlichen kleinen Ppfann
wurten in grundt verderbet.
Renigs Zeits hernach auß einechem unbillen ggen
ihrem damahligen ehrmann habe sie in ihrem gehab
fen eggenem hauß gleicht unkeht verbracht, selbsten
underschyedfihen
zu zwegen mahlen am woolbarbh deten seuter
eingesezt, also daß, da das erstere außgebrochen
heütor gedampft und außgelosen worden, sie
gleich an einem anderen ort deßen wiedermahl
eingelagt und auff solche weise gedacht ihr hauß
samt vilerhand haußrecht schikf gschinn und
Wolchem Keünig veil velfig amgeoscheret habe.
Wil mn wird einersteite dieser Maleficun,
in elsbat moser angeörte bekanntnuß und
vergëczt mit allen ihren umbständen und erstucht,
und also in teiffr betrachtung gezogen, daß durch
solche gransame, boß und refell afftenntalten
unsere angehörige undertahnen auß ihres suze
in esezlichen borcht, schanten gesezet in großen
verlurst und Schadin gebracht und dartuuch die all
gemeine sicherzeit des landts gehamnt und zu
Andersteits dann wir
stöhret worden.
des von gott dem allerzächsten kegenten uns
zu bestraffung solcher und anderer großer übel
sahten ansertrauwten hach oberkeitlichen andter
und daran hangender pflichten und billich eriner
ort. Als habend wird darauß hen wy mister
Esen</Unicode>
            </TextEquiv>
        </TextRegion>
        <TextRegion orientation="0.0" id="r3" custom="readingOrder {index:2;}">
            <Coords points="1698,509 1698,3523 2774,3523 2774,509"/>
            <TextLine id="r3l1" custom="readingOrder {index:0;}">
                <Coords points="2699,615 2720,613 2738,598 2747,596 2754,587 2786,587 2777,513 2770,514 2761,507 2755,511 2720,492 2706,507 2686,510"/>
                <Baseline points="2699,557 2724,553 2749,550 2774,548"/>
                <TextEquiv>
                    <Unicode>99.</Unicode>
                </TextEquiv>
            </TextLine>
            <TextLine id="r3l2" custom="readingOrder {index:1;}">
                <Coords points="1752,717 1980,687 2056,729 2206,675 2328,718 2544,710 2545,656 2407,598 2380,616 2089,582 2044,603 1965,552 1888,595 1828,558 1758,569"/>
                <Baseline points="1761,659 1799,660 1838,661 1877,662 1916,663 1955,665 1994,666 2032,666 2071,668 2110,669 2149,671 2188,672 2227,674 2266,675 2304,678 2343,680 2382,682 2421,684 2460,687 2499,690 2538,693"/>
                <TextEquiv>
                    <Unicode>Erdig zu Recht erkennt und gesprachen.</Unicode>
                </TextEquiv>
            </TextLine>
            <TextLine id="r3l3" custom="readingOrder {index:2;} person {offset:36; length:14;}">
                <Coords points="1739,821 2094,828 2172,884 2308,819 2727,890 2772,871 2776,800 2403,746 2210,796 2141,755 2017,774 1950,745 1741,774"/>
                <Baseline points="1746,812 1797,810 1848,810 1899,810 1950,810 2001,811 2052,813 2103,815 2154,817 2205,820 2256,823 2307,826 2358,829 2409,834 2460,838 2511,842 2562,846 2613,851 2664,855 2715,859 2766,863"/>
                <TextEquiv>
                    <Unicode>Daß vord allen dingen diesers weibs flrbeth rloser</Unicode>
                </TextEquiv>
            </TextLine>
            <TextLine id="r3l4" custom="readingOrder {index:3;}">
                <Coords points="1754,943 1933,890 2298,913 2423,959 2462,932 2757,948 2759,889 2588,844 2464,870 2307,818 2128,875 2030,822 1960,851 1759,814"/>
                <Baseline points="1763,891 1812,890 1861,890 1911,888 1960,888 2009,890 2059,890 2108,891 2157,893 2207,894 2256,897 2305,899 2355,902 2404,905 2453,908 2503,911 2552,915 2601,919 2651,924 2700,929 2750,933"/>
                <TextEquiv>
                    <Unicode>ihm Theüre sarl in die hand ihres erloset und solig.</Unicode>
                </TextEquiv>
            </TextLine>
            <TextLine id="r3l5" custom="readingOrder {index:4;} person {offset:0; length:8;} place {offset:41; length:7;}">
                <Coords points="1755,968 2040,1010 2142,981 2201,1021 2395,990 2523,1035 2598,1000 2762,1016 2765,951 2496,966 2463,933 2417,963 2371,927 2278,962 2193,918 2136,944 2066,894 1931,894 1881,933 1835,895 1756,929"/>
                <Baseline points="1761,966 1810,969 1860,971 1910,972 1960,974 2009,975 2059,976 2109,978 2159,979 2208,980 2258,983 2308,984 2358,986 2407,987 2457,990 2507,992 2557,995 2606,998 2656,1002 2706,1005 2756,1010"/>
                <TextEquiv>
                    <Unicode>mlachers anbefohlen, deßßen leib dann zu Wolverd</Unicode>
                </TextEquiv>
            </TextLine>
            <TextLine id="r3l6" custom="readingOrder {index:5;} person {offset:0; length:7;}">
                <Coords points="1748,1088 1880,1117 2058,1059 2222,1107 2390,1065 2685,1115 2753,1094 2756,1011 2520,1034 2300,992 2194,1034 2144,994 1751,986"/>
                <Baseline points="1755,1049 1804,1050 1854,1053 1903,1054 1953,1056 2003,1057 2052,1058 2102,1059 2151,1061 2201,1062 2251,1064 2300,1065 2350,1067 2399,1068 2449,1070 2499,1073 2548,1076 2598,1077 2647,1081 2697,1085 2747,1089"/>
                <TextEquiv>
                    <Unicode>Bienker jedache gnndiger stragk, dem Scherff suhler</Unicode>
                </TextEquiv>
            </TextLine>
            <TextLine id="r3l7" custom="readingOrder {index:6;}">
                <Coords points="1757,1135 1820,1185 2004,1142 2139,1202 2409,1144 2469,1182 2760,1170 2738,1097 2612,1122 2486,1077 2410,1113 2344,1077 2230,1112 2004,1058 1883,1117 1758,1089"/>
                <Baseline points="1764,1130 1813,1133 1862,1134 1912,1136 1961,1137 2011,1138 2060,1139 2110,1140 2159,1142 2209,1142 2258,1143 2307,1145 2357,1146 2406,1146 2456,1148 2505,1149 2555,1151 2604,1152 2654,1154 2703,1155 2753,1158"/>
                <TextEquiv>
                    <Unicode>übergeben, durch selbigeng gebunden und oben auß auß</Unicode>
                </TextEquiv>
            </TextLine>
            <TextLine id="r3l8" custom="readingOrder {index:7;}">
                <Coords points="1745,1251 1825,1216 1886,1253 2177,1245 2209,1276 2472,1241 2598,1296 2770,1240 2769,1204 2547,1162 2470,1193 2196,1167 2141,1204 2005,1142 1831,1190 1746,1158"/>
                <Baseline points="1752,1217 1802,1217 1853,1218 1903,1218 1954,1220 2004,1221 2055,1223 2105,1224 2156,1226 2206,1227 2257,1229 2308,1230 2358,1232 2409,1233 2459,1233 2510,1233 2560,1233 2611,1233 2661,1232 2712,1230 2763,1229"/>
                <TextEquiv>
                    <Unicode>die grtvohnte richt statt geführt, daeselasten zum wem</Unicode>
                </TextEquiv>
            </TextLine>
            <TextLine id="r3l9" custom="readingOrder {index:8;}">
                <Coords points="1731,1327 1827,1293 1952,1335 2188,1321 2283,1354 2320,1320 2362,1346 2513,1308 2728,1324 2775,1309 2776,1266 2572,1295 2518,1248 2436,1275 2262,1249 2219,1277 1886,1253 1825,1217 1731,1259"/>
                <Baseline points="1737,1295 1788,1295 1840,1296 1891,1298 1943,1299 1995,1301 2046,1302 2098,1304 2149,1305 2201,1307 2253,1308 2304,1308 2356,1310 2407,1310 2459,1310 2511,1310 2562,1310 2614,1308 2665,1307 2717,1304 2769,1302"/>
                <TextEquiv>
                    <Unicode>sselt und schreiken aller derglechen und anderer übel</Unicode>
                </TextEquiv>
            </TextLine>
            <TextLine id="r3l10" custom="readingOrder {index:9;}">
                <Coords points="1724,1407 1854,1389 1935,1423 1989,1383 2097,1382 2221,1430 2540,1382 2624,1424 2763,1403 2764,1314 2701,1341 2614,1315 2564,1352 2447,1317 2397,1354 2320,1320 2283,1355 2189,1324 2138,1355 1898,1350 1827,1293 1725,1327"/>
                <Baseline points="1731,1373 1782,1373 1833,1375 1884,1376 1936,1377 1987,1379 2038,1380 2090,1382 2141,1383 2192,1385 2244,1386 2295,1388 2346,1388 2397,1389 2449,1389 2500,1388 2551,1388 2603,1386 2654,1385 2705,1382 2757,1379"/>
                <TextEquiv>
                    <Unicode>tähteren an einem pfahl erwürget und racstorets</Unicode>
                </TextEquiv>
            </TextLine>
            <TextLine id="r3l11" custom="readingOrder {index:10;}">
                <Coords points="2001,1435 2014,1436 2020,1443 2033,1444 2037,1440 2042,1446 2058,1446 2061,1401 2049,1402 2044,1399 2033,1407 2025,1405 2013,1414 2010,1411 2002,1412"/>
                <Baseline points="2007,1430 2052,1433"/>
                <TextEquiv>
                    <Unicode></Unicode>
                </TextEquiv>
            </TextLine>
            <TextLine id="r3l12" custom="readingOrder {index:11;}">
                <Coords points="1743,1462 1806,1457 1884,1516 1945,1465 2412,1520 2771,1488 2752,1399 2571,1429 2480,1395 2370,1442 2310,1406 2228,1442 2103,1390 2036,1447 1897,1394 1743,1402"/>
                <Baseline points="1749,1457 1799,1458 1850,1460 1901,1461 1952,1463 2003,1463 2053,1464 2104,1466 2155,1466 2206,1467 2257,1467 2307,1467 2358,1467 2409,1467 2460,1467 2511,1466 2561,1464 2612,1463 2663,1461 2714,1458 2765,1455"/>
                <TextEquiv>
                    <Unicode>der Körpfr sam  heibers haubang zu Aschen</Unicode>
                </TextEquiv>
            </TextLine>
            <TextLine id="r3l13" custom="readingOrder {index:12;}">
                <Coords points="1745,1537 1814,1551 1848,1535 1875,1559 1937,1536 2020,1559 2042,1542 2090,1560 2107,1547 2198,1552 2197,1479 2111,1516 2045,1481 1961,1527 1888,1522 1827,1472 1791,1490 1747,1475"/>
                <Baseline points="1752,1530 1777,1530 1803,1531 1829,1532 1855,1533 1881,1535 1907,1536 1933,1536 1959,1538 1984,1539 2010,1541 2036,1542 2062,1542 2088,1542 2114,1542 2140,1542 2166,1542 2192,1542"/>
                <TextEquiv>
                    <Unicode>verbranet werden solle.</Unicode>
                </TextEquiv>
            </TextLine>
            <TextLine id="r3l14" custom="readingOrder {index:13;}">
                <Coords points="1726,1628 1807,1589 1824,1600 1853,1572 1967,1594 2008,1567 2077,1611 2112,1588 2222,1599 2223,1562 2174,1544 2090,1558 1942,1537 1913,1550 1842,1535 1812,1551 1728,1537"/>
                <Baseline points="1734,1565 1759,1565 1784,1565 1810,1566 1835,1566 1860,1566 1886,1566 1911,1566 1936,1566 1962,1566 1987,1566 2013,1568 2038,1568 2063,1569 2089,1570 2114,1571 2139,1572 2165,1575 2190,1576 2216,1578"/>
                <TextEquiv>
                    <Unicode>sauß dem scheiterausen.</Unicode>
                </TextEquiv>
            </TextLine>
            <TextLine id="r3l15" custom="readingOrder {index:14;}">
                <Coords points="1703,1649 2307,1658 2354,1691 2750,1627 2538,1582 2105,1619 2008,1567 1824,1605 1761,1580 1704,1615"/>
                <Baseline points="1710,1640 1761,1638 1813,1637 1864,1638 1916,1638 1968,1640 2019,1642 2071,1643 2122,1646 2174,1649 2226,1650 2277,1652 2329,1655 2380,1656 2432,1658 2484,1658 2535,1658 2587,1656 2638,1653 2690,1651 2742,1647"/>
                <TextEquiv>
                    <Unicode>Dn cum Coram 200. den 17tn Xembris 1734.</Unicode>
                </TextEquiv>
            </TextLine>
            <TextLine id="r3l16" custom="readingOrder {index:15;}">
                <Coords points="1736,1728 1813,1730 1895,1771 2034,1737 2064,1761 2127,1764 2246,1738 2325,1748 2326,1659 2269,1672 2238,1656 2185,1691 2120,1691 2036,1649 1943,1686 1737,1642"/>
                <Baseline points="1742,1725 1770,1724 1799,1724 1828,1722 1857,1722 1886,1722 1915,1722 1943,1722 1972,1722 2001,1722 2030,1723 2059,1724 2088,1724 2117,1725 2145,1725 2174,1727 2203,1727 2232,1728 2261,1728 2290,1728 2319,1728"/>
                <TextEquiv>
                    <Unicode>und exequirt den 18. dito</Unicode>
                </TextEquiv>
            </TextLine>
            <TextLine id="r3l17" custom="readingOrder {index:16;}">
                <Coords points="1710,1852 1903,1842 1943,1879 2087,1831 2188,1861 2516,1841 2616,1888 2751,1857 2752,1778 2592,1811 2321,1758 2195,1792 2086,1749 1839,1783 1711,1741"/>
                <Baseline points="1716,1836 1767,1836 1818,1835 1870,1835 1921,1835 1973,1835 2024,1835 2076,1836 2127,1836 2179,1836 2230,1838 2281,1838 2333,1839 2384,1841 2436,1841 2487,1842 2539,1842 2590,1844 2642,1844 2693,1845 2745,1845"/>
                <TextEquiv>
                    <Unicode>Als nun ich der erichtschreiberobige Glut</Unicode>
                </TextEquiv>
            </TextLine>
            <TextLine id="r3l18" custom="readingOrder {index:17;}">
                <Coords points="1726,1921 2040,1928 2090,1960 2331,1929 2457,1974 2722,1926 2722,1872 2633,1908 2516,1843 2378,1881 2276,1842 2197,1870 2025,1844 1936,1885 1896,1847 1727,1887"/>
                <Baseline points="1733,1914 1782,1913 1831,1913 1880,1913 1929,1913 1978,1913 2027,1914 2076,1914 2125,1916 2174,1917 2224,1917 2273,1919 2322,1919 2371,1920 2420,1922 2469,1922 2518,1922 2567,1922 2616,1922 2665,1922 2715,1922"/>
                <TextEquiv>
                    <Unicode>Wrheil bevorderst meyse den tächten und</Unicode>
                </TextEquiv>
            </TextLine>
            <TextLine id="r3l19" custom="readingOrder {index:18;}">
                <Coords points="2720,1941 2731,1945 2742,1940 2749,1942 2765,1863 2756,1862 2755,1860 2750,1863 2736,1860"/>
                <Baseline points="2730,1922 2745,1925"/>
                <TextEquiv>
                    <Unicode></Unicode>
                </TextEquiv>
            </TextLine>
            <TextLine id="r3l20" custom="readingOrder {index:19;}">
                <Coords points="1726,2059 2058,2014 2136,2059 2288,2012 2393,2055 2466,2023 2541,2063 2631,2016 2727,2024 2727,1948 2161,1977 2037,1929 1870,1973 1726,1921"/>
                <Baseline points="1733,2015 1782,2013 1831,2012 1881,2012 1930,2010 1979,2010 2029,2010 2078,2009 2127,2009 2177,2009 2226,2009 2275,2009 2325,2010 2374,2010 2423,2010 2473,2012 2522,2013 2571,2013 2621,2015 2670,2017 2720,2018"/>
                <TextEquiv>
                    <Unicode>volglich in der großen Stieben meigs</Unicode>
                </TextEquiv>
            </TextLine>
            <TextLine id="r3l21" custom="readingOrder {index:20;}">
                <Coords points="1716,2116 1815,2164 1886,2138 1925,2165 1997,2117 2174,2175 2253,2126 2319,2163 2368,2116 2458,2162 2516,2121 2687,2154 2757,2138 2758,2038 2675,2071 2462,2038 2411,2082 2196,2025 2134,2063 2063,2015 1949,2084 1845,2055 1716,2084"/>
                <Baseline points="1722,2106 1773,2106 1824,2106 1876,2106 1927,2106 1979,2106 2030,2106 2082,2106 2133,2107 2185,2108 2236,2108 2287,2108 2339,2108 2390,2109 2442,2109 2493,2111 2545,2112 2596,2114 2648,2115 2699,2118 2751,2120"/>
                <TextEquiv>
                    <Unicode>vnd G abgelesen, Ist angebracht worden,</Unicode>
                </TextEquiv>
            </TextLine>
            <TextLine id="r3l22" custom="readingOrder {index:21;}">
                <Coords points="1700,2211 1807,2259 1906,2210 2140,2232 2194,2205 2282,2217 2330,2262 2412,2232 2487,2272 2554,2239 2641,2255 2641,2160 2566,2128 2513,2121 2458,2163 2360,2138 2265,2190 2213,2151 2174,2177 1976,2136 1827,2173 1701,2113"/>
                <Baseline points="1707,2204 1753,2202 1799,2202 1846,2201 1892,2201 1938,2201 1985,2202 2031,2202 2077,2204 2124,2204 2170,2205 2216,2205 2263,2207 2309,2207 2355,2207 2402,2208 2448,2208 2494,2208 2541,2208 2587,2207 2634,2207"/>
                <TextEquiv>
                    <Unicode>Ob nicht der Maleficantin zeitlichen</Unicode>
                </TextEquiv>
            </TextLine>
            <TextLine id="r3l23" custom="readingOrder {index:22;}">
                <Coords points="1724,2332 1769,2306 1872,2357 2028,2335 2070,2363 2193,2299 2424,2336 2471,2302 2616,2305 2721,2337 2722,2260 2554,2240 2479,2277 2430,2236 2351,2285 2132,2250 1955,2277 1725,2227"/>
                <Baseline points="1731,2292 1780,2295 1829,2297 1878,2298 1927,2300 1977,2300 2026,2301 2075,2301 2124,2303 2173,2303 2223,2303 2272,2303 2321,2303 2370,2304 2419,2304 2469,2304 2518,2304 2567,2304 2616,2306 2665,2306 2715,2307"/>
                <TextEquiv>
                    <Unicode>Verlaßenschafft halb 80 und in bie viel</Unicode>
                </TextEquiv>
            </TextLine>
            <TextLine id="r3l24" custom="readingOrder {index:23;}">
                <Coords points="1696,2405 1752,2444 1883,2415 1994,2466 2175,2410 2376,2470 2691,2440 2692,2399 2587,2347 2471,2384 2254,2329 2062,2363 2027,2334 1937,2381 1776,2321 1697,2345"/>
                <Baseline points="1703,2393 1752,2396 1801,2399 1850,2400 1899,2402 1948,2403 1997,2405 2046,2406 2095,2406 2144,2408 2194,2408 2243,2408 2292,2408 2341,2408 2390,2409 2439,2409 2488,2411 2537,2412 2586,2413 2635,2415 2685,2418"/>
                <TextEquiv>
                    <Unicode>dem Oberkhn fioco darson zugesprochen</Unicode>
                </TextEquiv>
            </TextLine>
            <TextLine id="r3l25" custom="readingOrder {index:24;}">
                <Coords points="1707,2568 1884,2522 1948,2569 2118,2508 2338,2535 2396,2584 2470,2549 2522,2587 2612,2585 2737,2536 2738,2496 2630,2473 2287,2475 2249,2447 2165,2484 1957,2479 1797,2422 1710,2463"/>
                <Baseline points="1715,2507 1765,2507 1816,2508 1867,2508 1918,2510 1968,2510 2019,2511 2070,2512 2121,2513 2171,2514 2222,2516 2273,2517 2324,2518 2374,2519 2425,2520 2476,2522 2527,2523 2577,2525 2628,2527 2679,2529 2730,2531"/>
                <TextEquiv>
                    <Unicode>seyn in obiger blutsuotheil eingen</Unicode>
                </TextEquiv>
            </TextLine>
            <TextLine id="r3l26" custom="readingOrder {index:25;}">
                <Coords points="1718,2624 1924,2627 1991,2682 2085,2630 2199,2624 2405,2629 2512,2686 2749,2653 2750,2577 2511,2606 2400,2588 2333,2533 2181,2607 2095,2551 1719,2586"/>
                <Baseline points="1725,2618 1775,2618 1826,2616 1877,2616 1928,2618 1979,2618 2030,2618 2080,2619 2131,2621 2182,2622 2233,2623 2284,2624 2335,2625 2386,2627 2436,2628 2487,2630 2538,2630 2589,2631 2640,2631 2691,2633 2742,2633"/>
                <TextEquiv>
                    <Unicode>eeckt werden solle. Darüber nach gehalten</Unicode>
                </TextEquiv>
            </TextLine>
            <TextLine id="r3l27" custom="readingOrder {index:26;}">
                <Coords points="1697,2760 1799,2744 1990,2798 2124,2766 2202,2801 2475,2740 2640,2787 2721,2769 2722,2696 2051,2663 1938,2704 1891,2666 1852,2696 1698,2646"/>
                <Baseline points="1703,2733 1753,2733 1804,2734 1854,2735 1905,2735 1956,2736 2006,2736 2057,2738 2107,2738 2158,2738 2209,2739 2259,2739 2310,2741 2360,2741 2411,2741 2462,2741 2512,2742 2563,2742 2613,2742 2664,2742 2715,2741"/>
                <TextEquiv>
                    <Unicode>dener umbfrag Meÿs und d. Lund G.</Unicode>
                </TextEquiv>
            </TextLine>
            <TextLine id="r3l28" custom="readingOrder {index:27;}">
                <Coords points="1710,2860 1881,2847 1939,2891 1995,2857 2193,2911 2284,2859 2433,2905 2500,2850 2581,2910 2679,2849 2716,2866 2707,2806 2361,2831 2267,2788 2033,2806 1710,2768"/>
                <Baseline points="1716,2849 1765,2849 1815,2849 1864,2847 1914,2847 1964,2847 2013,2847 2063,2847 2113,2847 2162,2847 2212,2847 2262,2847 2311,2847 2361,2847 2411,2847 2460,2847 2510,2849 2560,2849 2609,2850 2659,2850 2709,2852"/>
                <TextEquiv>
                    <Unicode>erkendt, daß es bey bißharigem gebrauch</Unicode>
                </TextEquiv>
            </TextLine>
            <TextLine id="r3l29" custom="readingOrder {index:28;}">
                <Coords points="1705,2958 2214,2970 2261,3003 2450,2999 2539,2958 2757,2982 2758,2903 2694,2884 2477,2938 2375,2875 2106,2932 2049,2887 1980,2930 1764,2877 1706,2907"/>
                <Baseline points="1712,2943 1766,2943 1821,2942 1876,2942 1930,2942 1985,2943 2040,2943 2094,2944 2149,2945 2204,2946 2258,2946 2313,2948 2368,2949 2422,2949 2477,2951 2532,2951 2586,2951 2641,2951 2696,2951 2751,2951"/>
                <TextEquiv>
                    <Unicode>verbleiben und außert den fählen eines Landtag,</Unicode>
                </TextEquiv>
            </TextLine>
            <TextLine id="r3l30" custom="readingOrder {index:29;} organization {offset:39; length:8;}">
                <Coords points="1706,3044 2151,3046 2250,3090 2547,3037 2736,3050 2736,3006 2647,2969 2590,2990 2539,2960 2466,3006 2053,2978 2018,3007 1855,2955 1799,2981 1706,2955"/>
                <Baseline points="1713,3033 1763,3033 1814,3032 1865,3032 1916,3032 1967,3032 2017,3033 2068,3033 2119,3033 2170,3035 2221,3035 2271,3035 2322,3036 2373,3036 2424,3036 2475,3035 2525,3035 2576,3033 2627,3032 2678,3030 2729,3027"/>
                <TextEquiv>
                    <Unicode>da der stiminal Landtrflüchtig, in den Sriminal</Unicode>
                </TextEquiv>
            </TextLine>
            <TextLine id="r3l31" custom="readingOrder {index:30;}">
                <Coords points="1697,3117 1760,3149 2172,3134 2249,3172 2314,3130 2493,3135 2536,3170 2651,3112 2736,3119 2727,3056 2255,3097 2135,3056 1697,3058"/>
                <Baseline points="1704,3110 1755,3110 1806,3111 1857,3113 1909,3113 1960,3114 2011,3114 2063,3116 2114,3116 2165,3116 2217,3116 2268,3116 2319,3116 2370,3116 2422,3116 2473,3114 2524,3113 2576,3111 2627,3111 2678,3108 2730,3107"/>
                <TextEquiv>
                    <Unicode>Urkhlen ders verlaßenschafft deß maleficante</Unicode>
                </TextEquiv>
            </TextLine>
            <TextLine id="r3l32" custom="readingOrder {index:31;}">
                <Coords points="1696,3244 2011,3207 2108,3256 2162,3208 2274,3255 2336,3209 2427,3253 2539,3219 2594,3257 2643,3220 2742,3227 2743,3159 2615,3125 2545,3169 2296,3190 2194,3145 2149,3168 1922,3122 1869,3160 1697,3161"/>
                <Baseline points="1704,3192 1755,3194 1807,3195 1858,3197 1910,3198 1962,3200 2013,3201 2065,3201 2116,3203 2168,3203 2220,3204 2271,3204 2323,3204 2374,3204 2426,3204 2478,3204 2529,3204 2581,3204 2632,3204 2684,3203 2736,3203"/>
                <TextEquiv>
                    <Unicode>richt gedacht werden solle, zemahlen dieselbe</Unicode>
                </TextEquiv>
            </TextLine>
            <TextLine id="r3l33" custom="readingOrder {index:32;}">
                <Coords points="1703,3302 1860,3301 1949,3366 2046,3311 2108,3361 2182,3314 2278,3358 2327,3319 2406,3344 2489,3308 2700,3333 2751,3307 2751,3238 2656,3220 2597,3261 2522,3226 2455,3259 2385,3218 2150,3282 2077,3226 2025,3250 1934,3219 1858,3269 1703,3244"/>
                <Baseline points="1709,3294 1760,3297 1812,3299 1864,3301 1916,3302 1967,3303 2019,3303 2071,3303 2123,3303 2174,3303 2226,3303 2278,3303 2330,3304 2381,3305 2433,3305 2485,3305 2537,3306 2588,3308 2640,3309 2692,3311 2744,3314"/>
                <TextEquiv>
                    <Unicode>ver de dem fuco heimbfallen thüye und</Unicode>
                </TextEquiv>
            </TextLine>
            <TextLine id="r3l34" custom="readingOrder {index:33;}">
                <Coords points="1702,3388 1872,3423 1951,3392 1997,3436 2108,3442 2330,3412 2512,3477 2637,3479 2730,3436 2733,3365 2326,3351 2278,3378 2107,3361 2040,3316 1925,3365 1705,3299"/>
                <Baseline points="1709,3384 1759,3383 1810,3383 1861,3384 1912,3384 1962,3386 2013,3387 2064,3389 2115,3392 2165,3394 2216,3396 2267,3399 2318,3402 2368,3404 2419,3407 2470,3409 2521,3411 2571,3414 2622,3416 2673,3417 2724,3419"/>
                <TextEquiv>
                    <Unicode>darüber gaad zuerzeigen meys frey stehe.</Unicode>
                </TextEquiv>
            </TextLine>
            <TextLine id="r3l35" custom="readingOrder {index:34;}">
                <Coords points="1689,3529 1906,3487 2504,3525 2521,3485 2336,3413 2213,3449 1950,3447 1764,3388 1694,3424"/>
                <Baseline points="1698,3473 1738,3473 1779,3473 1820,3473 1861,3474 1902,3474 1942,3477 1983,3479 2024,3480 2065,3483 2106,3485 2146,3488 2187,3489 2228,3492 2269,3494 2310,3497 2350,3498 2391,3500 2432,3501 2473,3503 2514,3504"/>
                <TextEquiv>
                    <Unicode>Actur Coram 200 18. dembris 1731.</Unicode>
                </TextEquiv>
            </TextLine>
            <TextEquiv>
                <Unicode>99.
Erdig zu Recht erkennt und gesprachen.
Daß vord allen dingen diesers weibs flrbeth rloser
ihm Theüre sarl in die hand ihres erloset und solig.
mlachers anbefohlen, deßßen leib dann zu Wolverd
Bienker jedache gnndiger stragk, dem Scherff suhler
übergeben, durch selbigeng gebunden und oben auß auß
die grtvohnte richt statt geführt, daeselasten zum wem
sselt und schreiken aller derglechen und anderer übel
tähteren an einem pfahl erwürget und racstorets

der Körpfr sam  heibers haubang zu Aschen
verbranet werden solle.
sauß dem scheiterausen.
Dn cum Coram 200. den 17tn Xembris 1734.
und exequirt den 18. dito
Als nun ich der erichtschreiberobige Glut
Wrheil bevorderst meyse den tächten und

volglich in der großen Stieben meigs
vnd G abgelesen, Ist angebracht worden,
Ob nicht der Maleficantin zeitlichen
Verlaßenschafft halb 80 und in bie viel
dem Oberkhn fioco darson zugesprochen
seyn in obiger blutsuotheil eingen
eeckt werden solle. Darüber nach gehalten
dener umbfrag Meÿs und d. Lund G.
erkendt, daß es bey bißharigem gebrauch
verbleiben und außert den fählen eines Landtag,
da der stiminal Landtrflüchtig, in den Sriminal
Urkhlen ders verlaßenschafft deß maleficante
richt gedacht werden solle, zemahlen dieselbe
ver de dem fuco heimbfallen thüye und
darüber gaad zuerzeigen meys frey stehe.
Actur Coram 200 18. dembris 1731.</Unicode>
            </TextEquiv>
        </TextRegion>
    </Page>
</PcGts>
