4032 3024
317 1123 361 1260 3
313 1536 379 1632 4.
435 497 1534 710 dann mit Wilhelm Hirschberger von Kollen in bekant
435 616 1498 774 schafft gerahten und daselbsten in der st. Johanne
417 680 1479 817 kirchen copuliert worden, seit selbiger zeit aber
433 775 1514 906 immerfort mit ihme da und dorten in dentschlandt und
435 858 1497 989 einiche mahl in der schweitz zu Baaden, basel und
442 928 1501 1069 der enden dem bättel nachgestrichen, den conuie
425 1008 1092 1135 ition-schein habe sie verlohren.
418 1110 1491 1330 zeit mehr als einem jahr daher habe sie und ihr mann
430 1269 1525 1402 mit dem Frantz Stockhammer und deßen weib bekannt,
420 1346 1497 1450 schafft gemacht, mit welchen sie biß dahero dem bätteln
423 1403 995 1507 nach und umbhergezogen.
441 1556 1471 1683 annethin bekennte sie, daß ihr mann der Wilhelm
409 1645 1472 1766 bereits vor etwann drey jahren von einem schlesinger
391 1705 1481 1849 Studenten einen faltschen abscheyd, ob wäre er in deß
409 1789 1484 1917 Graffen von Vielland diensten gebesen; Wie auch einen
407 1865 1494 1998 ertichteten steür brieff samt dem sollect, buch schreiben
407 1930 1477 2062 und mit faltschen siegeln betrucken laßen, mit welchen
411 2005 1467 2127 der mann zu Ougspurg und in der pfalz herumb eine
397 2083 1440 2205 zeit lang brand steüler eingeforderet habe, welche
388 2158 1464 2285 Stene, latenten samt dreyen faltschen siegeln annoch zu
1194 2253 1456 2343 daß auch der
403 2245 974 2348 Baaden beym hirschen seyen.
367 2299 1472 2441 Frantz Stockhammer Letsthin zu Baaden gedachten falt,
400 2414 1446 2515 schen abscheyd abgeschrieben, auch mit hilff etwelcher
403 2467 1479 2576 anderer studenten dem mann einen anderen ertichtten
395 2543 1454 2657 Brandt-schein und Collect, buch geschrieben und mit
384 2615 1437 2725 faltschen siegeln betrucken laßen, mit welchem ihr
388 2680 1459 2784 Mann allhier zu dern von der oberkeit und sonsten
402 2743 1462 2858 daherumb brand-steüler bekommen. Diß alles seye
382 2831 1466 2949 ihra wohlbekannt gewesen, dann sie zu Baaden dem
375 2909 1471 3024 frantz und andere studenten dergleichen schreibengeg
400 2971 1474 3105 sehen, auch habe ihr mann so wohl als gedachter frantz
369 3062 1452 3173 Stockhammer ihra verdentet, daß sie zu berm Steüler
397 3138 1475 3260 einforderen wollind und nachwerts, daß sie solche
388 3217 783 3342 bekommen habind.
1089 3327 1393 3440 5. Endtlichen
2660 410 2735 482 111
1591 572 2758 707 sendtlichen bejahrte sie, daß sie und ihr mann a 1728.
1666 636 2763 789 Dals der saub in dem pfarrhauß zu Stengen beschehen.
1670 733 2727 852 vorher und nachwerts zu Baaden gewesen daß sie
1672 811 2752 930 auch den so genannten gaxen fridel und deßen weib
1666 885 2733 1011 die große bärbel genannt (so beyde von der seen
1667 961 2685 1098 gischen diebs hande) dazumal zu Baaden by
1661 1048 2754 1167 sternen losierend gesehen. Etwas zeits hernach dan
1657 1118 2749 1268 selbige ohnweit kintzingen widerumb angetroffen, da
1668 1208 2754 1323 dann sie samt der großen barbel und noch eines aug
1663 1289 2742 1407 edenten weib von der streyff auffgefangen und in
1653 1366 2728 1486 Kinzingen eine zeit lang verwahrt gehalten worden,
1655 1446 2757 1559 zuletst aber allesamt den Reiß auß nemmen können,
1652 1536 2716 1628 Sie habe auch gesehen, daß gedente große bärbel zu
1659 1598 2776 1708 ihrem gluckshafen, spihl viel allerhand Kleinsilben
1652 1678 2733 1797 zeug finger, hüet und dergleichen gehabt, welches
1661 1774 2746 1865 sie im hinführen nach kinzingen von sich geworffen,
1659 1827 2777 1929 Der ambtmann daselbsten aber auff ihr der Anfriedin
1670 1894 2776 2021 und deß studenten weibs anzeig suchen laßen und
1657 1973 1979 2067 gefunden habe:
2185 1988 2782 2090 Da Innzwonschen aber der wil
1672 2051 2777 2156 helm und ein student den Gapen, friedel auff deßen
1664 2132 2735 2233 und seines weibs ansuchen mit seinem vielen gelt
1654 2197 2789 2318 und silber zeüg von dorten biß auff Rotwyl bey 20
1641 2260 2732 2385 stunden lang begleitet und darfür versprochener
1651 2354 2402 2462 maßen 50 gulden bekommen haben.
2537 2368 2756 2482 jedennach
1654 2408 2771 2565 aber wollte sie keines wegs bekanntlich seyn, daß
1644 2512 2737 2632 weder ihr mann vermuhteter maßen der gerber
1627 2556 2753 2702 Frantz noch der andere der hiliß stich verd allso
1648 2649 2262 2799 von der Seenger, Rott seyind.
1654 2733 1957 2859 Actum obstaht
2146 3360 2732 3537 Sabina Ulluryerin
