4032 3024
426 444 1545 705 schrifftlicher bericht bestättiget, deßen aber ohngeaitt
453 573 1522 771 deß Collegii indulani einhaliger schluß biß anf
448 632 1520 843 den einzigen medicum ordinarium, der der den
440 722 1517 929 ition beygewohnt, pro letalitate non absoluta¬
406 785 1101 947 sonder per accideno erfolget.
1280 883 1507 992 Maßen
437 874 1507 1061 durch diese wunden kein großes gefeß oder
441 991 1513 1186 andere edle Partey deren function zu erhalten
431 1070 1499 1244 deß nebens absolute nohtwendig, ist verlezt
426 1159 1512 1343 worden, auch die verwündung derjenigen kleine
420 1231 1492 1427 Gefeßen so getroffen worden nicht so beschaffen ge¬
422 1337 1515 1497 wesen, daß sie nohtwendig den todt hätten nach sich
398 1423 1524 1572 ziehen sollen, sie ist aber hernach per accidens letu
414 1502 1491 1646 worden und zwar, so daß wann das in dem leib
405 1591 1503 1741 Außgeronmene und hernach verdorbene gebliet
415 1669 1469 1820 welches durch seine versizung und faulung die
411 1762 1511 1882 meyste Ursach deß todts worden ist, wäre durch da
410 1853 1487 1972 Wunden auß dem leib geloffen, die Natur die
421 1925 1502 2080 verlezten gefeß durch ihren naturlichen Balsamm
409 2018 1483 2148 deß geblüets hernach gar wohl wider hätte zuheile.
400 2105 1473 2237 können, und allso der Verwundte bey dem Leben
396 2185 1476 2313 bleiben, wie dann auch in vielen im verwerfflichen
397 2263 1501 2396 observationen zufinden ist, daß solche und auch viel
389 2344 1326 2498 großere verletzungen sint curiert worden.
347 2465 1507 2623 r Medicuo Ordinarius dann so der Aufshnedig
388 2589 1437 2742 beygewohnt und den verstorbenen noch bey seinen
378 2645 1492 2811 lebzeiten under seiner auffsicht gehabt, saget mit
385 2737 1460 2858 dem in gott ruhwenden Fabricio Hildano
384 2814 1485 2970 von todtlichkeit der wunden pag 375 als auch
376 2866 1471 3020 wann die hol- ader oder einiche glüt oder fuls
390 2959 1478 3108 ader in verborgenen oder heimlichen teiben deß
359 3018 1466 3189 leibs verwundet wirdt, so ziehet sie wegen der glüt
358 3102 1477 3300 sturzung, so nicht gestillet werden kan, den todt
377 3170 1483 3370 nach sich, wann nemlich (hier aller anderer ver
357 3258 1465 3468 letzungen zugeschleigen ein so merklicher ast der
1178 3428 1385 3548 anderen
2717 365 2839 468 129
1677 492 2800 683 Underen krös, fuls ader entzwey geschnitten
1690 595 2839 752 worden, daß durch denselben, wie dieser ordinarius
1694 683 2812 875 angenscheinlich und handtgreyfflich zu beweisen
1693 749 2800 925 aber sich nimnet, alles blutt im ganzen leib
1690 825 2815 1017 wann es seinen graden kauff dahin gehabt hätte
1677 928 2819 1107 innert zweyen stünden auffs höchste hätte auß,
1691 1031 2777 1204 lauffen können, und aber ein so gelegene ader
1693 1114 2825 1282 die diese gewesen, behörig zu verbinden eine biß
1694 1202 2798 1378 hero noch unbekannte kunstist, da in deßen
1686 1305 2858 1463 ohne verband sie sich selbsten nicht schließen kan als
1695 1368 2845 1529 muß er diese wunden mit htildano so lang für
1677 1464 2827 1619 kurtz umb oder absolute tadtlich halten bis
1694 1578 2835 1718 dies kunst erfunden und bewiesen seyn wirdt.
1669 1714 2797 1876 N. Dieherr eß sollegis mögen wohl zu geben
1691 1843 2808 1981 daß herr doctor ordinarius seine relation allso
1705 1919 2838 2062 ungeben, sie siit aber auch parat auff hochen befehl
1678 2011 2843 2123 hin ihre meinung mit mehreren grunden zu under-
1682 2111 2831 2210 stützen, gleich wie herrn ordinarius ein gleiches
1666 2159 2413 2290 ihme vorbehalten haben will.
1662 2249 2838 2439 Diß ist allso der mehrere bericht so e gel in aller
1656 2398 2797 2521 gebuhr reseriert werden sollen. Actum die 6tag
1673 2441 2104 2609 obrio 1732t.
2035 2595 2349 2719 Signiert.
1668 2601 2488 2804 Wolffgang Christen p. t Ordinarius.
2221 2781 2846 2950 Jacob Bäy Imnsallsche.
