4032 3024
848 -2 1899 148 ihnen diese ordnung sopeglich zuschiken
867 74 1915 235 umb in allen begebenden fählen alle nöth
860 175 1911 338 anßalten nach obigerweg weisung zu ver
849 283 1029 398 sge
1441 285 1892 448 Canzley Gerrn
835 406 1918 622 N daß der richterstuhl solle größ netberden
851 528 1871 676 ban der thaterbey der stell vid jedel
835 613 1880 774 an michle  Red Berber in ansehen des flußen
851 696 1743 858 und Habolds den 20. Septbr 1714.
819 815 1903 1040 Den 26. jani 1719 ist in ansehen herre albrecht
822 950 1873 1142 von Wattenweyl, so herren franh Müller erstohen.
826 1039 1870 1216 sich aber fortgemacht und nicht erschienen
834 1103 1873 1255 gleichfahls erkent worden, daß der richter
812 1186 1845 1345 stuhl solle geofnet werden. Vide rahts
814 1251 1266 1394 Mannal Fol: 28.
818 1336 1857 1546 gleichfahls ist bey diesem gehaltenen landwg
831 1446 1870 1630 erkent worden, daß die end urtheil, obgleich
807 1507 1843 1706 der thäter entlichen an der frruhgaßen
817 1599 1844 1802 abgelesen werden solle, so auch beschehen den 17.
772 1647 1110 1828 Alb. 179
1295 1759 1817 1932 Canzley Gern
763 1885 1853 2072 N sub 27. aprilis 1730 ist erken worden.
795 1973 1790 2120 daß der tichterstuhl bey dem 1 und 2
764 2066 1847 2250 landt- tag verschloßen bleiben bey dem 3
783 2163 1838 2331 aber der Tähler erscheine oder nits
790 2239 1798 2447 geöffnet werden sollen hct obstaht.
773 2330 1796 2568 Wer in de  no 11 fo zusehen.
2210 70 3218 266 Aufgenommene Information.
2923 241 3102 374 er
2041 263 3219 448 Nahdeme ihr dnr diener wlcheih
2088 368 3213 542 Schreibern Jodan Rudolff Esidisteli sontag
2080 470 3194 631 den 26. martii 1730 abends gegen aicht uhren
2074 540 3203 723 hinderbracht worden, wie daß undenherden
2074 629 3204 791 gerechtigkeit brunnen vor möhlen alt schult
2054 708 3216 892 heyß von Großenrird von Murten behausung
2065 797 3191 949 aller erst eine schlägerey vorgeloffen und
2072 875 3199 1022 einer darvon verstorben seye. hat dersel
2067 960 3192 1092 bige bey dermaliger lribs iedisposition
2046 1037 3185 1189 Mobhh Groß beibele sich alsobald nach den
2045 1112 3167 1265 ohrt verflgt und den todten lrichnahm
2053 1172 3161 1323 bey leben namens anthani schneider ein
2037 1252 3158 1427 seiden wäber von Staffis burgdurch H
2029 1332 3163 1481 Medicumund Chgrurgum von Außen Visi¬
2033 1411 3145 1573 tieren laßen, auch der hergangenheit halbe
2039 1496 3142 1637 nachbeschriebene deformation aufgenommen
2029 1546 3144 1656 Anber nachbemelte gezeüen bey sydt ermahnt, die greedt
2028 1600 3124 1723 lichewahrheit diße ohrts bartihnen in büßen zugrodnen, Hierauff
2024 1642 2896 1784 unzugt Sincens Althauß,
2096 1745 3082 1897 Ein stidenwäber gosell von Langnan
2048 1833 3146 2000 gebürtig, nun auf dem Muri feld bosnhafft
2163 1884 2850 2032 von 32 jahren alters.
2011 2014 3114 2205 Zengete Er und Niclaus Maurer seyen etban
2014 2124 3108 2242 um 612 Uhren diesen abend von dem undere
1998 2186 3109 2333 thor hermit ihren gebehren die statt sonnen
1983 2261 3108 2393 halb auf der gaßen hinauf gegangen um
1988 2329 3113 2469 ihre nachtlacht zu verrichten. Als sie under
1999 2398 3108 2551 ber dem gerechtigkeit brunnen baren, sahen sie
1993 2485 3109 2651 daß Jacob Rot der müller mit dem anthoni
1985 2539 3084 2695 schneider Seidenläber (die bey de ihme gan
1998 2618 3096 2777 wohl besant einen streit und wort lochßel
2001 2689 3104 2838 hatte und der roht zu ihme schneidersagte
1988 2759 3088 2890 dubist mir schuldig du spizbub du muß
1984 2843 3082 2956 mich bezahlen. Der schneider antwortete
