4032 3024
361 1750 482 1874 2.
541 443 1516 591 Sie del habe der Magd 2 r geben wein
551 527 1530 682 zureichen, die rob habe das ey in der sun
550 599 1525 750 ben außgethan und geklopfet, sie del ab
530 682 1510 799 habe das waßer samt dem gehohlten wein
545 748 1520 886 und zucker ins ey und hernach in das pfarr
544 816 1456 966 neli geschuttet, welches aber die alten
540 891 1475 1010 Ris allzeit gerühret, darzu ein lormg
537 969 1483 1114 Eingeschnitten und das gekochte Weren
518 1035 1475 1167 warm in die stuben getragen zwey
513 1114 1492 1251 Lofel voll darvon habe sie del ge-
507 1197 1495 1312 geßen und vorhero noch ein kelli voll
529 1266 1514 1383 versucht, bald hernach habe sie sich biß
508 1332 1514 1472 3. Mahl auf das blut erbrechen müeß
505 1451 1493 1531 Worüber die ros zum offteren gelachet,
516 1512 1456 1624 mit verdeuten, Sie sagte gern, di
507 1565 1464 1686 bist wahrt, daß die in demer boßheit
519 1658 885 1759 gestaupet larst.
507 1747 1470 1911 In dem 2 examine de 29. septembris
502 1858 1500 1983 gestende sie del daß, wann ir etwas
507 1919 1460 2060 schädliches underloffen, so müeßt der
508 2001 1415 2114 Nlaß gewordene zinker auf das in
493 2070 1476 2206 Einem Papyr sich befindende Pulferlin,
480 2148 1443 2276 so ihre magd ihra umb Jacobi anstatt
501 2239 1436 2346 deß verlangten wennstein salzes
496 2301 1469 2397 Salpeter Salzes und krebssteinen,
488 2371 1416 2489 fulfers für ihre mund fäule aus
504 2444 1446 2571 einem laden gebracht, wormit sie ihre
502 2487 1471 2638 Bilderen geriben, den mund aber her-
489 2563 1474 2706 nach außgespühlt, welcher sie starck gen
491 2654 1501 2779 bißen, ihra wehr gethan und auch blueten
495 2688 1488 2847 gemacht gethan worden seye und etwag
491 2774 1453 2905 darvon angenommen haben oder darvon
501 2852 1389 2978 an den zinder kommen seyn. Sagte
488 2915 1471 3056 aber, Es seye ihra nichts daran gele
487 2989 1447 3127 gen ob deß überreüter Risenkinder
492 3033 1456 3216 lebind oder nicht, dann sie keinen Rutzen
482 3088 1446 3264 darvon habe, wohl aber sie hingegen
491 3164 1463 3323 Maßen, wenn sie del gestorben ware.
490 3250 1497 3428 so ihnen mehr daran gelegen sie durch zubuzen
1321 3391 1470 3481 ietc.
2799 321 2896 405 49
1765 389 2918 564 ihr sohn s der preden zu Lauperswyl alß
1775 472 2781 629 dan bey ihrer sante haubterb ware
1769 564 2819 728 zuletst aber über moherren examinatoren
1775 628 2794 774 kräfftige vermahnen sagte sie del Es
1772 709 2878 865 müeße etwas von obvermeltem fülfer
1770 794 2839 922 an dem zinker anklebt seyn, so sie nicht.
1785 855 2896 990 remarquirt und wan dises papyr noch in
1767 926 2920 1050 mr Martis hauß in ihrer cammerlige, so seye
1769 987 2911 1117 sie unschuldig, wo aber nicht, so seye die schuldig
1772 1071 2906 1202 und verlange nichts anders als den tnd lorgen
1772 1141 2351 1272 ihrer unvorsichtigkeit.
1669 1204 2914 1379 Ni dises fulfer zusuchen hat sich mioher groß
1773 1302 2905 1430 weibel in mr Martis hauß begeben, aber
1761 1385 2285 1511 nicht finden können
1658 1525 2842 1653 2 In dem 3en cocamine de 16. novembris saget
1747 1627 2896 1728 sie del: Nachdemme sie uber alles woegen
1759 1683 2899 1785 des von der magd ihren kinderen vormahls
1745 1782 2886 1863 gekochten weinwaarins geredt, es möchte
1750 1824 2888 1937 etwann der dampf eine Spinnelen darein
1740 1890 2840 1998 gezogen oder bemelte Magd kraufer
1747 1951 2891 2085 darum erwehlt oder ihr kind Röseli ein
1737 2018 2903 2146 Mäusentäfeli bekommen haben, welches es
1743 2085 2783 2228 zwar bekennten gethan, dennoch aber
1749 2154 2871 2289 alldahin, wo selbiges gewesen, widerum
1734 2231 2295 2329 hingelegt ze haben.
2382 2249 2909 2372 Denne Berdouerte
1748 2281 2837 2420 die del. wann nüt von obig verdeubem
1739 2358 2875 2516 Pulfer an den zunker wider ihr wüßen und
1747 2418 2823 2586 Willen kommen seÿe, so seye sie unschuldig
1739 2493 2860 2662 wüßte aber nicht, ob gifft in selbigem pulter
1725 2561 2103 2656 gelesen seÿe.
2230 2573 2831 2716 Weiters habe en
1722 2625 2767 2770 geschloßen, daß die Biren, so das kind
1722 2698 2861 2873 Edelstein geßen und auf dem Lädli, allwo
1736 2763 2833 2930 mehrgede Pulfer ware gelegen, müeße
1714 2820 2876 3006 etwas darvon an sich gezogen haben, glau-
1720 2911 2791 3058 be nicht, daß das ey, so sie ihme an dere
1726 2961 2862 3147 bättag morgens geben, die ursach gewesen
1701 3044 2362 3156 seye, seines Erbrechens.
2372 3096 2821 3220 fürgte auch-
1705 3107 2846 3299 hinzu, Sie seye offtmahls auß Melanctio¬
1712 3157 2836 3360 lien in ihrer hante matten herum gangen
1718 3251 2844 3442 und gelaünscht einen knaben birhend anzu
1705 3298 2637 3469 treffen, der sie Erschießen wurden.
2573 3447 2840 3587 N .
