4032 3024
420 551 1487 739 berauft gewesen, Dan wan er wein im kophf haben
418 651 1416 802 so gerahte er zuweilen in eine halbe Raseren.
415 733 1459 884 glaube allzeit, daß er in folen oder moncan einen
407 787 1466 957 Bösen Trunck gekriegt; Er batte Gott und eine
399 897 1372 1046 hoche oberkeit umb gnad und verziehung.
401 997 885 1113 Actum ut Supra etc.
367 1400 1474 1546 Wir schultheiß klein und große röhte der statt
385 1503 1421 1637 Hern urkendend hiemit. Demmnach Jacob
387 1591 1442 1709 Gummer Rurger der statt gern von alters
398 1673 1406 1802 Den 29 septembris 1732 droben an der
385 1762 1403 1882 Spital gaßen bebends gegen siben asr
397 1844 1428 1959 in seines vatters behausung anß qulas
393 1916 1452 2047 eines genschen kofte mit jemenne bruder
393 2009 1448 2123 und nachberts mit seinem vatter in streit
396 2089 1438 2209 gerohten, welcher in würkliche Thätlikeiten
395 2175 1453 2294 außgebrochen, lleßent begen er Jacob Gunier
392 2242 1418 2372 von der wocht angehalten, inn verhafft gee
392 2316 1461 2468 bracht und nachlegts von ferren großbeibel
413 2410 1429 2538 und dem grichtschreiber information auff
397 2498 1406 2626 genommen borden auß welcheren erhählet
377 2567 1379 2690 daß er Jacob Gumner seinen vatter mit
385 2640 1447 2781 Freub am schmächborten geschöndet, nach ihme
392 2727 1457 2855 gestoßen, jo würklich hand an ihne gelegt und
397 2792 1462 2934 ihne gedrakt, welche endtlich bestehtigte brichte
381 2869 1321 3003 er nicht bidersprechen können noch bollen.
382 2947 1459 3074 Wie wir nun einerseits auß denen informatirnen
391 3014 1443 3163 umd eraminibus so vil vernommen, daß gegen
387 3092 1427 3224 wirtig fußfelliger Jacob Qunier seinen satte
387 3180 1437 3294 mit allerhand entsetzlichen sich an seinemm vatter
389 3245 1447 3376 mit allerhand ensezlichen frenl und schmachvorten
2629 380 2726 450 155
1567 454 2626 630 Scnechborten, ja mit würtlicher haud gnlegung
1586 564 2689 747 griblich vergrisen und allse bider das fünffte
1588 653 2417 830 gebott gottes schbährlich gedündiget.
1584 751 2717 886 anderer seits dann auch wir mus deß zu obstraff
1587 835 2709 973 und verbbscheüung, solcher und dergleichen übelthaten
1593 928 2718 1088 von gott dem allersöchsten regenten ums anger
1581 1009 2728 1171 kaubten hoch oberkeitlichen ambts und doron Hans
1588 1118 2515 1268 gender pflichten ans erinneret.
1598 1212 2708 1348 Es haben wir darauff hin zu recht erkent und
1586 1308 2693 1441 gesprochen, daß er Jacob Gunnrer seine grobe
1596 1403 2740 1514 mißethat und schandliches verbrechen in der großen
1590 1472 2721 1615 küchen vor einer christenlichen gemeind fußfellig
1587 1584 2710 1703 abbitten und enbei zu Wehlvordienter denoch qua
1593 1656 2687 1814 diger straff andere statt lradt und gebieth
1578 1777 2698 1878 für immer verlohren haben und selbige fürohn
1579 1839 2160 1965 mit mahr betretten Solle.
1594 1938 2671 2085 Actum coram 200 den decembrio 1792
1757 2125 2298 2261 Porm der abbott
1576 2291 2736 2444 Ich Jacob Gunnies erkennen und bekennen, daß
1591 2382 2790 2539 Ich lieder meinen vatterden ich nach gottlicher
1600 2465 2763 2613 ordnung nit worten werken und gedult hatte
1592 2574 2754 2705 ehren sollen. gott und aller pflicht vergaßnen
1587 2654 2764 2805 weiß mit worten und werken geschmöchet, miß
1594 2729 2763 2892 handlet und mich an ihme vergriffen. Ich hatte
1593 2823 2762 2978 wohl verdienet auß der menschlichen gedellschafft
1594 2933 2749 3074 außgerottet zu werden und ligge billich hier alse
1603 2997 2708 3162 Ein scheübsaal in demm staub. Ich bitte gott
1599 3117 2732 3252 den ich erürnet, eine hoche gnädige obrikeit die
1593 3197 2750 3389 Ich belendiget, meinen vtatter den ich mißhandlet
