4032 3024
258 1671 349 1820 6.
388 432 1527 651 Einmahl gewiße weltsche krämer (denen er und s
375 550 1471 708 unglückliches schicksahl wohl bekännt gewesen
354 618 1548 807 ihme berauscht gemacht und dahin angetrieben, daß
377 693 1504 845 er in spaß, weise aus dem wihrtshauß auff die
360 764 1118 908 straß himmuter sich begeben und
350 835 1518 1045 d3 einem anderen kramer bey dem standteinstüt
374 932 1496 1096 lin flor genommen, solches dan zu obigen kramere
362 1011 1521 1187 hinauff getragen und von selbsten gleich, demme, so er
364 1098 1500 1259 genommen, durch den wihrten widerumb überbringen
366 1166 1495 1332 und zu stellen laßen. Es habe aber dieser krämer
374 1232 1500 1417 diß nicht für einespaß ansehen wollen, inmaßen
369 1332 1516 1514 auff deßen antrieb er zimmermann nacher Trachsel
356 1393 1483 1565 wald in verhaft geführt, nachwerts zu gedentem
345 1468 1512 1641 Huttwyl außgeschmeizt und allhero nacher bere auff
333 1568 1514 1718 sechs jahr lang ins schallenwerck geschmiedet worden.
381 1715 1486 1896 M Schallenwerck allhier habe er bey 324 jahren
364 1812 1477 1949 lang außgehalten willens die zeit außzustehen.
368 1889 1505 2032 Es habind aber der Johannes Rychiner und etwelhe
361 2005 1508 2103 andere gefangene zum außreißen einen complot
359 2070 1477 2176 gemacht, das doch ohne sein zutuhn durch die manr
356 2123 1496 2246 wurcklich außgebrochen gehabt und ihne aus dem
336 2213 1497 2333 lager auffgemüsteret und mit zukommen gezbung.
355 2294 1494 2419 dahero er auch hinauß geschloßen, habe dem Christe
334 2359 1488 2505 stutz (so mit gettenen belegt ware hinauß und
358 2440 1496 2558 auff die Schantz geholffen, ab welcher er zimmerman
356 2520 1482 2652 ohnweit der Ziegel hutten gegen dortigem kneüw
338 2574 1492 2725 brechen, stein im satz über die maur in den graben
333 2652 1472 2788 hmunter gesprungen und ohne verletzung darvon
333 2731 1473 2864 kommen, drunten den gemellten studten, der sich auch
354 2817 1475 2946 mit angehabten kettenen hinab gelaßen, mit auff
341 2893 1480 3031 gehabenen handen empfangen, mit deme habe er
352 2985 1466 3105 selbige nacht durch den weg biß nacher stuhl egg
318 3036 1487 3183 hinauff gemacht, allwo sie einanderen mit einem
309 3136 1192 3271 Langen meßer die eisen abgefeilet.
325 3201 1466 3343 At. Von dorten habind sie sich beyde auff Freyburg
338 3264 1492 3416 verfüegt und unter herren schultheyß Montenacis
1174 3400 1462 3516 tochtermann
2633 492 2736 590 137
1644 525 2708 686 tochtermann Kriegs dienst genommen von selbigem
2641 648 2671 693 1
1677 625 2713 753 Dennoch mehrers nicht als jeder d paar schuemnd
1665 704 2719 838 2. Becetlin bekommen, Da sie dann nach etwann
1654 772 2422 898 7. Tagen den Reiß- auß genommen
1657 877 2722 1023 A6. Von daselbsten seyind sie beyde nacher Sold¬
1664 965 2735 1101 sühren hinkommen, all dorten under haubtmann besen,
1666 1057 2726 1178 waldts compagneri engagiert und ie dem 5 tz
1645 1124 2718 1267 handtgelt entrichtet worden, nach 5 oder 6 tagen
1656 1229 2222 1348 aber auch durchgegangen
1643 1315 2748 1454 zu Luzern zu Baaden und in Zürich habe er sich auh
1654 1420 2755 1536 zuenrollieren gesucht, darzu aber keine gelegenheit
1640 1489 1945 1607 Pfinden können
1646 1573 2733 1715 so zu Lentzburg habe er auch einzig under herren
1648 1680 2752 1810 haubtmann Stüelers compagneii gedinget und et
1652 1750 2741 1884 duplonen handtgelt empfangen, sich aber darmit
1636 1829 2762 1951 tags hernach fortgemacht, dann er nicht in solche
1648 1911 2711 2038 dienst zu gehen sich getrauwte, allwo er semand
1648 1967 2738 2124 demme er bekannt, anzutreffen zu förchten gehabt.
1647 2062 2715 2202 Dennoch ware ihme etwas gelts auffzubringen
1657 2158 1811 2235 nihtig.
1627 2209 2748 2366 d7. von dar habe er sich auff zug begeben und den 5.
1634 2321 2678 2425 Mertzen d30 under haubtmann suter in das
1630 2374 2744 2507 Hackbrett Regiment dienst genommen, und allso
1647 2456 2698 2574 sich in sardinien führen laßen. Als sie aber
1648 2548 2732 2649 wiedrumb auff das feste landt zuruck kommen,
1626 2592 2744 2727 seye er im meyen jungsthin zu Montari außge-
1653 2652 2746 2805 wißen und zwar lediglich deßentwegen, weil er
1642 2737 2719 2877 eint und andere kerls umb ihne her gesehen, die
1626 2824 2748 2944 er bereits hier im landt gekannt, denen er auch bei
1646 2889 2740 3025 kannt seyn könnte und besorgte von ihnen entdeket
1617 2965 2739 3084 zu worden, da dann ihme als einem gebrandmarkhen
1635 3029 2737 3149 nach dortiger abung nasen und ohren währind ab-
1643 3110 2744 3231 geschnitten worden. Allso habe er ausforcht solcher
1633 3178 2689 3274 schand und schmach den reiß aus genommen
1631 3251 2740 3386 Auch sich mit hilff der pfaffen durch Stalinn über den
2347 3368 2745 3500 Gotthardts, brg
