<?xml version="1.0" encoding="UTF-8" standalone="yes"?>
<PcGts xmlns="http://schema.primaresearch.org/PAGE/gts/pagecontent/2013-07-15" xmlns:xsi="http://www.w3.org/2001/XMLSchema-instance" xsi:schemaLocation="http://schema.primaresearch.org/PAGE/gts/pagecontent/2013-07-15 http://schema.primaresearch.org/PAGE/gts/pagecontent/2013-07-15/pagecontent.xsd">
    <Metadata>
        <Creator>prov=University of Rostock/Institute of Mathematics/CITlab|PLANET AI GmbH/Gundram Leifert/gundram.leifert@planet-ai.de:name=German_Kurrent_XVI-XVIII_M1(htr_id=19584)::::v=2.6.7
prov=University of Rostock/Institute of Mathematics/CITlab|PLANET AI GmbH/Tobias Gruening/tobias.gruening@planet-ai.de:name=de.uros.citlab.module.baseline2polygon.B2PSeamMultiOriented:v=2.6.7
prov=University of Rostock/Institute of Mathematics/CITlab|PLANET AI GmbH/Tobias Gruening/tobias.gruening@planet-ai.de:name=/net_tf/LA73_249_0mod360.pb:de.uros.citlab.segmentation.CITlab_LA_ML:v=2.6.7
Transkribus</Creator>
        <Created>2021-03-11T14:21:27.479+01:00</Created>
        <LastChange>2022-09-12T15:16:39.684+02:00</LastChange>
        <TranskribusMetadata docId="1334847" pageId="52362342" pageNr="38" tsid="114644146" status="IN_PROGRESS" userId="9570" imgUrl="https://files.transkribus.eu/Get?id=VTIMVEABOQHYOUXOAUCPDCON&amp;fileType=view" xmlUrl="https://files.transkribus.eu/Get?id=YINXQRNSXMGOTGUMUMZIHPDG" imageId="19931589"/>
    </Metadata>
    <Page imageFilename="IMG_8909.jpg" imageWidth="4032" imageHeight="3024">
        <ReadingOrder>
            <OrderedGroup id="ro_1687513650533" caption="Regions reading order">
                <RegionRefIndexed index="0" regionRef="r1"/>
                <RegionRefIndexed index="1" regionRef="r2"/>
                <RegionRefIndexed index="2" regionRef="r3"/>
            </OrderedGroup>
        </ReadingOrder>
        <TextRegion orientation="0.0" id="r1" custom="readingOrder {index:0;}">
            <Coords points="321,2668 321,2822 435,2822 435,2668"/>
            <TextLine id="r1l1" custom="readingOrder {index:0;}">
                <Coords points="315,2782 347,2792 364,2784 374,2788 387,2776 394,2782 400,2778 415,2788 422,2784 428,2791 441,2792 440,2709 425,2703 402,2706 394,2698 385,2704 370,2700 352,2713 339,2706 332,2711 314,2709"/>
                <Baseline points="321,2772 349,2770 378,2769 406,2768 435,2771"/>
                <TextEquiv>
                    <Unicode>laut</Unicode>
                </TextEquiv>
            </TextLine>
            <TextEquiv>
                <Unicode>laut</Unicode>
            </TextEquiv>
        </TextRegion>
        <TextRegion orientation="0.0" id="r2" custom="readingOrder {index:1;}">
            <Coords points="477,509 477,3389 1530,3389 1530,509"/>
            <TextLine id="r2l1" custom="readingOrder {index:0;}">
                <Coords points="475,574 678,565 743,608 930,558 1129,617 1206,567 1537,601 1538,568 1315,482 1170,533 1107,499 978,520 904,485 765,509 479,471"/>
                <Baseline points="483,543 535,545 587,547 640,549 692,551 744,552 797,553 849,554 901,555 954,555 1006,557 1058,558 1111,560 1163,561 1215,564 1268,567 1320,570 1372,574 1425,579 1477,585 1530,591"/>
                <TextEquiv>
                    <Unicode>Lenth Baute hauß eingebrachen und habind dem</Unicode>
                </TextEquiv>
            </TextLine>
            <TextLine id="r2l2" custom="readingOrder {index:1;}">
                <Coords points="493,653 550,622 588,656 1062,640 1485,677 1518,675 1520,626 1379,634 1185,577 1128,617 932,559 826,602 679,566 634,601 591,562 495,582"/>
                <Baseline points="501,618 551,620 602,621 652,622 703,624 753,625 804,627 854,629 905,630 955,632 1006,635 1057,637 1107,639 1158,641 1208,644 1259,646 1309,648 1360,651 1410,653 1461,656 1512,659"/>
                <TextEquiv>
                    <Unicode>selbigen samt seiner haußhalterin Brisamen im bott</Unicode>
                </TextEquiv>
            </TextLine>
            <TextLine id="r2l3" custom="readingOrder {index:2;}">
                <Coords points="506,707 692,736 743,700 925,735 1065,714 1172,754 1354,718 1511,746 1523,697 1385,701 1264,646 1104,685 1062,640 993,679 909,653 844,689 786,654 508,638"/>
                <Baseline points="513,695 563,698 613,701 663,702 713,704 763,705 813,707 863,708 913,708 963,708 1014,710 1064,710 1114,711 1164,712 1214,714 1264,716 1314,717 1364,720 1414,725 1464,729 1515,734"/>
                <TextEquiv>
                    <Unicode>überfallen, ihme dann anders nichts genommen als</Unicode>
                </TextEquiv>
            </TextLine>
            <TextLine id="r2l4" custom="readingOrder {index:3;}">
                <Coords points="484,803 659,829 765,788 1140,826 1232,800 1287,853 1360,807 1529,846 1532,777 1405,781 1320,737 1132,772 997,724 896,756 743,701 636,757 487,739"/>
                <Baseline points="492,771 543,774 595,777 646,781 698,783 750,785 801,787 853,788 904,789 956,791 1008,792 1059,794 1111,795 1162,797 1214,799 1266,801 1317,804 1369,807 1420,811 1472,816 1524,821"/>
                <TextEquiv>
                    <Unicode>seinen ganzet kleid mit suerwen knöensen garnert,</Unicode>
                </TextEquiv>
            </TextLine>
            <TextLine id="r2l5" custom="readingOrder {index:4;}">
                <Coords points="509,862 603,862 656,908 759,866 972,917 1025,874 1074,901 1137,870 1421,932 1501,892 1465,845 1287,853 1230,800 1166,848 1040,808 893,829 854,793 641,840 512,793"/>
                <Baseline points="516,849 564,855 613,860 662,863 711,866 760,867 809,869 858,869 907,869 956,869 1005,869 1053,869 1102,869 1151,870 1200,872 1249,875 1298,878 1347,883 1396,889 1445,897 1494,906"/>
                <TextEquiv>
                    <Unicode>darvon ihme onquisit wehrd nit als 42 g</Unicode>
                </TextEquiv>
            </TextLine>
            <TextLine id="r2l6" custom="readingOrder {index:5;}">
                <Coords points="480,972 578,936 848,946 902,999 990,949 1123,989 1180,963 1302,1024 1404,976 1537,991 1521,939 1166,876 1045,927 903,928 721,867 658,909 602,862 485,874"/>
                <Baseline points="489,921 541,929 593,935 645,939 697,942 749,945 801,947 853,948 905,948 957,948 1009,950 1061,950 1113,950 1165,952 1217,953 1269,957 1321,960 1373,966 1425,973 1477,981 1530,992"/>
                <TextEquiv>
                    <Unicode>samt dem rant bezogen. Allhier waren sie alle</Unicode>
                </TextEquiv>
            </TextLine>
            <TextLine id="r2l7" custom="readingOrder {index:6;}">
                <Coords points="489,1040 664,1012 838,1029 876,1065 965,1030 1530,1067 1473,985 1316,1018 978,950 903,999 849,944 492,960"/>
                <Baseline points="498,1001 549,1005 600,1010 651,1014 703,1017 754,1019 805,1021 857,1022 908,1023 959,1025 1011,1025 1062,1026 1113,1028 1164,1028 1216,1031 1267,1032 1318,1035 1370,1039 1421,1045 1472,1049 1524,1056"/>
                <TextEquiv>
                    <Unicode>samt teills mit dagen teills damn mit d rototets ver</Unicode>
                </TextEquiv>
            </TextLine>
            <TextLine id="r2l8" custom="readingOrder {index:7;} person {offset:20; length:8;}">
                <Coords points="497,1116 655,1099 732,1146 928,1106 1016,1142 1340,1112 1453,1158 1533,1136 1536,1062 1003,1035 905,1069 700,1025 644,1072 500,1024"/>
                <Baseline points="504,1076 555,1081 606,1085 657,1089 708,1091 759,1093 810,1095 862,1096 913,1097 964,1098 1015,1098 1066,1100 1117,1101 1168,1101 1220,1103 1271,1104 1322,1106 1373,1109 1424,1112 1475,1115 1527,1119"/>
                <TextEquiv>
                    <Unicode>gsehen und seye der kronzard sauf den obervogt</Unicode>
                </TextEquiv>
            </TextLine>
            <TextLine id="r2l9" custom="readingOrder {index:8;}">
                <Coords points="484,1182 623,1155 736,1207 819,1177 1482,1207 1483,1159 1274,1113 1185,1163 945,1109 822,1156 615,1100 487,1116"/>
                <Baseline points="492,1145 541,1151 590,1155 639,1160 688,1163 738,1166 787,1169 836,1171 885,1172 934,1174 984,1175 1033,1176 1082,1178 1131,1178 1180,1179 1230,1181 1279,1181 1328,1183 1377,1185 1426,1188 1476,1190"/>
                <TextEquiv>
                    <Unicode>Booß gegangen und von diesem mit den zahnen</Unicode>
                </TextEquiv>
            </TextLine>
            <TextLine id="r2l10" custom="readingOrder {index:9;} person {offset:0; length:15;}">
                <Coords points="490,1256 630,1236 758,1297 1025,1298 1053,1271 1086,1301 1139,1270 1481,1281 1511,1226 1445,1203 1354,1250 1230,1188 1165,1214 976,1188 805,1229 760,1188 636,1226 493,1177"/>
                <Baseline points="498,1223 548,1229 598,1234 648,1238 699,1242 749,1245 799,1249 849,1251 900,1254 950,1256 1000,1257 1050,1259 1101,1260 1151,1262 1201,1263 1251,1263 1302,1263 1352,1265 1402,1265 1452,1265 1503,1265"/>
                <TextEquiv>
                    <Unicode>Beym ogumfinger erwitscht, hart gebißen und</Unicode>
                </TextEquiv>
            </TextLine>
            <TextLine id="r2l11" custom="readingOrder {index:10;}">
                <Coords points="599,1293 610,1292 612,1295 623,1293 649,1269 665,1273 666,1245 653,1246 646,1252 631,1235 623,1240 610,1234 602,1234"/>
                <Baseline points="606,1283 631,1286 657,1286"/>
                <TextEquiv>
                    <Unicode>her</Unicode>
                </TextEquiv>
            </TextLine>
            <TextLine id="r2l12" custom="readingOrder {index:11;} person {offset:34; length:9;}">
                <Coords points="491,1345 604,1369 838,1332 1021,1361 1213,1338 1259,1373 1339,1339 1390,1384 1497,1363 1499,1299 1109,1305 1052,1271 909,1314 826,1277 493,1278"/>
                <Baseline points="498,1308 547,1313 597,1316 646,1318 696,1321 746,1323 795,1326 845,1328 895,1329 944,1330 994,1332 1044,1332 1093,1334 1143,1334 1193,1335 1242,1335 1292,1337 1342,1337 1391,1338 1441,1338 1491,1340"/>
                <TextEquiv>
                    <Unicode>nicht looß gelaßen worden, biß er Leonhwrde</Unicode>
                </TextEquiv>
            </TextLine>
            <TextLine id="r2l13" custom="readingOrder {index:12;}">
                <Coords points="487,1433 684,1404 870,1433 1284,1414 1417,1422 1469,1463 1507,1385 1321,1351 1277,1380 1213,1339 1045,1367 669,1342 599,1374 489,1342"/>
                <Baseline points="495,1386 545,1390 595,1393 645,1395 696,1398 746,1400 796,1401 846,1403 897,1404 947,1404 997,1406 1047,1406 1098,1407 1148,1409 1198,1409 1248,1410 1299,1412 1349,1414 1399,1416 1449,1418 1500,1421"/>
                <TextEquiv>
                    <Unicode>ihne obervogt mit einer pistolet auf den topf</Unicode>
                </TextEquiv>
            </TextLine>
            <TextLine id="r2l14" custom="readingOrder {index:13;}">
                <Coords points="496,1498 1472,1513 1474,1460 1325,1423 1197,1459 1098,1418 958,1469 903,1418 745,1460 603,1412 499,1421"/>
                <Baseline points="504,1460 552,1463 600,1466 648,1469 696,1470 744,1472 792,1475 841,1477 889,1479 937,1481 985,1483 1033,1485 1081,1487 1129,1488 1178,1490 1226,1491 1274,1493 1322,1494 1370,1496 1418,1497 1467,1499"/>
                <TextEquiv>
                    <Unicode>geschlagen und stachstarrts mit einem holländischen</Unicode>
                </TextEquiv>
            </TextLine>
            <TextLine id="r2l15" custom="readingOrder {index:14;}">
                <Coords points="479,1545 596,1574 709,1550 794,1593 914,1560 958,1595 1236,1580 1238,1523 1196,1508 1103,1534 1040,1502 958,1528 889,1493 855,1515 774,1516 747,1489 692,1511 576,1495 545,1519 481,1503"/>
                <Baseline points="486,1538 523,1539 560,1541 597,1544 634,1545 672,1547 709,1549 746,1552 783,1554 820,1556 858,1559 895,1560 932,1562 969,1563 1006,1565 1044,1566 1081,1566 1118,1568 1155,1566 1192,1566 1230,1565"/>
                <TextEquiv>
                    <Unicode>Meßßer in die hand geschnitten habe</Unicode>
                </TextEquiv>
            </TextLine>
            <TextLine id="r2l16" custom="readingOrder {index:15;}">
                <Coords points="1353,1577 1369,1581 1379,1577 1394,1589 1415,1570 1433,1580 1453,1581 1452,1526 1438,1528 1432,1522 1428,1524 1414,1510 1396,1528 1380,1513 1352,1528"/>
                <Baseline points="1359,1571 1388,1571 1417,1569 1446,1571"/>
                <TextEquiv>
                    <Unicode>dißen</Unicode>
                </TextEquiv>
            </TextLine>
            <TextLine id="r2l17" custom="readingOrder {index:16;}">
                <Coords points="481,1631 871,1636 1116,1686 1332,1646 1452,1666 1454,1598 1356,1585 1304,1624 1217,1586 993,1580 882,1620 725,1557 665,1588 483,1574"/>
                <Baseline points="488,1608 535,1613 583,1615 631,1619 679,1623 727,1626 775,1629 823,1632 871,1634 919,1637 967,1638 1014,1640 1062,1641 1110,1643 1158,1643 1206,1644 1254,1644 1302,1644 1350,1643 1398,1643 1446,1641"/>
                <TextEquiv>
                    <Unicode>steye sein becken frste diebstahl getoßen, darzn u</Unicode>
                </TextEquiv>
            </TextLine>
            <TextLine id="r2l18" custom="readingOrder {index:17;} person {offset:13; length:16;}">
                <Coords points="490,1712 755,1753 866,1720 967,1762 1363,1713 1500,1760 1490,1668 1350,1684 1315,1653 1114,1692 899,1649 811,1695 738,1637 492,1637"/>
                <Baseline points="498,1691 547,1696 597,1700 647,1705 697,1709 747,1711 796,1714 846,1717 896,1718 946,1719 996,1721 1045,1721 1095,1722 1145,1722 1195,1722 1245,1721 1294,1721 1344,1719 1394,1718 1444,1717 1494,1715"/>
                <TextEquiv>
                    <Unicode>der gedachte Hanes Gut hauser ihme anweistung, auch</Unicode>
                </TextEquiv>
            </TextLine>
            <TextLine id="r2l19" custom="readingOrder {index:18;}">
                <Coords points="493,1816 716,1781 871,1837 1019,1793 1071,1818 1297,1799 1372,1838 1492,1788 1363,1713 1172,1753 1111,1726 1022,1771 904,1757 866,1720 604,1761 496,1710"/>
                <Baseline points="501,1766 550,1770 599,1774 648,1777 697,1781 747,1783 796,1786 845,1788 894,1790 943,1792 993,1793 1042,1794 1091,1796 1140,1796 1189,1796 1239,1795 1288,1794 1337,1793 1386,1791 1435,1788 1485,1785"/>
                <TextEquiv>
                    <Unicode>ihnem ins arsamt geschooß, sfulser und bley</Unicode>
                </TextEquiv>
            </TextLine>
            <TextLine id="r2l20" custom="readingOrder {index:19;}">
                <Coords points="468,1876 516,1850 565,1859 583,1847 605,1856 639,1847 667,1851 703,1886 761,1869 769,1877 831,1849 834,1803 792,1795 766,1815 695,1783 629,1823 604,1811 472,1812"/>
                <Baseline points="477,1835 503,1837 530,1838 557,1840 584,1841 610,1842 637,1844 664,1845 691,1846 717,1847 744,1849 771,1850 798,1852 825,1853"/>
                <TextEquiv>
                    <Unicode>fouoniert habe</Unicode>
                </TextEquiv>
            </TextLine>
            <TextLine id="r2l21" custom="readingOrder {index:20;}">
                <Coords points="474,1944 694,1939 808,1974 886,1945 954,1984 1110,1950 1240,1994 1352,1945 1488,1974 1489,1916 1387,1892 1207,1921 941,1859 858,1918 753,1869 715,1903 475,1875"/>
                <Baseline points="480,1931 530,1932 580,1933 630,1935 680,1936 730,1938 780,1940 830,1941 880,1943 930,1944 981,1944 1031,1946 1081,1947 1131,1947 1181,1947 1231,1947 1281,1947 1331,1947 1381,1946 1431,1944 1482,1943"/>
                <TextEquiv>
                    <Unicode>N. Obwol dieser inquisit von einichen obange,</Unicode>
                </TextEquiv>
            </TextLine>
            <TextLine id="r2l22" custom="readingOrder {index:21;}">
                <Coords points="479,2039 580,1999 655,2034 788,2003 846,2043 906,2018 1090,2053 1246,2018 1410,2034 1411,1984 1351,1951 1219,1995 1125,1960 953,1984 846,1947 748,1981 481,1952"/>
                <Baseline points="486,1997 531,1998 577,2000 623,2001 669,2003 715,2004 761,2007 807,2009 853,2010 899,2012 945,2014 990,2016 1036,2016 1082,2018 1128,2019 1174,2019 1220,2019 1266,2018 1312,2017 1358,2016 1404,2013"/>
                <TextEquiv>
                    <Unicode>zogener seiner complicen beschuldiget worden.</Unicode>
                </TextEquiv>
            </TextLine>
            <TextLine id="r2l23" custom="readingOrder {index:22;}">
                <Coords points="498,2082 683,2067 717,2099 1021,2093 1052,2123 1183,2088 1260,2130 1395,2133 1486,2097 1486,2057 1408,2064 1335,2015 1119,2075 985,2025 854,2067 605,2006 498,2036"/>
                <Baseline points="504,2069 552,2072 601,2074 650,2077 699,2078 747,2081 796,2082 845,2082 894,2084 942,2085 991,2085 1040,2085 1089,2087 1137,2087 1186,2087 1235,2085 1284,2085 1332,2085 1381,2085 1430,2084 1479,2084"/>
                <TextEquiv>
                    <Unicode>daß er den oberdort und seine lausfen gar</Unicode>
                </TextEquiv>
            </TextLine>
            <TextLine id="r2l24" custom="readingOrder {index:23;}">
                <Coords points="495,2149 755,2183 910,2155 1479,2187 1481,2097 1414,2132 1254,2131 1105,2098 989,2120 926,2087 735,2106 683,2067 496,2088"/>
                <Baseline points="501,2141 549,2142 598,2144 646,2145 695,2147 743,2148 792,2150 840,2152 889,2153 937,2154 986,2157 1035,2159 1083,2159 1132,2160 1180,2162 1229,2162 1277,2162 1326,2162 1374,2162 1423,2161 1472,2160"/>
                <TextEquiv>
                    <Unicode>übel zugerichtet und verwundt habe, verwinete</Unicode>
                </TextEquiv>
            </TextLine>
            <TextLine id="r2l25" custom="readingOrder {index:24;}">
                <Coords points="485,2213 719,2259 917,2225 1001,2256 1155,2239 1235,2286 1351,2242 1485,2276 1487,2220 1372,2176 1119,2201 996,2164 942,2205 790,2157 759,2184 714,2154 486,2179"/>
                <Baseline points="492,2217 541,2217 590,2217 640,2217 689,2218 738,2219 788,2220 837,2221 886,2222 936,2224 985,2226 1034,2227 1084,2229 1133,2230 1182,2232 1232,2234 1281,2235 1330,2235 1380,2237 1429,2237 1479,2237"/>
                <TextEquiv>
                    <Unicode>er solches jedennach und wollte keine handange-</Unicode>
                </TextEquiv>
            </TextLine>
            <TextLine id="r2l26" custom="readingOrder {index:25;}">
                <Coords points="484,2306 550,2334 596,2317 630,2335 676,2318 728,2341 728,2264 701,2247 653,2236 635,2251 610,2227 585,2234 556,2212 527,2230 498,2218 484,2225"/>
                <Baseline points="491,2298 516,2299 542,2300 568,2300 593,2298 619,2298 645,2298 670,2298 696,2299 722,2300"/>
                <TextEquiv>
                    <Unicode>t haben</Unicode>
                </TextEquiv>
            </TextLine>
            <TextLine id="r2l27" custom="readingOrder {index:26;}">
                <Coords points="488,2449 591,2422 778,2463 1013,2449 1128,2498 1245,2449 1379,2487 1500,2466 1502,2392 1418,2429 1289,2364 1087,2414 821,2344 754,2378 668,2328 490,2392"/>
                <Baseline points="495,2429 547,2428 600,2429 652,2429 705,2430 757,2432 810,2435 863,2438 915,2439 968,2442 1020,2445 1073,2447 1125,2449 1178,2451 1231,2453 1283,2453 1336,2453 1388,2451 1441,2449 1494,2445"/>
                <TextEquiv>
                    <Unicode>4. Umb Pffinsen 128 seye er delinquent</Unicode>
                </TextEquiv>
            </TextLine>
            <TextLine id="r2l28" custom="readingOrder {index:27;} person {offset:11; length:11;} person {offset:24; length:5;} person {offset:36; length:13; continued:true;}">
                <Coords points="494,2508 884,2543 957,2514 1002,2553 1128,2513 1482,2539 1483,2474 1442,2459 1323,2504 1244,2450 1137,2502 1029,2468 927,2489 860,2452 686,2486 584,2428 495,2454"/>
                <Baseline points="501,2501 549,2502 598,2502 647,2504 696,2505 744,2508 793,2508 842,2511 891,2512 939,2514 988,2514 1037,2516 1086,2517 1134,2518 1183,2519 1232,2519 1281,2519 1329,2519 1378,2517 1427,2516 1476,2514"/>
                <TextEquiv>
                    <Unicode>mit obigem Mlelbingerd, Jacob sonst Grorg Anthain</Unicode>
                </TextEquiv>
            </TextLine>
            <TextLine id="r2l29" custom="readingOrder {index:28;} person {offset:0; length:7; continued:true;} person {offset:21; length:20;}">
                <Coords points="485,2593 999,2610 1092,2583 1149,2627 1187,2591 1236,2618 1488,2583 1467,2549 1258,2518 1207,2546 1037,2518 997,2552 941,2517 858,2563 795,2532 639,2557 583,2513 486,2529"/>
                <Baseline points="492,2567 541,2569 591,2571 640,2574 690,2576 739,2577 789,2579 838,2580 888,2582 937,2582 987,2583 1036,2583 1086,2583 1135,2583 1185,2583 1234,2583 1284,2583 1333,2582 1383,2581 1432,2580 1482,2579"/>
                <TextEquiv>
                    <Unicode>Wurgler geheißen und friederich Schueller ge</Unicode>
                </TextEquiv>
            </TextLine>
            <TextLine id="r2l30" custom="readingOrder {index:29;} person {offset:6; length:21;}">
                <Coords points="492,2646 905,2676 947,2651 1096,2695 1237,2656 1387,2689 1509,2658 1510,2566 1441,2616 1366,2590 1252,2635 1197,2599 1143,2627 1089,2582 971,2627 738,2577 706,2608 626,2577 492,2617"/>
                <Baseline points="498,2643 548,2643 598,2643 648,2643 699,2645 749,2645 799,2646 849,2648 900,2649 950,2651 1000,2652 1050,2652 1101,2654 1151,2654 1201,2654 1251,2654 1302,2652 1352,2650 1402,2648 1452,2645 1503,2640"/>
                <TextEquiv>
                    <Unicode>namnt brandenburger Friedli ( so auch hingericht</Unicode>
                </TextEquiv>
            </TextLine>
            <TextLine id="r2l31" custom="readingOrder {index:30;} person {offset:7; length:21;} place {offset:32; length:6;}">
                <Coords points="491,2740 670,2713 710,2744 846,2720 1013,2765 1124,2728 1208,2763 1377,2715 1494,2734 1494,2644 1446,2683 1201,2707 806,2649 672,2685 623,2648 491,2666"/>
                <Baseline points="498,2715 547,2714 596,2714 646,2714 695,2715 745,2715 794,2717 844,2718 893,2720 943,2721 992,2721 1041,2723 1091,2723 1140,2724 1190,2723 1239,2723 1289,2721 1338,2719 1388,2716 1437,2712 1487,2708"/>
                <TextEquiv>
                    <Unicode>lachts obetreit Schanhausern in Heoren als amt</Unicode>
                </TextEquiv>
            </TextLine>
            <TextLine id="r2l32" custom="readingOrder {index:31;} person {offset:39; length:9;}">
                <Coords points="491,2791 935,2792 980,2825 1020,2791 1515,2809 1515,2757 1452,2734 1374,2760 1271,2732 1162,2777 1103,2740 973,2770 846,2721 726,2772 643,2734 491,2757"/>
                <Baseline points="497,2780 547,2781 598,2781 648,2784 699,2785 749,2786 800,2787 850,2789 901,2789 951,2790 1002,2792 1053,2792 1103,2792 1154,2792 1204,2792 1255,2790 1305,2789 1356,2787 1406,2786 1457,2783 1508,2780"/>
                <TextEquiv>
                    <Unicode>mann Stimer hauß eingefallen, nbst dem Mellinger</Unicode>
                </TextEquiv>
            </TextLine>
            <TextLine id="r2l33" custom="readingOrder {index:32;}">
                <Coords points="499,2848 790,2865 907,2903 993,2862 1084,2886 1163,2865 1225,2908 1305,2862 1337,2894 1401,2886 1402,2842 1308,2797 1254,2839 1127,2801 1017,2847 945,2799 796,2842 752,2803 687,2826 576,2785 499,2810"/>
                <Baseline points="506,2841 550,2845 594,2850 639,2853 683,2855 728,2858 772,2859 817,2861 861,2861 906,2862 950,2862 994,2862 1039,2862 1083,2862 1128,2862 1172,2862 1217,2862 1261,2862 1306,2862 1350,2864 1395,2864"/>
                <TextEquiv>
                    <Unicode>mit einer letter zum fenster hinein gestirgen,</Unicode>
                </TextEquiv>
            </TextLine>
            <TextLine id="r2l34" custom="readingOrder {index:33;}">
                <Coords points="503,2935 826,2927 924,2975 1018,2932 1209,2968 1509,2930 1510,2878 1429,2857 1357,2909 1317,2876 1246,2917 1134,2864 1058,2906 999,2864 833,2900 789,2865 505,2850"/>
                <Baseline points="510,2909 559,2912 609,2915 658,2918 708,2921 758,2923 807,2925 857,2927 906,2929 956,2930 1006,2931 1055,2933 1105,2933 1154,2933 1204,2933 1254,2931 1303,2931 1353,2930 1402,2928 1452,2925 1502,2922"/>
                <TextEquiv>
                    <Unicode>habind daselbsten verschied in Kästerg aufgesprenht</Unicode>
                </TextEquiv>
            </TextLine>
            <TextLine id="r2l35" custom="readingOrder {index:34;} person {offset:27; length:7;}">
                <Coords points="506,2985 621,2978 689,3018 778,2990 843,3022 1051,2989 1384,3013 1491,2981 1491,2942 1456,2935 1202,2967 1053,2935 968,2979 659,2916 507,2952"/>
                <Baseline points="513,2973 561,2975 610,2978 658,2980 707,2983 755,2985 804,2987 852,2988 901,2990 949,2991 998,2991 1047,2991 1095,2992 1144,2991 1192,2991 1241,2990 1289,2988 1338,2987 1386,2985 1435,2983 1484,2979"/>
                <TextEquiv>
                    <Unicode>und allerhand exfecter und trardio bekommen, die</Unicode>
                </TextEquiv>
            </TextLine>
            <TextLine id="r2l36" custom="readingOrder {index:35;}">
                <Coords points="491,3042 647,3083 869,3052 945,3094 1003,3050 1103,3089 1479,3054 1479,3020 1346,2994 1215,3030 1153,2990 1012,3024 779,2991 685,3023 619,2978 491,3006"/>
                <Baseline points="497,3044 545,3045 594,3045 643,3047 692,3048 741,3050 789,3051 838,3053 887,3054 936,3056 985,3056 1033,3057 1082,3057 1131,3057 1180,3057 1229,3057 1277,3056 1326,3054 1375,3051 1424,3048 1473,3045"/>
                <TextEquiv>
                    <Unicode>er inquioit noch selbige nacht in schlauch uun</Unicode>
                </TextEquiv>
            </TextLine>
            <TextLine id="r2l37" custom="readingOrder {index:36;}">
                <Coords points="491,3151 713,3124 809,3160 1036,3136 1084,3173 1192,3124 1473,3128 1473,3066 1390,3045 1344,3086 1290,3064 1113,3099 1067,3066 942,3097 868,3053 641,3084 491,3042"/>
                <Baseline points="497,3117 545,3119 593,3119 642,3122 690,3122 739,3124 787,3125 836,3126 884,3126 933,3127 981,3128 1029,3128 1078,3128 1126,3126 1175,3126 1223,3125 1272,3123 1320,3122 1369,3119 1417,3116 1466,3113"/>
                <TextEquiv>
                    <Unicode>Sutterlsu gut hauser getragen, allweo alle 3</Unicode>
                </TextEquiv>
            </TextLine>
            <TextLine id="r2l38" custom="readingOrder {index:37;}">
                <Coords points="508,3200 647,3224 744,3189 842,3244 1028,3191 1328,3228 1500,3169 1500,3126 1330,3149 1192,3124 1067,3176 949,3135 837,3165 742,3127 601,3153 557,3121 508,3162"/>
                <Baseline points="515,3180 563,3181 612,3182 661,3183 710,3185 759,3186 808,3188 857,3189 906,3191 955,3192 1004,3192 1052,3194 1101,3194 1150,3193 1199,3192 1248,3191 1297,3189 1346,3187 1395,3183 1444,3180 1493,3174"/>
                <TextEquiv>
                    <Unicode>Waß zeits herrach solche verwillet und verhandlet</Unicode>
                </TextEquiv>
            </TextLine>
            <TextLine id="r2l39" custom="readingOrder {index:38;} person {offset:3; length:6;}">
                <Coords points="494,3293 620,3265 831,3305 1125,3274 1280,3309 1485,3260 1486,3201 1394,3197 1332,3241 1096,3203 1011,3248 934,3220 804,3240 727,3188 645,3224 534,3195 494,3217"/>
                <Baseline points="501,3252 549,3254 598,3255 647,3257 696,3258 745,3260 794,3262 842,3264 891,3266 940,3267 989,3268 1038,3269 1087,3269 1136,3269 1184,3269 1233,3267 1282,3266 1331,3264 1380,3260 1429,3257 1478,3251"/>
                <TextEquiv>
                    <Unicode>Er schmid dann für seine dortion mehr nit als</Unicode>
                </TextEquiv>
            </TextLine>
            <TextLine id="r2l40" custom="readingOrder {index:39;}">
                <Coords points="1167,3381 1204,3379 1218,3390 1226,3386 1242,3394 1253,3383 1297,3414 1305,3408 1339,3418 1339,3319 1301,3303 1280,3311 1259,3302 1211,3337 1191,3327 1167,3331"/>
                <Baseline points="1173,3372 1199,3371 1226,3370 1252,3369 1279,3371 1305,3371 1332,3372"/>
                <TextEquiv>
                    <Unicode>20 b.</Unicode>
                </TextEquiv>
            </TextLine>
            <TextEquiv>
                <Unicode>Lenth Baute hauß eingebrachen und habind dem
selbigen samt seiner haußhalterin Brisamen im bott
überfallen, ihme dann anders nichts genommen als
seinen ganzet kleid mit suerwen knöensen garnert,
darvon ihme onquisit wehrd nit als 42 g
samt dem rant bezogen. Allhier waren sie alle
samt teills mit dagen teills damn mit d rototets ver
gsehen und seye der kronzard sauf den obervogt
Booß gegangen und von diesem mit den zahnen
Beym ogumfinger erwitscht, hart gebißen und
her
nicht looß gelaßen worden, biß er Leonhwrde
ihne obervogt mit einer pistolet auf den topf
geschlagen und stachstarrts mit einem holländischen
Meßßer in die hand geschnitten habe
dißen
steye sein becken frste diebstahl getoßen, darzn u
der gedachte Hanes Gut hauser ihme anweistung, auch
ihnem ins arsamt geschooß, sfulser und bley
fouoniert habe
N. Obwol dieser inquisit von einichen obange,
zogener seiner complicen beschuldiget worden.
daß er den oberdort und seine lausfen gar
übel zugerichtet und verwundt habe, verwinete
er solches jedennach und wollte keine handange-
t haben
4. Umb Pffinsen 128 seye er delinquent
mit obigem Mlelbingerd, Jacob sonst Grorg Anthain
Wurgler geheißen und friederich Schueller ge
namnt brandenburger Friedli ( so auch hingericht
lachts obetreit Schanhausern in Heoren als amt
mann Stimer hauß eingefallen, nbst dem Mellinger
mit einer letter zum fenster hinein gestirgen,
habind daselbsten verschied in Kästerg aufgesprenht
und allerhand exfecter und trardio bekommen, die
er inquioit noch selbige nacht in schlauch uun
Sutterlsu gut hauser getragen, allweo alle 3
Waß zeits herrach solche verwillet und verhandlet
Er schmid dann für seine dortion mehr nit als
20 b.</Unicode>
            </TextEquiv>
        </TextRegion>
        <TextRegion orientation="0.0" id="r3" custom="readingOrder {index:2;}">
            <Coords points="1779,438 1779,3412 2850,3412 2850,438"/>
            <TextLine id="r3l1" custom="readingOrder {index:0;}">
                <Coords points="2762,511 2779,510 2793,501 2795,504 2806,502 2813,496 2824,503 2834,496 2842,498 2848,438 2836,435 2826,426 2804,426 2793,418 2782,422 2770,420"/>
                <Baseline points="2772,470 2805,473 2838,476"/>
                <TextEquiv>
                    <Unicode>E</Unicode>
                </TextEquiv>
            </TextLine>
            <TextLine id="r3l2" custom="readingOrder {index:1;}">
                <Coords points="1823,610 1866,583 2004,577 2065,616 2357,584 2439,631 2595,577 2781,612 2793,537 2642,549 2400,504 2310,532 2262,500 2105,538 1947,496 1823,554"/>
                <Baseline points="1829,581 1876,581 1924,581 1972,581 2020,581 2068,579 2116,578 2163,578 2211,576 2259,575 2307,575 2355,573 2403,573 2451,572 2498,572 2546,572 2594,573 2642,573 2690,575 2738,577 2786,579"/>
                <TextEquiv>
                    <Unicode>Als 20 bz neben etwaß an genoßenem weinen</Unicode>
                </TextEquiv>
            </TextLine>
            <TextLine id="r3l3" custom="readingOrder {index:2;}">
                <Coords points="1840,655 1878,655 1894,665 1920,651 1946,660 1958,672 1975,669 1992,675 1992,616 1965,620 1928,584 1893,599 1886,592 1857,591 1840,600"/>
                <Baseline points="1847,648 1874,648 1902,648 1930,648 1958,648 1986,648"/>
                <TextEquiv>
                    <Unicode>bekonnen.</Unicode>
                </TextEquiv>
            </TextLine>
            <TextLine id="r3l4" custom="readingOrder {index:3;} person {offset:21; length:7;}">
                <Coords points="1826,737 1959,718 2048,766 2282,722 2805,735 2857,721 2856,647 2683,677 2625,634 2319,703 2187,652 1825,672"/>
                <Baseline points="1832,717 1882,720 1933,723 1984,725 2035,725 2086,726 2137,726 2188,726 2239,726 2290,726 2341,725 2391,724 2442,723 2493,720 2544,719 2595,717 2646,715 2697,713 2748,711 2799,710 2850,708"/>
                <TextEquiv>
                    <Unicode>Allzier sache herren stimmer mit einer gladmen protosit</Unicode>
                </TextEquiv>
            </TextLine>
            <TextLine id="r3l5" custom="readingOrder {index:4;}">
                <Coords points="1823,845 1920,792 2093,843 2233,795 2473,825 2521,792 2847,800 2846,747 2786,725 2437,752 2311,726 2103,778 1964,718 1821,732"/>
                <Baseline points="1829,791 1879,791 1930,792 1980,792 2031,792 2081,794 2132,794 2182,794 2233,795 2283,795 2334,795 2385,794 2435,794 2486,792 2536,791 2587,789 2637,787 2688,784 2738,781 2789,776 2840,773"/>
                <TextEquiv>
                    <Unicode>bey verbringung diß raubd auf sie laaß kommen.</Unicode>
                </TextEquiv>
            </TextLine>
            <TextLine id="r3l6" custom="readingOrder {index:5;} person {offset:13; length:9;}">
                <Coords points="1826,895 1890,908 1993,856 2511,892 2581,857 2658,887 2696,849 2838,856 2838,798 2521,793 2470,828 2402,799 2339,838 2229,801 2068,844 1948,797 1825,844"/>
                <Baseline points="1832,857 1884,855 1937,855 1989,855 2042,855 2094,855 2147,856 2200,857 2252,857 2305,857 2357,857 2410,857 2462,857 2515,855 2568,854 2620,851 2673,848 2725,845 2778,840 2831,834"/>
                <TextEquiv>
                    <Unicode>und habe dem Mollinger darmit (der zwar auch</Unicode>
                </TextEquiv>
            </TextLine>
            <TextLine id="r3l7" custom="readingOrder {index:6;} person {offset:35; length:7;}">
                <Coords points="1824,947 2188,921 2287,974 2389,932 2490,971 2851,922 2849,853 2691,892 2559,862 2507,894 2062,865 2013,904 1823,896"/>
                <Baseline points="1830,923 1880,923 1931,921 1981,921 2032,921 2083,921 2133,921 2184,921 2235,921 2285,921 2336,920 2387,920 2437,920 2488,918 2539,917 2589,915 2640,912 2691,911 2741,906 2792,903 2843,899"/>
                <TextEquiv>
                    <Unicode>mit einer siotolet aus ihne herren stimmer angeschlag</Unicode>
                </TextEquiv>
            </TextLine>
            <TextLine id="r3l8" custom="readingOrder {index:7;}">
                <Coords points="1826,1029 1919,989 2102,1042 2186,998 2835,983 2834,935 2717,929 2548,966 2359,941 2291,968 2183,921 2051,959 1995,938 1949,978 1825,951"/>
                <Baseline points="1832,995 1881,995 1931,993 1981,992 2031,992 2081,990 2130,990 2180,990 2230,989 2280,989 2330,987 2379,986 2429,986 2479,984 2529,983 2579,981 2628,980 2678,978 2728,977 2778,975 2828,972"/>
                <TextEquiv>
                    <Unicode>gen und nicht frütor bekomen wanen:) darmit</Unicode>
                </TextEquiv>
            </TextLine>
            <TextLine id="r3l9" custom="readingOrder {index:8;}">
                <Coords points="1820,1080 2334,1061 2454,1103 2506,1051 2584,1097 2656,1051 2830,1071 2828,999 2795,987 2607,1028 2556,998 2188,999 2123,1049 1972,995 1910,1041 1819,1037"/>
                <Baseline points="1826,1061 1875,1061 1925,1062 1975,1062 2025,1064 2075,1064 2124,1064 2174,1064 2224,1063 2274,1062 2324,1061 2373,1061 2423,1059 2473,1056 2523,1055 2573,1052 2622,1049 2672,1045 2722,1041 2772,1037 2822,1032"/>
                <TextEquiv>
                    <Unicode>seinem schuß auf die brust gegeben, so daß er</Unicode>
                </TextEquiv>
            </TextLine>
            <TextLine id="r3l10" custom="readingOrder {index:9;}">
                <Coords points="1830,1167 1872,1133 1961,1165 2118,1140 2194,1192 2295,1136 2401,1163 2464,1132 2591,1178 2725,1116 2832,1119 2831,1082 1827,1077"/>
                <Baseline points="1836,1134 1885,1134 1934,1136 1984,1136 2033,1136 2083,1137 2132,1137 2182,1137 2231,1136 2281,1136 2330,1136 2379,1134 2429,1133 2478,1131 2528,1129 2577,1125 2627,1123 2676,1119 2726,1115 2775,1111 2825,1104"/>
                <TextEquiv>
                    <Unicode>voar zu Baden gestumben, demnoden hab ind</Unicode>
                </TextEquiv>
            </TextLine>
            <TextLine id="r3l11" custom="readingOrder {index:10;}">
                <Coords points="1808,1227 2091,1209 2258,1245 2315,1210 2387,1244 2616,1196 2615,1166 2467,1135 2407,1169 2296,1137 2193,1191 2118,1139 2030,1167 2004,1144 1901,1160 1875,1134 1807,1171"/>
                <Baseline points="1814,1208 1853,1207 1893,1206 1933,1205 1973,1205 2012,1205 2052,1205 2092,1205 2132,1205 2171,1205 2211,1205 2251,1205 2291,1205 2330,1205 2370,1203 2410,1203 2450,1202 2489,1200 2529,1199 2569,1197 2609,1194"/>
                <TextEquiv>
                    <Unicode>Sie beide darvon eiflichen können.</Unicode>
                </TextEquiv>
            </TextLine>
            <TextLine id="r3l12" custom="readingOrder {index:11;} person {offset:32; length:15;}">
                <Coords points="1815,1310 2088,1282 2272,1318 2381,1274 2537,1322 2605,1271 2675,1307 2838,1266 2810,1188 2707,1225 2517,1203 2437,1242 1813,1228"/>
                <Baseline points="1820,1281 1870,1281 1921,1280 1971,1280 2022,1280 2072,1280 2123,1280 2173,1280 2224,1280 2274,1280 2325,1278 2376,1278 2426,1277 2477,1275 2527,1273 2578,1271 2628,1268 2679,1264 2729,1259 2780,1254 2831,1248"/>
                <TextEquiv>
                    <Unicode>zu diesem diebstahl habe obiger Hans Gut hauser</Unicode>
                </TextEquiv>
            </TextLine>
            <TextLine id="r3l13" custom="readingOrder {index:12;}">
                <Coords points="1815,1396 1901,1351 1943,1379 2028,1355 2104,1360 2171,1397 2258,1394 2303,1360 2396,1369 2396,1326 2358,1307 2182,1326 2155,1299 2049,1314 1987,1281 1929,1315 1872,1297 1816,1309"/>
                <Baseline points="1823,1347 1851,1346 1879,1344 1908,1344 1936,1343 1964,1343 1993,1343 2021,1343 2049,1344 2078,1344 2106,1345 2134,1346 2163,1347 2191,1347 2219,1349 2248,1349 2276,1350 2304,1350 2333,1350 2361,1350 2390,1349"/>
                <TextEquiv>
                    <Unicode>ihme auch antristung geben.</Unicode>
                </TextEquiv>
            </TextLine>
            <TextLine id="r3l14" custom="readingOrder {index:13;} person {offset:8; length:7;}">
                <Coords points="1802,1468 2837,1436 2846,1364 2759,1343 2660,1399 2515,1345 2429,1391 2312,1359 2168,1399 1918,1355 1801,1399"/>
                <Baseline points="1808,1437 1859,1436 1911,1436 1962,1434 2014,1434 2066,1434 2117,1434 2169,1435 2220,1436 2272,1436 2324,1436 2375,1436 2427,1434 2478,1433 2530,1431 2582,1430 2633,1428 2685,1425 2736,1419 2788,1415 2840,1409"/>
                <TextEquiv>
                    <Unicode>N. Herr stimmer hat declariert, als er auß den</Unicode>
                </TextEquiv>
            </TextLine>
            <TextLine id="r3l15" custom="readingOrder {index:14;} person {offset:0; length:9;}">
                <Coords points="1817,1508 2397,1541 2568,1489 2601,1517 2833,1495 2817,1422 2589,1429 2538,1462 2240,1440 2120,1474 2063,1448 1816,1469"/>
                <Baseline points="1823,1500 1873,1500 1923,1500 1973,1500 2023,1500 2073,1499 2123,1499 2174,1499 2224,1499 2274,1499 2324,1498 2374,1497 2424,1496 2474,1494 2525,1493 2575,1491 2625,1488 2675,1486 2725,1482 2775,1478 2826,1473"/>
                <TextEquiv>
                    <Unicode>Mellinaer dem schutz Looß gebrannt hatte, daß</Unicode>
                </TextEquiv>
            </TextLine>
            <TextLine id="r3l16" custom="readingOrder {index:15;} person {offset:4; length:8;}">
                <Coords points="1811,1599 1877,1573 2265,1601 2552,1562 2760,1593 2829,1560 2828,1502 2628,1503 2566,1549 2046,1526 1975,1495 1809,1533"/>
                <Baseline points="1817,1569 1867,1569 1917,1569 1967,1568 2018,1568 2068,1569 2118,1569 2168,1569 2219,1569 2269,1569 2319,1568 2369,1568 2420,1568 2470,1566 2520,1565 2570,1563 2621,1560 2671,1558 2721,1554 2771,1550 2822,1545"/>
                <TextEquiv>
                    <Unicode>der Schwartz beik auch mit einer oistolet ihne</Unicode>
                </TextEquiv>
            </TextLine>
            <TextLine id="r3l17" custom="readingOrder {index:16;}">
                <Coords points="1811,1678 1860,1640 1941,1667 2051,1637 2086,1666 2262,1639 2327,1678 2414,1637 2504,1685 2614,1628 2810,1672 2839,1668 2838,1586 1810,1599"/>
                <Baseline points="1817,1634 1867,1634 1918,1635 1969,1635 2019,1635 2070,1637 2121,1637 2171,1637 2222,1638 2273,1638 2324,1638 2374,1637 2425,1637 2476,1635 2526,1634 2577,1632 2628,1631 2678,1628 2729,1624 2780,1621 2831,1616"/>
                <TextEquiv>
                    <Unicode>zum gemachen hinauß verfolget, inmaßen er</Unicode>
                </TextEquiv>
            </TextLine>
            <TextLine id="r3l18" custom="readingOrder {index:17;}">
                <Coords points="1822,1735 1926,1727 1992,1768 2260,1712 2527,1752 2591,1709 2754,1741 2838,1707 2837,1668 2731,1644 2646,1668 2557,1641 2504,1685 2455,1655 2373,1700 2227,1651 2167,1686 1862,1640 1821,1669"/>
                <Baseline points="1829,1710 1879,1712 1929,1713 1979,1713 2029,1713 2079,1715 2129,1715 2179,1715 2229,1715 2279,1714 2330,1713 2380,1713 2430,1712 2480,1710 2530,1710 2580,1708 2630,1707 2680,1704 2730,1702 2780,1700 2831,1697"/>
                <TextEquiv>
                    <Unicode>kaum entflichen und die führ hinder sich zu</Unicode>
                </TextEquiv>
            </TextLine>
            <TextLine id="r3l19" custom="readingOrder {index:18;}">
                <Coords points="1804,1778 1891,1818 2145,1777 2393,1818 2473,1785 2531,1816 2618,1784 2853,1793 2852,1710 2765,1745 2608,1714 2475,1761 2268,1712 1804,1752"/>
                <Baseline points="1811,1772 1862,1775 1914,1776 1966,1778 2018,1781 2069,1782 2121,1784 2173,1784 2225,1785 2276,1785 2328,1785 2380,1785 2432,1785 2483,1784 2535,1782 2587,1781 2639,1779 2690,1776 2742,1772 2794,1767 2846,1763"/>
                <TextEquiv>
                    <Unicode>machen kömen. Deßen ohnerachtet wollte der</Unicode>
                </TextEquiv>
            </TextLine>
            <TextLine id="r3l20" custom="readingOrder {index:19;}">
                <Coords points="1811,1870 2130,1884 2218,1864 2352,1903 2424,1864 2451,1887 2548,1869 2548,1836 2451,1792 2412,1827 2355,1790 2286,1830 2236,1794 2140,1822 2069,1783 2026,1814 1922,1801 1892,1821 1813,1770"/>
                <Baseline points="1818,1841 1854,1841 1890,1841 1926,1841 1962,1842 1998,1842 2034,1844 2071,1846 2107,1847 2143,1848 2179,1850 2215,1851 2251,1852 2287,1853 2324,1854 2360,1854 2396,1856 2432,1854 2468,1854 2504,1853 2541,1851"/>
                <TextEquiv>
                    <Unicode>Decinqueat diesers nicht gestehen</Unicode>
                </TextEquiv>
            </TextLine>
            <TextLine id="r3l21" custom="readingOrder {index:20;}">
                <Coords points="1804,1971 2338,1996 2455,1969 2527,2026 2640,1968 2857,1967 2858,1912 2791,1885 2643,1933 2546,1873 2480,1917 2438,1885 2225,1916 2154,1884 2099,1915 2030,1870 1806,1862"/>
                <Baseline points="1811,1952 1865,1955 1920,1958 1975,1959 2029,1962 2084,1964 2139,1967 2193,1968 2248,1970 2303,1971 2357,1973 2412,1973 2467,1973 2521,1973 2576,1973 2631,1971 2685,1970 2740,1967 2795,1964 2850,1961"/>
                <TextEquiv>
                    <Unicode>5. Lotz er Lintorlonat N 23 Jegete Mato</Unicode>
                </TextEquiv>
            </TextLine>
            <TextLine id="r3l22" custom="readingOrder {index:21;} person {offset:34; length:8; continued:true;}">
                <Coords points="1795,2067 1868,2031 2117,2037 2263,2084 2363,2050 2413,2089 2517,2057 2557,2087 2622,2047 2838,2033 2821,1996 2523,2026 2492,1994 2399,2014 2303,1981 1796,1986"/>
                <Baseline points="1802,2025 1853,2027 1904,2028 1956,2030 2007,2031 2059,2033 2110,2034 2162,2036 2213,2037 2265,2039 2316,2040 2367,2042 2419,2042 2470,2043 2522,2043 2573,2042 2625,2042 2676,2040 2728,2039 2779,2037 2831,2034"/>
                <TextEquiv>
                    <Unicode>ficant mit dem schech oder Gygen, Hans von</Unicode>
                </TextEquiv>
            </TextLine>
            <TextLine id="r3l23" custom="readingOrder {index:22;} person {offset:0; length:13; continued:true;}">
                <Coords points="1808,2125 2023,2105 2136,2136 2191,2102 2340,2131 2379,2103 2594,2137 2677,2109 2758,2150 2842,2122 2842,2086 2734,2043 2369,2090 2166,2044 2130,2071 1861,2032 1808,2057"/>
                <Baseline points="1814,2096 1865,2096 1916,2097 1967,2099 2018,2100 2069,2100 2120,2102 2171,2102 2222,2103 2273,2103 2324,2105 2375,2105 2426,2105 2477,2106 2528,2106 2579,2106 2630,2106 2681,2108 2732,2108 2783,2108 2835,2108"/>
                <TextEquiv>
                    <Unicode>Schaaffhausen nacher baader am den marckt ge-</Unicode>
                </TextEquiv>
            </TextLine>
            <TextLine id="r3l24" custom="readingOrder {index:23;}">
                <Coords points="1804,2215 1993,2170 2142,2215 2356,2175 2561,2209 2628,2170 2714,2185 2740,2149 2648,2112 2594,2137 2409,2110 2339,2134 2292,2109 2136,2136 1805,2120"/>
                <Baseline points="1811,2163 1857,2165 1903,2166 1949,2168 1995,2169 2041,2171 2087,2171 2133,2172 2179,2174 2225,2174 2272,2174 2318,2175 2364,2175 2410,2175 2456,2175 2502,2175 2548,2175 2594,2174 2640,2174 2686,2172 2733,2172"/>
                <TextEquiv>
                    <Unicode>ebt und ertegt habind sie nachts einem</Unicode>
                </TextEquiv>
            </TextLine>
            <TextLine id="r3l25" custom="readingOrder {index:24;}">
                <Coords points="1795,2230 2114,2268 2233,2233 2348,2270 2396,2240 2540,2278 2682,2240 2741,2270 2847,2246 2848,2179 2625,2177 2554,2210 2281,2179 2140,2214 1979,2172 1795,2205"/>
                <Baseline points="1802,2225 1856,2226 1911,2228 1966,2230 2020,2232 2075,2235 2130,2236 2184,2238 2239,2240 2294,2241 2348,2242 2403,2243 2458,2243 2512,2243 2567,2241 2622,2240 2676,2237 2731,2234 2786,2231 2841,2226"/>
                <TextEquiv>
                    <Unicode>Keller aufgebrochen, darinn wein getruncken und</Unicode>
                </TextEquiv>
            </TextLine>
            <TextLine id="r3l26" custom="readingOrder {index:25;}">
                <Coords points="1802,2309 1932,2333 1990,2295 2184,2335 2313,2304 2501,2347 2612,2304 2698,2355 2828,2339 2830,2243 2626,2289 2478,2251 2399,2287 2288,2247 2106,2270 1803,2238"/>
                <Baseline points="1809,2283 1859,2286 1910,2291 1961,2294 2011,2296 2062,2298 2113,2301 2163,2303 2214,2304 2265,2304 2316,2306 2366,2306 2417,2306 2468,2306 2518,2306 2569,2306 2620,2304 2670,2303 2721,2303 2772,2301 2823,2300"/>
                <TextEquiv>
                    <Unicode>noch 2 hafen mit Schmaltz darauß genomen, solches</Unicode>
                </TextEquiv>
            </TextLine>
            <TextLine id="r3l27" custom="readingOrder {index:26;}">
                <Coords points="1811,2373 1870,2397 1930,2369 2047,2372 2146,2412 2306,2376 2443,2420 2541,2392 2542,2361 2381,2318 2332,2335 2293,2309 2098,2342 1979,2303 1931,2334 1812,2321"/>
                <Baseline points="1818,2360 1853,2360 1889,2361 1925,2361 1961,2363 1997,2363 2033,2364 2068,2366 2104,2367 2140,2367 2176,2369 2212,2370 2248,2372 2284,2373 2319,2374 2355,2375 2391,2376 2427,2376 2463,2378 2499,2378 2535,2378"/>
                <TextEquiv>
                    <Unicode>dann under im gestand verborgen.</Unicode>
                </TextEquiv>
            </TextLine>
            <TextLine id="r3l28" custom="readingOrder {index:27;} place {offset:12; length:6;}">
                <Coords points="1810,2486 2695,2527 2835,2492 2836,2428 2626,2439 2528,2393 2414,2458 2268,2403 2228,2439 2093,2441 1994,2373 1811,2402"/>
                <Baseline points="1817,2475 1867,2478 1918,2481 1968,2483 2019,2486 2069,2487 2120,2489 2170,2490 2221,2492 2271,2493 2322,2493 2373,2493 2423,2495 2474,2495 2524,2495 2575,2495 2625,2495 2676,2495 2726,2495 2777,2493 2828,2493"/>
                <TextEquiv>
                    <Unicode>6. Allda zu Banden in des lrehrt hauß</Unicode>
                </TextEquiv>
            </TextLine>
            <TextLine id="r3l29" custom="readingOrder {index:28;} person {offset:31; length:6;}">
                <Coords points="1793,2562 2109,2598 2323,2564 2562,2605 2823,2593 2846,2510 2412,2542 2299,2498 2248,2530 1946,2485 1794,2515"/>
                <Baseline points="1800,2543 1851,2546 1903,2549 1955,2551 2007,2554 2059,2556 2111,2558 2163,2559 2215,2561 2267,2562 2319,2564 2370,2564 2422,2565 2474,2565 2526,2565 2578,2565 2630,2567 2682,2567 2734,2567 2786,2567 2838,2565"/>
                <TextEquiv>
                    <Unicode>anf dem Platz seyen der gerber frantz,  hitip</Unicode>
                </TextEquiv>
            </TextLine>
            <TextLine id="r3l30" custom="readingOrder {index:29;} person {offset:0; length:4;} person {offset:6; length:24;}">
                <Coords points="1785,2667 2006,2621 2116,2662 2388,2628 2479,2688 2613,2640 2739,2683 2850,2632 2840,2584 2664,2613 2320,2568 2067,2605 1788,2557"/>
                <Baseline points="1794,2606 1846,2611 1898,2614 1951,2618 2003,2621 2056,2624 2108,2625 2161,2628 2213,2630 2266,2631 2318,2633 2370,2633 2423,2634 2475,2634 2528,2634 2580,2634 2633,2634 2685,2636 2738,2636 2790,2636 2843,2636"/>
                <TextEquiv>
                    <Unicode>Stiz, garm Frindel dar Bayerli geigen hand</Unicode>
                </TextEquiv>
            </TextLine>
            <TextLine id="r3l31" custom="readingOrder {index:30;}">
                <Coords points="2625,2687 2637,2687 2638,2685 2641,2685 2642,2687 2646,2688 2653,2688 2653,2653 2641,2654 2637,2653 2632,2647 2625,2647"/>
                <Baseline points="2631,2676 2646,2676"/>
                <TextEquiv>
                    <Unicode></Unicode>
                </TextEquiv>
            </TextLine>
            <TextLine id="r3l32" custom="readingOrder {index:31;}">
                <Coords points="1796,2687 2297,2713 2337,2742 2432,2718 2581,2756 2646,2709 2831,2727 2833,2659 2480,2690 2375,2647 2114,2662 1997,2624 1938,2668 1797,2656"/>
                <Baseline points="1803,2672 1854,2678 1905,2682 1956,2687 2007,2690 2058,2694 2109,2697 2160,2699 2211,2702 2262,2703 2314,2703 2365,2705 2416,2705 2467,2705 2518,2705 2569,2705 2620,2703 2671,2703 2722,2702 2773,2702 2825,2700"/>
                <TextEquiv>
                    <Unicode>aup ferschmieds Friedel, der lange Hanes und</Unicode>
                </TextEquiv>
            </TextLine>
            <TextLine id="r3l33" custom="readingOrder {index:32;}">
                <Coords points="1792,2785 2000,2756 2292,2820 2335,2789 2757,2783 2759,2726 2640,2718 2510,2759 2431,2719 2316,2753 1969,2683 1795,2699"/>
                <Baseline points="1800,2736 1847,2741 1895,2746 1942,2750 1990,2754 2037,2757 2085,2762 2132,2765 2180,2768 2227,2771 2275,2774 2323,2777 2370,2778 2418,2778 2465,2780 2513,2780 2560,2778 2608,2777 2655,2774 2703,2772 2751,2768"/>
                <TextEquiv>
                    <Unicode>Er schwartz beit zusamen kommen, alltes die</Unicode>
                </TextEquiv>
            </TextLine>
            <TextLine id="r3l34" custom="readingOrder {index:33;}">
                <Coords points="1807,2841 1924,2816 1957,2845 2111,2838 2210,2891 2272,2846 2413,2881 2630,2851 2773,2877 2789,2822 2615,2786 2469,2812 2408,2790 2319,2828 2103,2775 2007,2811 1809,2788"/>
                <Baseline points="1815,2813 1863,2817 1911,2821 1959,2825 2008,2829 2056,2832 2104,2836 2153,2839 2201,2842 2249,2845 2298,2847 2346,2849 2394,2851 2442,2852 2491,2853 2539,2853 2587,2853 2636,2853 2684,2852 2732,2852 2781,2850"/>
                <TextEquiv>
                    <Unicode>große Barbel des Gaxme indels weib den</Unicode>
                </TextEquiv>
            </TextLine>
            <TextLine id="r3l35" custom="readingOrder {index:34;}">
                <Coords points="1805,2888 2033,2909 2094,2951 2244,2913 2371,2946 2734,2923 2812,2958 2804,2852 2756,2887 2630,2852 2310,2874 2272,2846 2209,2890 2156,2849 2102,2878 1924,2816 1807,2842"/>
                <Baseline points="1812,2874 1861,2880 1911,2885 1961,2890 2011,2895 2061,2899 2110,2902 2160,2906 2210,2909 2260,2912 2310,2915 2359,2917 2409,2918 2459,2919 2509,2921 2559,2921 2608,2921 2658,2920 2708,2919 2758,2916 2808,2915"/>
                <TextEquiv>
                    <Unicode>raht gegeben, sie sollen auff des Spredikanten</Unicode>
                </TextEquiv>
            </TextLine>
            <TextLine id="r3l36" custom="readingOrder {index:35;} place {offset:8; length:7;}">
                <Coords points="1804,2979 1991,2965 2058,3021 2191,2981 2296,3019 2610,2986 2794,3015 2825,2961 2544,2926 2299,2962 2231,2920 2094,2952 2027,2910 1807,2898"/>
                <Baseline points="1811,2949 1861,2952 1911,2956 1961,2959 2012,2962 2062,2966 2112,2970 2163,2972 2213,2975 2263,2977 2314,2979 2364,2981 2414,2982 2464,2984 2515,2985 2565,2985 2615,2985 2666,2985 2716,2985 2766,2984 2817,2982"/>
                <TextEquiv>
                    <Unicode>hauß zu Brengen looß gehen, werd ind daselbsten</Unicode>
                </TextEquiv>
            </TextLine>
            <TextLine id="r3l37" custom="readingOrder {index:36;}">
                <Coords points="1790,3046 2019,3045 2055,3074 2339,3049 2421,3095 2633,3050 2706,3081 2788,3023 2530,2991 2450,3038 2373,3009 2332,3031 2169,2981 2113,3027 1838,2969 1792,2994"/>
                <Baseline points="1797,3026 1846,3027 1895,3030 1944,3032 1993,3035 2043,3038 2092,3041 2141,3042 2190,3045 2239,3048 2289,3049 2338,3051 2387,3052 2436,3053 2485,3053 2535,3054 2584,3053 2633,3052 2682,3051 2731,3049 2781,3045"/>
                <TextEquiv>
                    <Unicode>viel gelt antreffen, dann erd gar leich seye etc.</Unicode>
                </TextEquiv>
            </TextLine>
            <TextLine id="r3l38" custom="readingOrder {index:37;}">
                <Coords points="1793,3105 2112,3145 2213,3117 2313,3159 2410,3120 2478,3169 2624,3122 2814,3138 2816,3042 2704,3081 2542,3070 2488,3110 2399,3073 2212,3065 2157,3102 2095,3054 1795,3045"/>
                <Baseline points="1800,3092 1850,3096 1900,3099 1951,3103 2001,3106 2052,3110 2102,3113 2152,3116 2203,3118 2253,3120 2304,3122 2354,3123 2404,3123 2455,3125 2505,3125 2556,3123 2606,3123 2656,3122 2707,3119 2757,3116 2808,3113"/>
                <TextEquiv>
                    <Unicode>Aberd diesemn rahtschlag seyind sie gedachte 8 terle</Unicode>
                </TextEquiv>
            </TextLine>
            <TextLine id="r3l39" custom="readingOrder {index:38;}">
                <Coords points="1772,3188 1907,3185 2028,3236 2132,3186 2274,3224 2374,3194 2561,3220 2739,3200 2741,3134 2616,3171 2543,3132 2479,3169 2405,3133 2317,3161 2272,3127 2186,3175 1997,3111 1958,3140 1916,3104 1774,3102"/>
                <Baseline points="1779,3159 1826,3164 1874,3168 1922,3173 1969,3176 2017,3179 2065,3182 2112,3186 2160,3188 2208,3191 2256,3192 2303,3194 2351,3195 2399,3195 2446,3194 2494,3194 2542,3192 2589,3189 2637,3186 2685,3182 2733,3177"/>
                <TextEquiv>
                    <Unicode>Freytags den 34 ulii 1728 etwann umb</Unicode>
                </TextEquiv>
            </TextLine>
            <TextLine id="r3l40" custom="readingOrder {index:39;}">
                <Coords points="1787,3273 2061,3251 2261,3290 2309,3260 2387,3312 2477,3270 2522,3298 2587,3263 2802,3270 2803,3218 2731,3240 2678,3205 2521,3231 2297,3206 2245,3246 2141,3187 2045,3239 1907,3184 1789,3189"/>
                <Baseline points="1794,3239 1844,3240 1894,3243 1944,3245 1994,3248 2044,3251 2094,3253 2144,3255 2194,3258 2244,3260 2295,3261 2345,3263 2395,3264 2445,3264 2495,3264 2545,3264 2595,3263 2645,3261 2695,3259 2745,3255 2796,3252"/>
                <TextEquiv>
                    <Unicode>3 uhren nach mittag nach und nach vom bnaden aus</Unicode>
                </TextEquiv>
            </TextLine>
            <TextLine id="r3l41" custom="readingOrder {index:40;}">
                <Coords points="1805,3337 1906,3363 2087,3319 2265,3364 2689,3320 2756,3345 2765,3275 2587,3263 2456,3314 2310,3261 2247,3289 2079,3251 1957,3291 1807,3262"/>
                <Baseline points="1812,3302 1859,3305 1906,3307 1953,3311 2001,3314 2048,3317 2095,3318 2142,3320 2190,3323 2237,3324 2284,3325 2331,3326 2379,3326 2426,3327 2473,3327 2520,3327 2568,3326 2615,3326 2662,3324 2709,3323 2757,3321"/>
                <TextEquiv>
                    <Unicode>gegangen und laut abrrd in einem dor</Unicode>
                </TextEquiv>
            </TextLine>
            <TextLine id="r3l42" custom="readingOrder {index:41;}">
                <Coords points="2535,3429 2550,3436 2558,3427 2583,3419 2600,3405 2610,3406 2619,3397 2637,3408 2652,3396 2676,3396 2674,3333 2660,3342 2641,3344 2606,3334 2586,3349 2578,3344 2555,3349 2539,3337 2532,3338"/>
                <Baseline points="2541,3396 2566,3394 2592,3393 2617,3392 2643,3392 2669,3392"/>
                <TextEquiv>
                    <Unicode>ohnweit</Unicode>
                </TextEquiv>
            </TextLine>
            <TextEquiv>
                <Unicode>E
Als 20 bz neben etwaß an genoßenem weinen
bekonnen.
Allzier sache herren stimmer mit einer gladmen protosit
bey verbringung diß raubd auf sie laaß kommen.
und habe dem Mollinger darmit (der zwar auch
mit einer siotolet aus ihne herren stimmer angeschlag
gen und nicht frütor bekomen wanen:) darmit
seinem schuß auf die brust gegeben, so daß er
voar zu Baden gestumben, demnoden hab ind
Sie beide darvon eiflichen können.
zu diesem diebstahl habe obiger Hans Gut hauser
ihme auch antristung geben.
N. Herr stimmer hat declariert, als er auß den
Mellinaer dem schutz Looß gebrannt hatte, daß
der Schwartz beik auch mit einer oistolet ihne
zum gemachen hinauß verfolget, inmaßen er
kaum entflichen und die führ hinder sich zu
machen kömen. Deßen ohnerachtet wollte der
Decinqueat diesers nicht gestehen
5. Lotz er Lintorlonat N 23 Jegete Mato
ficant mit dem schech oder Gygen, Hans von
Schaaffhausen nacher baader am den marckt ge-
ebt und ertegt habind sie nachts einem
Keller aufgebrochen, darinn wein getruncken und
noch 2 hafen mit Schmaltz darauß genomen, solches
dann under im gestand verborgen.
6. Allda zu Banden in des lrehrt hauß
anf dem Platz seyen der gerber frantz,  hitip
Stiz, garm Frindel dar Bayerli geigen hand

aup ferschmieds Friedel, der lange Hanes und
Er schwartz beit zusamen kommen, alltes die
große Barbel des Gaxme indels weib den
raht gegeben, sie sollen auff des Spredikanten
hauß zu Brengen looß gehen, werd ind daselbsten
viel gelt antreffen, dann erd gar leich seye etc.
Aberd diesemn rahtschlag seyind sie gedachte 8 terle
Freytags den 34 ulii 1728 etwann umb
3 uhren nach mittag nach und nach vom bnaden aus
gegangen und laut abrrd in einem dor
ohnweit</Unicode>
            </TextEquiv>
        </TextRegion>
    </Page>
</PcGts>
