4032 3024
440 408 1543 682 Lentschland, und in der Schweitz, ja selbsten in
446 589 1523 772 unserer haubt-Statt und gebiet faltsche¬
442 679 1521 861 und ertichtete Collect, Patenten umbherge¬
442 762 1533 941 tragen und darmit brand- Steüren geforder
442 840 1527 1031 iret und eingenommen habind, inmaßen sie ende
434 945 1517 1107 lich in der statt solotuhren angehalten und
427 1033 1524 1238 von dasigem Lobl. 3 Magistrat auff vnser
418 1139 1510 1321 begehren krafft habender vertragen an uns
425 1256 1514 1413 Außgelieferet und in Allhiesigen Verhafft ge¬
417 1326 1496 1505 ebracht worden, Allwo sie in denen mit
406 1426 1505 1598 Ihnen verrichteten Sxaminibus beydes guet-
417 1528 1514 1676 tlich ernstwörtig und peinlich, über anzogen
424 1619 1509 1752 vernebte schandliche betriegereyen und andere
408 1713 1503 1829 Mißetahten Nachfolgende bekanntnuß und
417 1803 1384 1943 Vergicht getahn und abgestattet haben.
420 1923 1415 2077 und zwar der Francidcus stockhammer.
361 2025 1472 2195 Daß Er mit Sabina Ullurgerin von Lintz
376 2145 1512 2287 eine zeitlang umbher gezogen und deßentwegen
423 2228 1498 2363 vor etwann 9 jahren zu Haarburg im Füesten,
423 2300 1479 2441 stuhmb Oettingen angehalten, offentlich mit
412 2397 1487 2515 ruhten gestrichen und gebrandzeichnet nachwerts
417 2484 1473 2612 dann erst copuliert worden, deßen er aber
391 2550 1157 2693 keinen schein vorweisen können.
405 2664 1486 2820 seit gedacht seinem heuraht seye er und sein weib
419 2759 1478 2893 immerfort in teütschland und auch seit etwelchen
390 2807 1485 2963 jahren allhier in der schweitz der enden tasel
418 2903 1481 3017 baaden etc. Umbher gezogen, habe lediglich mit
406 2966 1457 3103 Bätteln in Stätten, Klösteren, Schlößeren und
401 3059 1090 3209 pfarrhoofen sich durchgebracht.
1078 3239 1367 3361 Wilhelm
2730 353 2818 464 117
1604 468 2725 676 Wilhelm Hurschberger dann, daß er vor
1682 572 2773 746 etwann sechs jahren mit Dorothea Elisabetha
1668 670 2822 848 Unfriedig von mannsfelden zu Köllen opucliert
1682 778 2783 918 worden, dennoch dißfahls einichen schein nicht
1674 865 2770 1006 habe, Seithero aber anderst nicht als immerhin
1679 976 2457 1116 mit bätteln sich ernehret habe.
1655 1083 2807 1232 Soseyen diejenige beydes von Solpluchen und baa
1674 1182 2770 1312 den allhier eingelangte faltsch und ertichtete
1664 1271 2782 1389 acht Steülor,brieffen und vier sollect, Büeches
1677 1349 2793 1517 samt übrigen scheinen zu einforderung brand-
1661 1466 2804 1599 steüloren, auch die neun underschiedliche große
1671 1565 2741 1698 vnd Kleine Siegel, Stempfel Ihnen bey dem
1651 1652 2800 1782 Frantz Stockhammer und Wilchelm Hirschberger
1661 1750 2794 1864 zuständig, welche brieffschafften er Stockhammer
1661 1850 2828 1969 meistenteills selbst eygenhändig geschrieben und
1680 1929 2829 2057 mit dieseren Siegeln betruckt, Sie beyde Delin¬
1668 2031 2780 2163 quenten aber selbige dann hin und her auch in
1669 2116 2786 2235 unseren stätten und landen als real vorge
1665 2200 2811 2335 wiesen und darmit viele und nahmhaffte brand-
1662 2281 2744 2436 steüwren eingeforderet und bekommen haben.
1631 2378 2816 2557 Wie nun Wir einerseits aus dieser beyder
1603 2484 2794 2670 maleficanten Stockhammer und Hirschberger in
1659 2573 2793 2750 Allen ihren ambständen angehorten bekannt:
1664 2675 2817 2826 wüßen und vergichten einer zeits so viel verstan¬
1668 2751 2798 2929 den; daß durch so thane Grieffschafften der hoche
1655 2827 2818 3014 nammen gottes leichtfertig geläseret, vieler
1679 2927 2790 3126 vornehmer Fürsten herren und ständen ihre
1650 3013 2786 3201 Namen und Anthoritet under faltschen und er¬
1666 3098 2727 3299 Richteten Siegeln auff eine Schandliche weise
1664 3201 2809 3398 Mißbraucht, vielerhandt vorgegangene sfeulors,
2454 3414 2685 3556 brunsten
