4032 3024
311 473 376 548 96
667 473 1351 605 Triminal, Urteill
351 554 1455 727 Ad Schultheyß Kleinund
434 675 1456 827 Große rächte der statt Bern ur
436 783 1423 888 kundtend hiermit, alsdann uns
430 871 1437 995 zu höchster betrnebtnuß hinderbracht
428 953 1444 1089 worden: wie daß zinstags den 45ten
430 1048 1431 1173 letst verwichenen Octobris ohnweit dem
439 1147 1422 1283 dorff Riggisperg im Schnartz genannt
436 1224 1432 1343 eine weibs, Persohn namens Mearia
411 1313 1471 1455 Kranger ohnweit ihrer wohnung in einer
418 1402 1460 1553 Matten oder weyd von einer erwurgung
396 1488 1430 1638 Todt auff dem Soden Liegend ange¬
399 1586 1472 1740 troffen, der verdacht solcher mordtaht um
405 1684 1480 1830 auf diesen vor augen stehenden Elenden
387 1782 1461 1946 Mentsch namens Hanns Morgenegg
388 1866 1452 2021 gebürtig von ober wangen letstmahls
385 1972 1472 2122 lechenmüller zu Riggisperg von Ohnge
380 2057 1428 2220 fehr 35 jahren alters (der da mit
375 2153 1471 2290 gedeüfer weibs persohn genauwden und
370 2265 1466 2408 gang gehabt nicht unbitlich gefallen.
322 2323 1471 2494 Als habend wir darauff hin aus behor
371 2440 1444 2567 wriger vorgefehrter anstalt denselben
368 2536 1467 2675 in seiner lechenmühle zu Riggisperg bee
376 2614 1455 2769 händigen, gewahrsamlich allhero in ge¬
373 2695 1445 2854 fangenschafft bringen und Ihne darüber
364 2801 1417 2934 zu redstoßen laßen, Allwo er in
382 2900 1454 3018 denen mit ihme verrichteten ecamini
388 2981 1427 3143 beio freywillig und ohne anwendung
387 3059 1480 3232 einicher Märter über anzogene große mordn
376 3162 1419 3316 that nachfolgende bekanntnuß gefahn.
994 3314 1335 3432 nammlichen
2566 139 2767 254 2299
1645 280 2769 626 erepeten
1651 393 2716 712 menerhte
1653 507 2770 838 geneet
1648 639 2737 884 seines handtwerks bekanntschafft be
1660 719 2709 1024 kommen, welche endtlich in so weit sich
1665 865 2768 1120 erstrecket, all so daß zu end letst ver
1668 954 2797 1228 strichenen angst oder anfangs herbst
1662 1105 2770 1284 monats bey gehabtem anlaß er mit
1652 1206 2681 1408 ihra zum fahl gerahten und sich in
1666 1335 2790 1524 anzucht vertrabet, dar von sie schwanger
1669 1448 2656 1605 worden zu seyn hernach vorgegeben.
1655 1571 2735 1699 dahero er auff deß mentschen begehren
1663 1663 2759 1808 Sontags den htn dito octobrio nach ein
1677 1753 2765 1903 michen besorgten mühli geschafften nachts
1683 1889 2758 2006 etwann umb 9 uhren sich einzig zube
1667 1947 2728 2132 sagtem hauß in den schnartz begeben
1683 2067 2759 2250 das mentschvor dem hauß angetroffen,
1684 2127 2705 2345 mit demselben auff deßen antrieb
1681 2222 2703 2448 etwan 400 schritt von dem Hauß
1673 2315 2814 2567 entfehrnt hinterhin in die matten sich ver
1669 2448 2718 2702 füegt, allso beyde sich auff den boden
1686 2522 2807 2778 nider gesezt und gegen einanderen wegen
1675 2626 2792 2893 beschuldigter schwängerung und sonsten
1688 2753 2730 2977 ineinen hefftigen wortstreitt und
1668 2810 2813 3135 Mancherley empfindtliche verwißn reden
1676 2903 2800 3228 gerahten und außgefahren, wordurch
1678 2989 2807 3310 er gleich einsmahls entrüstet und zum
1673 3093 2812 3427 zorn gebracht worden, allso daß Ey mit
1699 3179 2768 3533 venangnagen
1686 3249 2798 3611 dggetegligen
2436 3613 2766 3748 hinter sich
