4032 3024
616 444 1496 644 Botantuns und Vrgichen
637 595 1318 753 Der Elrbeth Moser
477 693 1519 867 Dos Bendiche Stampflis ehrtois von
483 811 1507 950 Copfingen amts Frienisbrag von ohngefehr 40
890 908 1231 1019 jahren alters
398 990 1512 1191 achdene dieses wib Elrbelt, mloher wegen
459 1102 1532 1282 verdacht, ob hätte sie die onlängsan zu Lopsinge
465 1176 1510 1333 durch Prntor zu Grunds gerichtete drry lauser in
453 1252 1496 1422 brandt gesteket etc. zu Karberg und CFrienisberg
455 1356 1476 1486 in verhafft geseßen den 5. martii 1731 dan
445 1425 1467 1541 endlich von selbsten dem herren landvogt
453 1479 1425 1594 zu Briemsperg die that bekennethat
452 1539 1460 1682 und alß deßentwegen Tags hernach¬
446 1621 1439 1740 gewahrsamlich allhero in Verhafft ge¬
435 1684 1440 1786 bracht, folgends gleichen Tags auß
444 1747 1444 1868 Ihr gul befelch, beydes durch Müchtl
436 1805 1463 1921 rahtsherren Jenner al� hierzu ver
447 1876 1415 1995 ordnetem herrn caaminator und
444 1936 1432 2055 auch muthlen Gro�weibel Küpfer
448 2011 1418 2129 und grichtschweiberen schiffel dee
442 2075 1457 2179 auch den 2. dito martii und den 8. decembr
421 2147 1451 2262 des 1731 jahrs diemit zu verschieden
434 2202 1480 2328 mahlen gntlich und ernstwartig jedich
437 2279 1459 2404 ohne angewendte Manter examinirt
730 2339 1466 2453 Welche mit ihre Moosein
430 2360 724 2441 worden ist:
408 2395 1458 2500 Veruchtete Tnamina und darüber er¬
423 2471 1405 2590 folgte vergichten, nachbeschrieben
427 2536 1162 2647 dortlichen junhalts sind.
405 2599 1456 2727 befragt, ob sie nach ihre elteren habe.
409 2660 1480 2786 Antwort. Sie habe noch einn alten Vatter
452 2746 1452 2858 nahmens zendicht Moser, so dißmal
433 2791 1466 2930 bÿ dem Baūder aūf dem Sūgenhorf
442 2876 776 2979 sich befinde.
387 2944 1454 3057 R. Ob sie einen ehemann und sint welcher
436 3017 1230 3115 Zeit Sie selbigen bekommen habe
358 3044 1465 3201 Ea, Sie habe einen Ehemnann Nahmens
414 3141 1406 3233 Gendicht Stampfl. welchen Sie in
400 3194 1418 3314 Dem 20. Jahr ihres alters vvor
399 3262 1262 3378 dem Krieg gehenrahtet habe
347 3339 1013 3470 Gob Sie Kinder habe.
339 3397 1183 3567 KStal Sie habe 2. Töchterlin.
2731 277 2825 375 8
1699 322 2823 530 das eint seye bald nach dem letsteren
1721 414 2822 579 frieg, das andere vor 8 jahren zur
1706 528 2041 675 bebt kommen.
1648 549 2809 763 Auf was weise Sie mit ihrem Mann
1722 633 2789 797 gelebt habe. Ob imfrieden oder in
1717 744 2014 869 unchbiden.
1639 786 2825 971 ie habind nicht unfeidlich mit ein
1714 861 2790 1020 andergelebt, sonderen sie habe sich
1680 905 2860 1110 sonsten übel gegen demselben verhalten
1703 1022 2288 1152 und versundiget.
1654 1067 2850 1232 Adn Welchen stūben ūnd aūf das Weisten
1698 1169 2857 1302 Wie sich übel gegen dem mein verhalten
1716 1277 1879 1360 habe
1726 1270 2856 1419 Sie habe übel gehaußet, habe sich durch
1643 1323 1716 1463 B
1720 1364 2847 1520 böteleüt zum bösenkleiten und verführen
1709 1445 2827 1587 laßen; int letstem Sommer habe Sie
1718 1509 2806 1630 Iich alle Zeit mit Sammel Kehrwand
1701 1586 2781 1722 ihrem Knecht von 20. Jahren alters
1705 1646 2854 1780 in unzucht vertrabet, anstalt daß¬
1701 1722 2852 1840 Sie viziger hätte seyn und Ihne auf
1698 1785 2857 1936 gutes witten sollen; Sie habe dem
1690 1859 2649 2003 selben auch viel geschente geben.
1662 1961 2846 2093 Ob Sie nach witers sich versundiget hab.
1636 2045 2819 2155 A Ja, Indemme Sie in ihrem Dennat die
1714 2134 2716 2255 Haußer angezundet habe im Zorn
1650 2213 2623 2346 vie solches hergegangen seye.
1617 2305 1708 2429 R
1726 2311 2787 2436 Erstlich des denz gerigshaußen
1717 2383 2777 2506 einem sambsten Morgens etwan
1716 2453 2788 2585 umb 4 ichten, wilen sie im Lertzen
1704 2532 2705 2655 dider diese Leut einen wollen
1699 2608 2779 2727 und uneiigkeit getragen, habe Sie
1698 2668 2808 2808 alß angestelet. Sie habe zu hauß
1682 2746 2706 2892 feürschwum und viel schwefelhalzl
1691 2831 2824 2985 genomen, und solches by diesem Hauß
1697 2912 2827 3052 nechst dem schweinstall in eine burd
1695 2962 2805 3137 strohw, so unter einer Raffen dare ge¬
1693 3051 2695 3211 letget; sich darauf heimb begeben
1701 3133 2798 3292 und das Morgeweßen gerochet, da
1683 3196 2673 3329 nach einer halben Stund das feür
1695 3270 2817 3441 außgebrochen, und das ganze Hauß
1690 3324 2754 3496 Zugrund gerichtet worden: Sie
1689 3434 2778 3609 seye auch selbsten denen beschädigten
1683 3472 2357 3618 zuhilff gegangen.
