4032 3024
274 2686 334 2789 4
285 2131 357 2274 35
296 1505 391 1662 2
443 424 1407 602 Sabina Allmeyerin
294 585 1508 839 4 Warß bekanntlich, daß die von Mühel vl
414 749 1496 921 meyer einem zimmermann von Lintz in öester
403 796 1491 994 Reich und Anna Gelmetter Ehelich gebohren, nun
421 916 1516 1078 in 43 jahr alt und der Römischn Catho Religion
398 992 1501 1154 zugethan seye, daß ihre elteren, da sie mir noch
409 1057 1493 1207 8 jahr alt ware verstorben und nachwerts von
418 1131 1498 1293 einem wäber zu Luntz sdeßen ehefre ihre tauff
410 1217 1503 1379 Patten, vier jahr lang gehalten und verpflegt worden,
411 1311 1498 1462 worden seye hernach hin und her in ehelichen diensten
395 1391 870 1514 sich auffgehalten habe
419 1575 1474 1719 Als sie zu letst in drey jahr lang bey einem arzt
420 1648 1477 1778 uind somoedianten gedienet, habe sie mit frantz Stock,
408 1730 1479 1862 hamer von Berndorff in Salzburg bekanntschafft ge-
397 1795 1479 1932 macht, mit demme sie etliche zeit herumb gezogen,
399 1884 1485 1995 und zu letst den 21 tag maii d724 zu dooschhausen
395 1957 1451 2073 Copuliert, deßen sie aber den Copulation Schein
413 2034 627 2130 Verbohren.
394 2142 1462 2276 So hat sie und ihr mann bey angetroffenem brand-
412 2240 1459 2361 zeichen auff ihrem ruken vorgeben, daß sie beyde
402 2303 1457 2429 wegen obangezogenen ihres herumb streichens vor
393 2374 1494 2515 dero copulation zu Haarburg im Furstentuhmb ortin
393 2453 1459 2580 igen angehalten offentlich mit ruchten gestrichen
400 2535 1055 2665 und gebrandmahlet worden.
373 2667 1490 2803 seit gedachtem ihrem Henracht seye sie mit ihrem mann
388 2756 1454 2891 an unterschiedlichen orten in teütschlandt immerfort
387 2853 1474 2959 herumb gezogen, auch bereits vor etwelchen jahren
400 2920 1457 3011 in die schweitz der unden basel baden etc. umbhergen
390 2955 1485 3139 gangen, habind ihr leben mit batteln durchgebracht
285 3119 1487 3259 5. Dannethin bejahrte sie, daß ihr mann so wohl als der
366 3194 1468 3362 Wilhelm Hirschberger seit etwelcher zeit mit faltschen
379 3272 1465 3402 und ertichteten steulr brieffen in leütschland und
1332 3407 1404 3476 in
2681 452 2773 547 113
1662 540 2745 709 In der schweitz umbhergegangen und an vielen orten
1689 677 2762 783 auch under anderem von der hochen oberkeit allhier
1684 726 2756 855 in dern grand-steüwe eingeforderet und bekommen.
1681 813 2760 923 habind. Diß alles seye ihra nicht unbetrifdt
1672 896 2762 1004 gewesen, dann sie zu baaden ihren mann und andere
1670 974 2754 1087 Studenten dergleichen schreiben gesehen. So habe auch
1669 1058 2762 1174 ihr mann und der silhelm Hirschberger ihro ange-
1675 1137 2765 1265 zeigt, daß sie zu Bern steüler heischen wollind, her-
1677 1225 2768 1343 macher auch da sie solche empfangen gehabt, zumalen
1687 1307 2750 1429 der mann bey ihrer allseitigen ankunfft in solo-
2404 1376 2510 1429 ap e
1691 1388 2746 1498 Juhren ihro bey 50 trente soloig eingewunden.
1668 1498 2785 1586 zugestellt, die sie oben in busen gesteckt und obschon
1683 1554 2774 1672 mann sie bey ihrer anhaltung außgesucht, verboren
1675 1613 2743 1729 igen gehalten, aus der gefangenschafft aber, da Sie
1683 1713 2761 1826 von einem seouiten vernommen, daß sie auff dern
1685 1795 2783 1908 geführt werden sollind, mit ein s h alten baar schu
1682 1890 2750 2004 auch das gelt in die gar hinauß geworffen habe
1638 2003 2797 2167 Hingegen aber wollte Sie mit nichten geständig seÿn
1689 2125 2775 2249 daß ihr mann und der Wilhelm Hirschberger auch
1685 2208 2763 2310 von denenjenigen diebs kerlen, welche a. d7 28.
1677 2285 2774 2411 auff den pfarrHooff zu Seengen loos gegangen
1659 2360 2744 2476 seÿend, nach daß selbige einen anderen Namen
1679 2445 2343 2562 tragend als sie angegeben.
1670 2508 2144 2643 Actumut Musra
2086 3228 2658 3401 Anna Schwägerin
