4032 3024
456 487 1401 629 Svoel Er aber sich erinnere habe Er gelieferet
497 580 1395 729 Den 12 sr Johannes Mely dem Brot bedd in
516 676 991 769 allem 45 bi� 50 maß.
503 714 1467 877 Mire s hans Sind als Crischung den brot ude
499 832 1071 944 in allem 50 biß 56 mäß.
484 899 1464 1055 An 11 st Christarbal Bruggers des Laüsers
494 1003 1057 1127 ehfrauw 33 biß 40 muß
490 1060 1443 1219 An Mlaria Lermann sl s Eglind ehefraut.
496 1161 1266 1295 eine Grempferin mr biß N Mäß.
484 1247 1434 1392 An Adam Lichn und seine ehefraub Wihrte zu
492 1342 1087 1460 Cappelen 35 biß 40 mäß.
480 1422 1473 1538 An deren schwäher, vatter den vormaligen wihrten
478 1510 1231 1616 Ny rnogger bey 15 Mäß und
473 1574 1438 1706 Dt Anna Stauff er sel ser schelens und els
463 1671 1471 1807 Bruggers gea son dienst klagd bey 9 mläßen 1.
470 1748 1474 1868 schon diesere pfersonen ind gesamt bey weitem nicht
473 1832 1471 1957 eine so gro�e quantibet empfangen zu haben ge-
452 1884 774 2003 sihen wollend.
442 1981 1432 2137 Solches verkauffte saltz, nun habe er allbegen in
460 2072 1448 2206 einem sack auff seinem wagen hergeführt und
446 2148 1447 2260 diesen kenthen bald e 2 und de v mäß in dero
441 2212 1450 2339 hauß aldentlich überbracht, die ab dann jnderweilen
444 2298 1376 2416 nach ihrer belieben selbsten kläßen können:
445 2375 1436 2509 ihnen habe er woar durchgehends vorgeben, daß
441 2451 1441 2570 Er solh salzn zu murten für führlohen bekomne.
458 2532 1454 2661 auch under diesem vorwand ihnen deßßen anfangt
442 2596 1468 2705 von selbsten angetragen, hernach aber habind die
442 2675 1423 2794 eit und die anderen im merers zu bringen
446 2744 1448 2882 von zit zu zeit gehißen, mlit unrd eiten sie wol
428 2806 1184 2960 lind siemand ein etwas davvon sagen.
446 2883 1400 3046 all ein diese leuth haben auch nicht aeständig seyn
436 2955 1454 3133 Wollen, daß sie ihme der saltzes abgehrschen, wenget
429 3059 1435 3201 ihme angebotten oder versprachen nichts darvon
435 3133 614 3223 zusagen
1064 3188 1356 3341 8 endtlichen
2570 473 2663 572 161.
1631 513 2654 667 h kndtlichen wollee dieser dclinquent nicht
1643 626 2677 754 gestehen, daß jemand von den seinigen zu hauß nach
1641 706 2655 829 sonsten irgend etwar ander iicht wißßenschafft
1648 785 2679 904 gehabt dan die ser seiner vernebten untreüte, zumalen
1643 856 2679 986 fr das entwendte salten zu hauß jederweiden in dem
1643 938 2654 1067 Heutstolb verborgen gehalten, auch seinem ehetaib
1645 1010 2688 1145 deßßen mur zu halb vläßen wers in die haußhaltung
1642 1089 2682 1218 gelieferet, underd vorgeben selbiges zu beim ge-
2054 1167 2689 1304 Daß auch ihme von Juhr
1636 1177 2050 1287 laufft zu haben.
1630 1232 2679 1377 Leüthen oder sonste gemand anders bekannt
1651 1322 2687 1449 sege, so auch dergleichen salz untreütw vornuren
1653 1411 1817 1542 suhind
1641 1502 2201 1640 Al dum ut supras
