4032 3024
380 543 1441 728 Vnd den anderen geben, noch auch ob welcher Ver¬
405 645 1447 772 sohn der hammer entzwey gebrochen, auch nicht ob
408 712 1471 840 Er gegen alle drey mit dem Meßer agiert habe
405 776 1420 879 dann er zwar die erstenstreichen dun sana
387 862 1431 974 froid und ohne emotion gegeben, Nachwerts
403 931 1461 1050 aber in eine solche wucht und furor gerahten
388 1000 1468 1106 Maßen er unmüglich den Verlauff lonsten können
401 1085 1447 1208 Er glaube aber daß er sich deß hamers bedie.
382 1175 1421 1281 net, so lang selbiger ganz gewesen und erstn
400 1234 1443 1355 nachwerts das meßer gebraucht, deßen spitt
411 1315 1401 1429 einer persohn, wnße aber nicht welcheren im
395 1394 1423 1500 halß geblieben. Als er zu diesem hauß
527 1457 653 1522 war.
669 1459 789 1513 Er
397 1474 1460 1594 hinauß begaben sich graden wegs durch das so
395 1540 1440 1656 genannte zwibelen oder Nägelins, Gäßlin
382 1624 1439 1739 (alloo er das meßer von sich geworffen nacher
385 1702 1420 1809 hauß durch die vordere porten hinein in sein
395 1773 1417 1884 gemach hinauff, Allda zoge Er einen andere
385 1848 1441 1962 sock an, weilen der angehabte mit gluttbei
374 1923 1458 2046 sndlet ware, nahme ein hembd, it paar strumgn
387 2009 1423 2113 etwas gelts und die 44 guldene sack-uhren
375 2071 1426 2197 zu sich, begabe sich durch die schutte himmter bey
373 2164 1466 2269 dem so genannten Kuttel-zuhen und deß Caume
379 2232 1455 2334 fegers Gartlin nach der aaren, wollte daru
388 2312 1462 2419 ber sezen, allein befande das waßer zu tieff und
370 2413 1415 2497 gieng zuruck widrumb nach seinem gemach
373 2455 1450 2582 kleidete sich abermahl anderst von fuß auff und
379 2542 1456 2662 versteckte sich bestimglichst selbige nacht über
385 2615 1462 2737 in dem spittahl, Hooff und denen Scheüren herumb
381 2700 1440 2825 biß deß morgens hernach vor tag er sich in deß
387 2769 1426 2896 Bauls herren karrers Lodamens verfüegt und
398 2857 1465 2982 biß am abend, da er behändiget worden, darinnen
369 2906 779 3011 sich auffgehalten.
373 2978 1448 3110 . ob er in der tochter zeihender hauß bey dieser
390 3069 1452 3189 occarion nichts entwendt oder die schäft großen
393 3120 609 3219 gnet habe.
364 3194 1453 3337 R: Nem Er hätte darzu keine Zeit gehabt, habe
385 3262 788 3382 gar nichts berichet.
1149 3385 1365 3510 E. Ob Er
2601 469 2691 549 207
1569 509 2723 660 I. ob er die marits-zeit nicht cxpresse zu dieser tagt
1599 603 2712 744 außgesonnen, damit der verdacht etwan auff fromde
1607 684 1895 805 gesezt werde.
1593 735 2704 881 1. Nem, Er hätte es vorgenommen, wann es schon
1614 835 2209 946 nicht marite zeit gewesen
1579 892 2686 1051 I. mann habe 4 guldene uhren auff ihme ge-
1596 1003 2538 1130 funden, woher er solche bekommen habe.
1576 1126 2677 1227 E. er habe solche seinem ehermahligen großen
1597 1168 2725 1295 guthäter minlohe landtvogt von Buren von Mar
1599 1250 2689 1366 see undanckbahrer weise entwendt, er habe
1603 1342 2748 1425 diß hauß offtprequentiert und diese uhren ande
1609 1407 2731 1489 dem Spiegelhangend, gesehen, deßentwegen er
1604 1479 2754 1577 tentiert an einem abend als die ganze familie
1606 1556 2703 1670 ob dem Nacht Eßen begriffen hinein geschlichen
1615 1640 2208 1751 und selbige weggenommen
1581 1710 2725 1845 I: diese Vernebte Mord taht seye so frech, In deme
1593 1804 2690 1929 solche so frühe an der zeit, da viele persohnen
1602 1883 2706 2005 annoch auff der Gaßen, im Mitten in der Statt,
1599 1949 2714 2080 allso daß mann anderst nicht schließen könne,
1595 2037 2736 2161 als daß solches nicht das erste von dergleichen
1611 2114 2722 2236 und anderen mißenthaten seye. Ob er nicht
1619 2179 2754 2309 etwann directe oder indirecte es seye ianderen
1605 2266 2762 2411 diebstahlen betriegerenen, mit brieffschafften oder
1602 2329 2769 2493 sonsten mit nachstellungen gegen eiichen persohnen
1592 2411 2430 2530 sich in mehrerem versundiget habe
1580 2475 2694 2634 g Nein, er habe nichts weiters verbracht, Es
1587 2588 2764 2724 seye leyder allzu viel an die sem, was er bekennt,
1613 2655 2701 2796 Er bätte gott umb gnad und Vergebung, und
1598 2717 2740 2883 ergebe sich der barmhertzigkeit seiner hochen ober-
1603 2796 1728 2865 Weit.
1570 2850 2717 3026 letztlichen die kammen von dem feder- meßerlin mit
1594 2958 2743 3101 Welchem Er sich an seinem leib in erster Nacht seines
1623 3041 2700 3177 verhaffts drey Wunden verursachet, betreffend,
1587 3108 2752 3232 hat er selbige nach seiner ruck kunfft von der aar
1612 3160 2751 3316 von dem heffen abgetrahet und in der vestefueteri
1612 3242 2715 3383 Versteckt gehabt, in dem vor saz allen fahls seinem
1604 3316 2422 3450 zeitlichen leiden ein end zumachen.
2431 3409 2744 3528 Den 10tembris
