4032 3024
387 525 1455 710 Groß weibel Freudenrychs geben kan, weilen
377 649 1422 778 Ich zu denen beyden tochter zechender nit beruffen
392 716 1444 855 worden, kan Ich nichts melden. Verbleibe in tieffsten
371 828 572 936 Respect.
837 937 1321 1040 gnädige herren
345 918 777 1075 Rochgpachte et.
836 1078 1369 1202 ihro underthänigster
870 1155 1047 1254 Burger
980 1204 1465 1301 Joh Wyß Statt Phyici
977 1273 1447 1359 pro tempore ordinarus
329 1398 1424 1553 Hochglachte etc. Gnädige Herren
320 1606 1423 1734 Auff euwer gn durch muchhli Großweibel
376 1714 1439 1824 Den 4. juius erteillten befehl habends endts
366 1795 1447 1912 underzeichnete sich nach mittag zu der verbundten
351 1867 1424 1980 Jung fr Caton Zeihender begeben umb bey da¬
362 1947 1435 2057 mahliger verbindung ihrer wunden und cong
358 2027 1435 2143 studionen genaulo zu edeplorieren und haben
370 2104 608 2196 befunden.
360 2161 1435 2295 j rechter seiten deß haubts oben auff dem osse
363 2256 1446 2359 frontio oder stirn bein etwann anderthalb zoll
382 2325 1464 2445 von der sutura Sagittali eine zoll, lange Wunden
382 2405 1416 2521 die sich biß nahe an die Sucturam coronalem
372 2489 1466 2580 erstrecket und biß auff das cranium prenetriret
373 2552 1436 2675 Diese ist vermuchtlich durch einen hammer-schlag
376 2639 812 2735 verursachet worden
361 2710 1437 2822 2 zwey kleinere wunden hinder dem rechten ohr
385 2778 1438 2890 auff dem procesore Mamillari einen zoll von ein
368 2849 837 2950 anderen entfehrnet.
367 2932 1450 3047 3. Eine große contusion hinten auff dem osse oui-
369 3014 1284 3122 pitio gegen der Sutura Lamdocda zu
370 3084 1439 3201 4. Denne linkerseits eine nahmhaffte und drey
394 3151 1471 3275 pfichte wunden an dem außeren augenwinkel
376 3210 1438 3342 auff dem ohoe Jugali gegen dem schlaaffe beim
367 3280 1466 3405 zu, so vernuchtlich durch den verkehrten und gespalten
377 3352 1029 3484 inen teill deßhammers geschehen
1117 3422 1438 3552 5 eine stich
2581 477 2671 545 213
1604 523 2635 679 s seine stich wunden auff der linken seiten deß
1613 622 2661 744 halses ohngefehr in der mitte ein wenig hinder der
1624 696 2666 797 arteria Carotide oder großen Pulß-ader, Wie
1624 755 2666 882 tieffselbige seye, ist dißmahlen nit mehr die zeit geg
1633 828 2688 945 wesen zu sondieren, Dabey ist der obere teill
1624 894 2655 1026 der brüst, der hals und das angesicht hin und
1615 968 2694 1085 wider mit vielem blutt underloßen und sehr auf
1619 1040 2671 1202 geschwollen, sonderlich das angesicht, daß dar
1623 1129 2693 1249 durch die augen bey nache völlig zugeschloßen
1629 1228 1740 1317 ut
1606 1306 2707 1430 6. Ime kleine schnitt wunden am linken vorde-
1616 1387 2716 1530 eren arm inwendig, so von keiner wichtigkeit
1632 1483 2155 1618 und fast zugeheilet ist.
1616 1572 2721 1705 Übrigens klaget die verwundte dißmahl neben
1634 1678 2727 1774 dem schmerzen in den wunden den ängstigung
1602 1733 2688 1873 hitzen, forchterlichen traumen, so das wund
1618 1817 2674 1929 fieber und der schrecken verursachen, über
1612 1888 2724 2008 große tuhmheit und schwahre in dem haubt ei
1613 1974 2672 2080 pfindet bey Jeglicher bewegung in den
1606 2044 2682 2163 leibs annoch starten Schlandel, das
1614 2113 2707 2237 klingen der ohren hat sie seit montags morgen
1807 2180 1972 2236 verlahren.
1615 2226 2695 2313 igens verlähren, wie auch das s h blutt
1624 2270 2698 2390 erbrechen seit gleicher zeit , das bluttespeyen
1633 2344 2720 2456 aber hat sie annoch dann und wann gehabt
1604 2420 2723 2541 sie klaget auch über innerliche geschlulst und
1618 2493 2664 2625 versehrung im hals und über den durch das
1613 2563 2401 2669 schluken verursacheten schmerzen
1618 2643 2711 2786 Aus obvernamseten vielfaltigen verwundungen
1634 2746 2686 2852 und contusionen, von welchen mann biß hieher
1630 2798 2717 2908 noch nicht eygentlich in erfahrung bringen können
1631 2896 2710 2975 ob oder in wie weit das Cranium verlezet, oder
1637 2955 2686 3058 ob solches einiche splitter geworffen, wordurch
1637 3015 2677 3136 verschiedene gefäße oder hirn haut könnten
1618 3083 2710 3197 zerrißen seyn(welches auch von dem contrecaes
1613 3146 2694 3271 hatte können widerfahren. Wie auch bey annoch
1629 3227 2661 3326 anhaltenden obvermellten Semptomatibus
1606 3293 2702 3408 ist liecht zu erachten, daß ohngeacht anscheinender
2412 3380 2629 3485 hoffnung
