4032 3024
442 446 1516 582 sie habe selbst nach dem sättag in herren wyt
454 529 1498 645 tenbachs apothec bey dem zeit gloggen
449 601 1499 715 thurn umb 4 bzg gifft für die mauß wel
460 671 1511 808 ihes laeißware geforderet und empfangen
451 756 1490 863 zu Erst habe sie den zinker, hernach das
457 834 1439 935 in einem papyr gehabte dif, dasie
456 883 1457 1012 Risin und magd in der kuchi gewesen
466 971 1484 1077 und glaubt haben, es seye zinker in das
462 1043 1517 1149 weinwarm gethan, dennoch nicht vorhabens
455 1097 1483 1215 die kind zuvorgiffen, maßen sie del
457 1192 1449 1295 das gifft langstens gerüstet gehabt
450 1247 1464 1361 selbsten einzunemen, habe abergedacht
466 1333 1496 1449 die kind jedes ein paarloffel voll mit
448 1399 1480 1518 Eßen zumachen, welches sie mur einloring
445 1489 1478 1591 erbrochen machen werden, sie wolle alß
454 1527 1460 1658 dann den satz eßen, auf daß sie dar
446 1611 1448 1718 durch die oberkeit befriegen könne und
454 1679 1471 1803 Es scheine, wann sie sterbe, daß sie von
457 1753 1445 1882 anderen vergiftet worden, damit sie
460 1826 1420 1955 ihren verlanten nicht schand anthüe.
454 1912 1496 2058 Als mehrl examinatoren gesehen, daß
455 2025 1502 2136 Die del erzehlter maßen nicht die rechte
458 2081 1444 2194 wahrheit bekennet, hat man sie zum
446 2164 1390 2269 driten mahl auszihen laßen wollen,
433 2227 1492 2341 Worauff sie ohne daß es geschehen, bey
433 2295 1477 2407 der Marter und hernach in der laami-
443 2357 1497 2493 nation stuben folgende bekanntnas gethan
435 2443 1435 2581 Sie habe deß Risen kind auß vorsatz
451 2538 1472 2646 vergifftet und in vorbemelter apother
449 2623 1467 2736 umb 44 bg d ifftkaufft, dises seye aus
445 2692 1478 2795 Melancholie wegen ihres herren sel todge
437 2754 1480 2865 schehen, habe gedacht, wann sie del
447 2827 1397 2924 nicht von dem weinwarin sterben, so
458 2892 1465 3008 nemme man ihra wegen der kinderen tod
454 2956 1471 3083 das lben, habe aber das vergifften
436 3041 1467 3149 sonst niemahls practicirt. Wolle nun
447 3098 1468 3212 auf diser bekanntnus leben und sterben,
447 3189 1453 3297 und gottwaüße, daß sie dise unthat
450 3258 1439 3373 nicht auß rachgrerigkeit, sonder auß
449 3336 1440 3447 melancholis gethan, auch daß sie mehr
1272 3420 1456 3500 ihren etc.
1657 1130 1746 1231 6
2805 304 2888 370 53
1756 366 2817 555 ihren als der kinderen tod gesucht habe.
1777 450 2842 606 halle gott und eine hihe oberkeit umb
1774 533 2827 701 verzichung und umb eine gnädige und
1773 658 2166 760 Milte artheil
1756 723 2887 881 Es wurde hernach herr Wyttenbach befragt,
1779 809 2859 947 welcher sagte, daß er seith einem jahr nit
1764 882 2882 992 umb 4 bzg dift verkauft, dann umb 4 bz
1752 955 2625 1106 1 lb an gelacht außgeehe.
1762 1096 2851 1237 In dem 6t eocamine de 10. jant 1731.
1765 1189 2880 1306 brafft aufgetragenen befelchs vom 5ten
1753 1283 2888 1398 dito die del Grätz an der lahren marter
1769 1350 2803 1457 und wo nöchtig mit dem 25 ta d stein
1753 1421 2877 1532 zu examiniren, hat sie nachstehende be
1758 1505 2155 1613 kantens gethan
1959 1589 2490 1715 In der stuben.
1755 1693 2875 1816 hatte sie erst gemelte so wohl freywillige
1756 1772 2878 1884 als vor an und nach der Marter dab
1746 1848 2849 1947 19. dcbris letsthin gethane bekanntnus
1759 1933 2874 2042 retractirt, vorgebend außforht vor den
1740 2002 2519 2110 Schmerzen bekennt zu haben.
1739 2089 2852 2202 hernach byahrte sie, daß als sie berets
1754 2150 2885 2294 in der gefangenschafft ware, sie gehört habe
1749 2230 2868 2348 daß die einten diß die anderen das über
1749 2307 2777 2430 sie reden, derowegen sie sich zusterben
1745 2377 2832 2534 resolvirt und sagte, daß sie etwelchen
1744 2443 2819 2594 Mordthaten begangen habe. h An
1718 2511 2885 2680 ihrer muter, so an ihrer gebührt gestorben
1740 2593 2858 2748 2. Habe sie auß boßheit ihre großmuter
1732 2670 2812 2827 erzohret, darvon sie krank worden und
1724 2740 2851 2894 gestorben. 3. Seye ihre tanten, als sie
1743 2794 2833 2966 del von Zofingen franck heim kommen,
1743 2885 2818 3051 auß betrüebnus gestorben. zu seye
1739 2949 2850 3141 ihr kind, weilen sie es nicht sangen konnen,
1723 3023 2790 3180 gestorben. 3 habe en mann droben
1730 3098 2828 3275 zu Grientz das hizige fieber gehabt
1732 3164 2829 3353 seye in einem großen schweiß gelegen,
1737 3230 2849 3429 darüber sie seiner fr gesagt, sie solle
1727 3308 2799 3499 ihme hembd enderen, die ihme dann ein
2539 3454 2852 3566 gefroren etc.
