4032 3024
397 529 1458 723 Seiner wege aber in dem willen und e.
417 629 1435 799 esehen, selbiges zu Töden und umbzu
428 713 1456 861 bringen, sondern lediglich ihns dardurh
410 818 1447 955 dahin zu vermogen, damit es die rahr
414 890 1427 1031 gheit sage und anzeige, daß es von
405 965 1445 1104 einem anderen schwanger sich befinde
400 1071 1412 1194 Es seye aber wider seinen willen und
396 1136 1432 1261 vermuchten daraus der todt erfolget
392 1242 1450 1358 ohne daß sie sich im geringsten gewehret
387 1312 1422 1447 und gezappelt, dann er keines wegs
381 1389 1453 1537 in solchem bösen vorhaben von haußge-
353 1479 1444 1624 gangen, noch mit der hand einen solchen
361 1583 944 1711 Angriff gethan habe,
1186 1595 1426 1705 dahero Er
369 1652 1418 1788 über diesen unerwarteten todtfahl
361 1755 1441 1879 dermaßen in einen solchen klupff jamner
354 1842 1348 1962 und schreken gerahten und in dem
334 1936 1403 2069 umbstand annoch dem mentschen seine
324 2025 1424 2168 Haar schup zweymahl umb den halß
327 2113 1459 2253 gewicklet und verkumpfft habe, auch nicht
327 2210 1245 2343 wüßend, in was zweik und endi
332 2283 1465 2428 Er bätte aber Gott und eine hoche obrig¬
340 2377 1468 2528 keit umb gnad und barmherzige ver
346 2480 1382 2630 gebung seiner schwahren mißetaht.
321 2589 1016 2725 Actum iu Supra.
517 2842 1303 3016 Nelatio Eledica.
333 3049 1475 3244 Hochgeachte et. Gnädige Herret.
295 3197 1482 3377 Nachdamme Maria Kranger in der
349 3288 1498 3484 bey Riggisperg den 13tn Octobris neben einem
1248 3439 1417 3539 jann
2659 269 2779 375 22f
1574 384 2773 667 Jann nider einem kießbäumlin tode gegen
1585 488 2789 761 funden worden, sint wie endts underschrie,
1593 577 2679 835 bene aus befelch meines hochgeachten
1580 650 2783 931 Herren leütsch sekelmeister Shirendenrychs
1591 769 2798 984 zu deßen viditation den 46. jujus beorden
1582 863 2520 1089 iret worden und haben befunden
1687 987 2785 1151 N. Daß die haar-schnür zwey mahl umb
1602 1048 2802 1249 den halß zugezogen, dardurch die krosflichte
1579 1149 2730 1341 Ring der kufft röhren eingetruckt und die
1586 1235 2768 1418 außere haut versehrt und rings herumb
1589 1325 2786 1520 dieselbe als auch die darunder liegende mut¬
1599 1423 2676 1596 neuli mit blut underloffen gewesen.
1680 1566 2804 1708 2. Die rechte drust biß gegen den unter-
1605 1666 2752 1798 leib als auch hinten am kreütz biß gegen
1594 1760 2812 1888 die rechte hufft hat sich underloffenes geblüet
1600 1834 2759 1978 erzeigt, sonsten ist an dem ganzen leib
1599 1927 2668 2068 keine verlezung gefunden worden.
1667 2057 2827 2221 3. Ware sie in die drey monat schwanger,
1605 2138 2790 2288 und befanden sich zwey kinder-mannlichen
1606 2211 1865 2339 geschlechts.
1584 2339 2768 2505 Ans obigen ist zu Schließen, daß durch die
1596 2400 2793 2597 mit der haar-Schur geschehene Strangula.
1596 2480 2234 2621 ition der todt erfolget.
1609 2561 2804 2770 Diß ist allso der bericht, so in aller under-
1578 2649 2828 2881 thänigkeit und tieffstein gehorsamb Eüwer
1585 2750 2834 2977 hochen Gnaden abzustatten haben. Datum
1595 2836 2369 2991 Bemn den 17 octembris 1737
1909 2959 2670 3172 Euwer hochen gnaden
2064 3165 2817 3329 Anderthänig gehorsamste
2063 3217 2717 3392 Burger W�ß ehl B.
1988 3302 2800 3497 Joh Frantz aorag Thipurg.
