4032 3024
838 -1 1868 180 Elbas ßer gezung nicht verstanden, obschenn
851 135 1870 250 er nicht mehr als noch bis a 4 oder5
828 194 1860 350 schridt von ihnen enthernt ware, darauf
814 272 1884 432 hin der rod mit bloßer hand den schneider
809 368 1867 516 vor bey dem halb angegryten, der schnider
815 453 1873 614 sich auch wehrete und einander an den fel
835 533 1866 674 laden in der lauben gelirchet von dar stoßehe
811 619 1863 768 sie einander beiters auf daselbstigen Bank
832 697 1851 828 so daß der rot Rüflings mit dem koct
830 789 1845 936 auf dem Bankunder dem Schneider sich
824 874 1863 1016 befandt, Einsmahls angeubliklich kame
826 957 1855 1105 der rot Biderum Eupor und filltede
826 1031 1856 1183 schneider auf den ebenen boden y der lauben
829 1109 1872 1260 auf die bloßen blatten kinder sich, so daß von
821 1198 1874 1349 dem falles stack klepffe, dar von der schnei
823 1267 1876 1444 der so gleich ganz fraun im angesicht worden
832 1341 1849 1510 der rot haben so weider gezeng gesehen, weiters
820 1421 1864 1583 keinen streich geben. Die hut seyen von dem
804 1493 1867 1648 Schbung und fall beyderseits auf die gaßen
824 1573 1857 1727 hinaußgesprungen. Als der rot bider aufge
821 1656 1844 1784 standen, saht er noch einweiig zu, halte da
816 1708 1872 1847 rauf seinen hut und bolte fortgehen, da sagte
812 1799 1839 1933 ergezeng zu ihme, er solle nicht fordgehen
804 1876 1845 2004 sonder zu dem menschen sorgtragen indeme
816 1919 1830 2081 er an diesem shall schuldig seye, beschulete
819 1982 1808 2160 ihne über sein verfahren und faßer ihnen
824 2074 1831 2220 darauf der rot verdrutet, er solle ihne nit
821 2136 1846 2290 halten, er besitze heür und kirchtsagte Bald
820 2191 1841 2352 hernach beiters erwolle den scharer holern
827 2267 1860 2440 giengt also die statthinaus, tr und sein Came
838 2313 1853 2517 ad aber begaben sich nach der haubtwacht, dan
839 2384 1863 2583 albereit gar viel volks zugrgen waro heüßen
837 2459 1838 2649 also nicht, was weiters daselbsten vorgegange
822 2518 970 2637 eye.
2229 -3 2912 175 Aclans Maurer
2063 125 3185 278 von Trinstein gebürtig nun auf dem Muri
2059 222 3179 375 feld in Herren einannel Stuelers matten
2076 306 3105 458 wohnhafft von etlan 40 jahren alters
2052 432 3177 615 zt�gete er und dinceno althau� seyen mit
2059 545 3171 694 ihren gelehren von dem underen vorher
2054 647 3182 779 auf der ga�en gegangen, als sie unden hag des
2039 728 3169 853 seeren franz Ludbig Stuelers haußbaren.
2034 800 3155 946 horden und sahn sie, da� in der lauben der
2036 883 3194 1028 Müller rotssoergar wohl keine miteinem
2032 977 3194 1100 anderen dem verstorbenen (der ihme gezengen
2038 1048 3186 1171 nit bekant in händel und streit gerathen.
2046 1117 3189 1249 und der riod zu dem anderen sagte du biß eir
2031 1187 3193 1319 schuldig, duspizbub, er gegeng und sein samen
2042 1266 3185 1396 uad achtaten diesers wort streits nicht wiede
2031 1346 3193 1484 sondrrn giengen nach ein being ihres begs weiters
2045 1411 3167 1548 fort, gleich darauf hörten sie, daß sie hand gen
2038 1489 3161 1628 mein worden, begaben sich deß wegen wider ein
2041 1575 3148 1700 beng gneit und sahe ergegeng, daß der
2029 1630 3164 1760 Schneider den rot Rüklings mit dem kopf
2040 1697 3167 1842 auf dem bank under sich gehabt: der rot
2034 1789 3168 1908 aber schlounge sich gohlings liderum empor
2040 1855 3185 1999 und hatte den schneider alsobald auf den ruken
2019 1920 3170 2067 gwar in der lauben auf den ebenen boden under
2019 1994 3171 2123 sich gefelt, so daß der kopf auf dem bodten hart
2014 2065 3182 2198 geklepfft, der Müller rot lagt auf dem Schneid
2041 2141 3170 2256 der und sagte da bistu jecund, sihe ich bil
2037 2211 3149 2344 die nur keinen klapf geben. Er habe in der
2031 2280 3173 2427 that nit gesehen, daß er weiters einichen streig
2032 2363 3171 2484 gethan, daraufh in der rat seinen hut, welches
2029 2418 3154 2564 samt des schneiders gut auf von obgedachter
2033 2495 3119 2614 herdnfahl auf die gaßen hinaußgefallen
2032 2555 3140 2683 holete, Worüber der althauß ihnet sagte die
2037 2641 3133 2753 fast gefehlt, du hättest nicht also sollen mache
2047 2717 3152 2813 ban die etwas zuforderen gehabt hast, so hättest
2041 2766 3134 2894 die es sollen vor dem richter thun? foßte ihne
2870 2866 3082 2984 daraūfs
