4032 3024
330 328 1526 542 Sie habe alle Zeit zweifel gehabt, daß
454 431 1516 598 er in ihrem eigenen Hauß by dem
444 493 1483 658 aufgegangenen femar im Schapf
430 564 1518 725 etwas bygetragen habe; In deme
436 645 1514 830 er selbigen abends ein ganzes büschel
440 713 1501 904 schwefelhölzl aus der Stubengenommen
435 793 1477 947 und in busen oder hab gestoßen.
438 864 1486 1031 auch da Sie ihme gesagt, er sollen
432 946 1474 1103 ihre die schwefelhölzl nicht alle
436 1055 1486 1191 samt enttragen, damit, dann etwas
418 1137 1489 1297 bÿ nacht Wegenihres alten Vatters
423 1221 1478 1385 oder wegen gesagten Kraulenen Menschen
432 1300 1487 1441 Vorfielle, Sie ein liecht machen könten
372 1384 1466 1508 daraūf er geantwortet, an dem
415 1461 1479 1605 ort, wo dieser gewesen, seyen noch
436 1546 1473 1678 mehrere; habe also er mit diesem
421 1624 1337 1762 bescheid sich hinauß begeben,
426 1700 1411 1828 Otem habe der Knecht, wie gedacht,
406 1759 1465 1915 Das feür in dem schopf am morgen
413 1850 1421 1974 der erste gewahret, sie auße nicht
417 1929 1095 2042 auß welchem anlaß:
1095 1931 1437 2063 Im Abrigen
426 2001 1439 2142 alß Sie beyde zu Arbenn gefangen
414 2097 1454 2215 habind sie mit einanderen reden komen,
410 2167 1420 2299 dadan der Knecht ihre Verdentet
412 2245 1416 2389 und angedröhwt habe; daß wenn
430 2323 1416 2461 sie Ihne in diese Sach Ziechen vnd be¬
425 2410 1423 2550 klagen wede, er auf Sie laoßgehen
417 2488 1415 2633 und ihre alles leids anthūn wolle.
408 2574 1409 2685 das er immer konne: Sie vnßer
412 2654 1424 2788 aber nicht zusagen und habe er sich
412 2749 1398 2864 nicht erlanteret, ob er sich wegen
406 2806 1414 2939 enklag der feutsbrunst, oder
421 2888 1421 3027 aber wegen beförchtender anklag
400 2965 1468 3098 geübter unzüchtiger leibsgemeinschafft
409 3049 1436 3172 in diese dröhlo-wort außgelaßen habe.
396 3123 1449 3253 Übrigens könne sie ihne nicht anklagen,
377 3195 1406 3329 daß er sie zu veruhrsachung solches
398 3281 1429 3394 feubes beunst aufgewiesen, noch
360 3338 1396 3471 daß Sie ihne habe gesehen einiches
1127 3377 1432 3535 bgnebens
383 3433 861 3551 feūor einbegen.
2793 172 2892 266 91.
1701 233 2879 528 bynchens so habe dieser Kerl zu Arberg
1696 309 2886 610 gekennen müßen, daß er wünschte, daß
1678 425 2880 655 semobanzogenes Rensh in dem geuor¬
1690 492 2856 730 geblieben ware; Sie wolle ge¬
1675 573 2785 795 dennoch nicht darauf beharren
1683 644 2854 865 daß er etwas in dieser feulrsbrunst
1703 757 2846 991 zgetragen habe, sie wolle lieber
1688 853 2803 1069 alle schuld auf sich behalten und
1686 921 2793 1127 alles ertragen, alß aber ihne
1687 1008 2860 1214 in solcher ungewußheit beschuldigen,
1681 1116 2809 1312 Siesagte im Übrigen, daß dieser
1680 1205 2867 1415 ihre große Verbrechen ihne woll
1674 1272 2792 1470 von henzen leid seyen, und sie
1669 1407 2806 1564 darfür den gnädigen ott, und
1673 1492 2831 1660 sin hoche oberkeit umb gnad und
1642 1593 2821 1744 verzeichung und umb eine gnädigs
1677 1681 2845 1834 urtheil henzlich anflehen thüge.
1669 1791 2833 1933 daß sie auch solche große übelthat
1667 1876 2860 2019 langetohnmöglich hatte hinterhalten
1678 1957 2764 2097 können, sonderen auß teib dese
1669 2060 2756 2181 Nlagenden gewüßens habe be¬
1665 2126 2778 2275 kennen und offenbahren müßen
1661 2216 2827 2397 Inmaßen sie sichero keine Ruht haben
1665 2319 2699 2487 und weder andächtig beten nach
1677 2376 2066 2500 lesen könte.
1607 2453 2761 2679 Was vnd wie viel sie dem Knecht
1665 2562 2062 2682 gegeben habe.
1676 2649 2723 2857 Sie habe ihme 6 trentesolo in gelt
1673 2720 2834 2932 und das werth von einem trentesols
1670 2797 2819 3018 in zwilchen gegeben. Acte 6. martii 1731.
