4032 3024
430 559 1475 700 3. Diese ihre bekommene schwangerschafft nun hab
437 625 1477 757 Sazwar beyzeiten etwann 8 tag vor ostere wegen
438 702 1452 825 Zurnck bleibung dik ihrer Monatlichen Zeiten
447 764 1440 880 gewahret, dennoch aber weder dazumahlen noc
449 823 1421 952 auch seitheroeder obgedachtem kerben
458 904 1459 1025 noch sonsten jemandem anders niemahls ange-
450 956 1462 1074 zeigt und geoffenbahret, jaselbige ihrem lezt
447 1025 1440 1144 mahligen seit osteren gehabten dienstmeyster
435 1105 1440 1220 zu Seedorff genannt Studen Abraham, der sie
430 1173 1468 1289 under zweyen mahlen nammlich etwan drey wuchen
431 1239 1451 1358 und dann auch am sontag vor der genißt da-
431 1321 1483 1417 rüber zu red gestoßen beyde
439 1378 1447 1492 mahlhart vernemet und verhalten in der
442 1436 1470 1556 unbedachten meinung solches werde zu seiner zeit
422 1521 1054 1628 schon an tag gelangen kantn.
421 1610 1465 1724 An dem freitag, da sie am abend kinds nnder
430 1698 1473 1800 kommen, seye sie beholffen gewesen in ihres myster
424 1764 1463 1860 hauß die stuben und fenster zu Waschen, abends
417 1830 1447 1950 gegen jung uhrer, kame sie ein harter frost
425 1892 1464 2010 und eine so heftige schwachheit an, er daß sie der
417 1978 1422 2058 Meisterin Vorschrifft rev denen Schweinen zu
431 2039 1450 2151 kochen nicht außrichten mögen, sonderen bei
436 2101 1454 2226 müßiget gewesen in ihrem der delinquentis
412 2179 1417 2295 Schlaaff, gemach sich auff das bett zu Legen,
427 2256 1437 2366 dennoch nicht vermuchtend, daß solches etwam
415 2318 1470 2426 kindtswehe seyen möchten etc. Mitlerweil kame
415 2394 1427 2496 die Meysterin in selbige stuben zu ihra mit
406 2475 1452 2561 harten wortensprechende, Warumb sie mit
421 2540 1436 2628 ihren von obigem waschen benezten Kleideren
424 2608 1429 2714 das bett verlueste. Sie solle herunter und
401 2691 1459 2775 ihrer arbeit nachgehen. Darauff sie dersel
427 2751 1468 2863 eben wehrklagend geantwortet, sie seye von
433 2822 1462 2941 einem starken frost zur arbeit allzuschwage.
400 2913 1444 3008 Jedennoch seye sie von dem bett herunter aus
412 2965 1450 3080 selbiger Stuben auff eine lauben hinauff ge¬
433 3051 1466 3163 gangen und nach demme sie daselbsten etwan
426 3107 1453 3212 eie halbe viertel stund lang auff dem bloßen
411 3167 1464 3297 Boden gelegen seye das Kindt (so weiblichen ge¬
405 3247 1429 3362 gschlechts ware) ohne sondere große schmerzen
420 3308 1407 3413 von ihro außgegangen und zur selt kommen.
1184 3440 1366 3528 5 So
2576 486 2664 547 188
1613 505 2687 671 g. So ward sie auch bekanntlich, daß als sie annogh
1627 609 2669 722 in gleicher Pöstur gelegen und das Kindtlin
1627 686 2681 790 under der kleidung oder jupen liegend hatte, der
1631 745 2652 853 Diensts meyster auch auff die lauben kommen seye
1631 810 2697 938 zu shrasagend, was sie da mache. Sie solle auff
1624 883 2694 992 stehen und herunter gehen, Darauf sie in voller
1624 952 2688 1081 angst ihres annoch under der juxen verdekt ge
1633 1016 2685 1139 legens kindtlin mit der kinden handt bey dem
1619 1082 2696 1198 Hälßlin erwitscht und ergriffen selbiges getrukt,
1618 1163 2665 1278 gelüeget und auff solche weise umb das lebe
1618 1229 2706 1355 gebracht. Nach welchem sie vom boden auffgestan
1621 1289 2713 1409 den das kindtlin allso verdeckt und verborgen
1627 1358 2707 1486 under der kleidung getragen und neben dem
1612 1439 2704 1574 meyster vorbey gangen, auff der stegen aber im
1620 1515 2693 1636 schwachheit gerahten zu boden gesunken und das
1603 1594 2652 1709 kindtbin under sich fallen laßen, so der meyster
1633 1670 2709 1799 dennoch nicht beobachtet Als sie aber sich wie
1617 1740 2641 1851 iderumb in etwas erholt, ergeiffe sie das
1607 1802 2742 1913 kindtbin beym einten seinlin und grenge darmit
1583 1886 2697 2001 so fort in obgemellt ihr schlaaff gemach, allwo
1609 1950 2698 2075 Sie gewahret, daß selbiges todte seye welches
1612 2028 2652 2138 Sie volgends ganz Nackend auff einen neben
1623 2097 2736 2216 dem bett hinder einem anderen gelegenen Laden
1609 2176 2584 2290 hingelegt und sich ins bott begeben habe.
1605 2241 2735 2378 Von dem kindt habe sie einiche stam nicht gehört, es
1622 2335 2683 2454 auch nicht beschauwt, sondern als sie wiegedacht
1607 2410 2698 2522 daßelbige under dem gewand bey dem Halslin
1623 2479 2690 2590 ergriffen, habe sie ihres bedunckes gewahret
1639 2541 2710 2660 und verspührt, daß selbiges mit denen Füeßlin
1602 2609 2688 2736 sich geregt und allso Lebendige Zeichen von sich
1612 2691 2731 2818 gegeben, Da eben in selbigem Angenblick
1616 2762 2693 2900 Ihro die Leydigen gedancken eingefallen das
1606 2830 2705 2949 kindt abzuthun, damit die unraht verdeckt und
1624 2908 2189 3008 Verborgen bleiben möge,
2349 2922 2701 3019 dahero Sie, obschon
1547 2985 2657 3085 sie von verschiedenen herzu gekommenen persohnen
1603 3035 2722 3154 darüber zu red gestoßen worden, solche anfang
1621 3109 2716 3217 hart verlaugnet, biß daß sie am Tag hernach die
1609 3163 2688 3285 hergangenheit auff vielfaltiger zusprichen der
1606 3244 2722 3336 Frauw Predicantin bekennet und das Todte Kind
1610 3309 2045 3412 hervorgegeben habe
2181 3321 2715 3423 Welches alles Ihro herz¬
2533 3406 2623 3504 lich
