4032 3024
2008 0 3021 228 ekantnnß und Vergust
1934 167 3018 348 des Niclaus Hofero vonGiglen, sei¬
1935 290 3002 436 nes Alters von etwan 25: Jahrer.
1914 536 2990 699 Nach denio Neclaus Hofer als ein
1913 659 2977 810 berüchtigter pferd dieb durch die vo
1911 741 2970 888 ihr ge beides in dero landen und
1913 825 2986 966 in denen benachbarten duriodictionen
1906 918 2968 1055 vorgekehrte anstalten und auf ihne
1903 993 2988 1132 gebottene humma gelts von 30 thal
1920 1085 2958 1215 endlich zu Haßli amts Burgdorf
1925 1159 2977 1308 ergriffen und zu Folg mrghi befelchs
1918 1244 2972 1389 in allhiesigen oberkeite verhafft
1912 1336 2923 1461 gebracht, darüberhin beides von
1903 1423 2980 1550 meinem hochgeehrten herren rachtsherren
1904 1498 2976 1632 morlot als hierzu verordneeem herre
1913 1581 2957 1709 ecaminatoren und auch jor gn dien
1899 1656 2973 1780 deen muldh bermannen wursen.
1904 1742 2963 1863 berger Großweibel und Johan
1903 1808 2945 1955 Rudolff Eschiseli grichtschreibern
1928 1900 2961 2022 in anloesenheit verschiodener ehren
1881 1962 2943 2135 gliederen das Großen rahtstc. grndlich
1925 2048 2942 2193 und ernstbortig jedoch ohne ange-
1925 2118 2934 2292 brudte Marter zu Weyen undern
1888 2194 2935 2347 bchiedenlichen mahlen als de 28 und
1909 2273 2940 2416 22 marto 1730 cxaminiet worden.
1885 2357 2943 2513 hat derselbige nach beschriebene a
1912 2441 2933 2603 kantnusgertheilt und von sich gegeben.
1870 2511 2236 2638 gund vergicht
