4032 3024
508 485 1516 656 N. Imn überihm so habe vor einiha Stub von
531 588 1513 723 Obbeshriebenn fabruierten duplonen nicht ein
507 663 1501 831 pfangen und behallen, nach sothero und erd seine
515 749 1488 918 Angen bekommen, viel wenger seye ihme be
496 811 1509 956 laut, daß einiche darvon Oebitiert und außge
499 932 840 1045 ggeben worden.
505 1068 1512 1203 N3. Eudtlichen sagte er auch, daß er die wißen
498 1139 1524 1298 gschafft habe, das so genante droceitwnd bulter
499 1210 1516 1372 gemachen und darmit dat s uber zur Diiaum
484 1283 1518 1420 zubringen und gold darauß zuzehen, um all so
502 1359 1465 1490 zu verhöhnen, Daß hundere pro sento drosit
509 1431 1507 1568 gemacht werden könne. Anbey daß er
500 1502 1478 1636 an dieserem bulferg mit seinem älteren sohn
491 1587 1461 1730 Jacob Droben v Underseen gearbeitet habe
474 1660 846 1810 d 8bst.
542 1872 1370 2031 Montags den 15. Jant 1731.
483 1993 1488 2163 Alraushunth den o megs de lahlgangen
464 2094 1520 2264 sillen tag obige verricht abgelesen, s at
465 2185 1463 2340 Großbeibel für den simialen darwort in
477 2269 1521 2441 Wohlgesehzter wer dargethan nachberhisf
432 2359 1485 2541 Hnen wehrl als jung stichherr Nenner, die
471 2479 1512 2626 erste meinung geben worden. Ward darüber
477 2567 1482 2755 vn Muys und g mit großem mehr
496 2662 686 2754 erkendt.
402 2743 1434 2937 zedil an Megs de lacht Aber
479 2855 1463 3047 die vor Meyss Läht und S. abgelesene
476 2948 1420 3122 Bekandtnuß und Vergicht John Jacob¬
445 3024 1504 3222 Schmiedts deß Valders habendt hochgedach
469 3118 1454 3342 dieselbe befunden und erkendt, daß Er
445 3236 1493 3442 Schmidt für sein keblag in sichere gefangenschaftn
2783 444 2847 509 45
1789 512 2843 674 gesezet und darinnen zu einer seinen wüßen-
1754 606 2785 787 schafften geziemenden arbeit angehalten
1768 716 1958 833 et
1766 726 2848 907 werden solle, Wo ehr schmiedt aber ein-
1768 849 2727 1017 geschloßen und verbahrtn auch bar für
1781 979 2821 1144 arbeit ihme vorzuschreiben und zugeben
1750 1092 2831 1269 seyen werde Habendt Megs Lu. .
1748 1210 2808 1396 Ein Meys den lälten zu verordenen
1769 1356 2847 1522 und veranstalten zu laßen anheimbstellen
1757 1475 1922 1641 wollen.
