2448 3264
326 229 1217 501 de tiffs heend l
375 335 1173 513 uuß einer tibtrucken 2 lb genommen.
332 403 1174 581 die sy angend mit einanderen ge
364 452 560 581 thelt.
373 583 1202 780 unß der Muli zu Sychingen ein mäß
377 688 1208 846 wol, so sy mit einanderen gt
368 747 640 836 genoßen.
349 844 1179 982 Item mit hoff erst anzognen herren
373 924 1179 1070 dagens und Mariken habe er uß
375 999 1174 1116 einem faller so sy uffgebrochten ein
363 1051 1129 1187 maß opfell und ein rumpff
366 1124 903 1237 ziger nemmen helffen.
352 1217 1179 1353 zu Wihtrach habe er eben angedenter
372 1320 1180 1437 Mari und er 2 gamen genomen
365 1376 1167 1502 die sy auch miit einanderen genoßen.
338 1451 1189 1587 Doene vff dem fur Zenberg ein Nur
350 1550 1170 1665 parr sich so mari angelegt, ihme
369 1610 1044 1734 aber un be das für geben.
250 1717 1154 1859 Item hab nit er Herdagl, Hoffer
344 1801 1155 1913 und Marix zu Gehorren ob tthun
358 1871 1171 1983 e5 Ellen rystintuch genommen, welches
331 1921 1150 2026 sy dem vorgemeldten Hörber bey den
347 1986 1183 2094 Wyeren zu Ansoltingen umb ds batzen
355 2046 1121 2176 verkaufft und das gelt getheilt.
330 2148 1128 2269 Mit eben anzogner holff habe zu
342 2217 1148 2343 unsfrach und einem bubell mäß
349 2301 825 2405 Salk nemmen helffen.
313 2392 1151 2538 Cerad domahlen uß des weybels
1019 2493 1100 2540 2
337 2472 1014 2615 fießen kaller drey maß wyn
341 2500 1165 2676 leib brott und 2 halben kaß, so mit
356 2607 848 2721 eianderen verbracht.
302 2688 1158 2846 oene zu Allmendingen habe Herdage
335 2746 1174 2916 und er 2 guppen genommen, welche sy uns
348 2868 728 2970 verkauffen.
2210 140 2324 216 21
1341 299 2243 524 undt uß der Muli zu Rychangen ein halb
1357 484 1587 595 nach fal
1340 501 2309 691 Item habe gesagter Heerdagen der voran
1334 561 2210 752 zogne Michels und er zu Biberst bey
1343 624 2230 813 solothrrn uß einer gippen 1 lb ge
1370 794 1522 874 ommen.
1341 799 2269 969 Zū Cappelen habe er einlig vß einem
1355 886 2204 1018 bar ho�en, so in einer stuben gelegen.
1350 963 1641 1072 entarendet
1325 1061 2209 1221 zu Bagwyl mit hoff Michelinß uß
1339 1159 1947 1281 einem guppen sach 10 batt
1322 1272 2280 1386 Eben mit deßen hilff und des vorange-
1386 1361 2301 1477 denten marcken oder mizen zu Mulen
1316 1427 2241 1540 berg uß einem trogli so offen geweßen
1316 1487 2235 1608 habeit sy 6 ellen willen tuch entragen.
1323 1541 2183 1656 Daruff Mücheli ein par hoßen machen laßen
1360 1601 2094 1729 und ihne dargegen 6 batzen gegeben
1362 1702 2309 1846 Vythers habe gesagter Marix Micheli undt
1352 1793 2275 1926 Herdage ihme iue Vegendorff uß einem
1349 1884 2260 1997 geppensatt 3t nemmen helffen, darvon
1336 1928 2084 2053 ihme it bbatten zu theil worden.
1325 2046 2251 2246 Wane habe Herdas vnd Er den fauren
1352 2155 2238 2305 uff dem Gerten bey welichem sy die
1350 2205 2242 2380 nacht zu Herberg geweßen zwo ancken
1337 2237 2152 2434 ballen nemen, und mit seinanderen
1341 2323 1641 2424 eßen helffen.
1331 2428 2132 2616 zu Engli�berg 2 neüwe hembder.
1326 2528 2215 2788 Item ein leybbrett, vnd ein geschir Vollen
1357 2621 1733 2765 silh ss genoßen.
1322 2702 2270 2978 ealleren deh nß
1313 2794 2106 3004 im obergaden gehanget en bazen genommen.
