1170 2977
996 18 1113 78 10
39 45 1059 240 Amar stempffli purtig von Stektlenn,
24 150 1124 320 Nachdem derselbe sich sichon inn seiner zugant dem müßig
22 221 1075 377 lang und bättel ergebenn, Hat er ungfert vor vierthalb
25 269 1071 436 ihren ein garnstrickere und mitfrauw, welche gleichfals
38 311 1076 461 ist iren kinden zum bättel umbher gezogen, geehelichet by
32 359 1097 512 demn er doch nit lenger dann bis inn den nechst daruff
34 424 1078 557 folgenden meyenn verblibenn sy hiemit quittiert unnd
11 463 1086 595 lich an ein andere umbschweiffende wybspersohn, Barbara
36 526 1079 661 änck genampt gehenckt, mit derselbenn gleichfals dem
33 570 1080 707 bittel nachgezogenn, unehrliches kindt daruon da mete
37 633 1116 762 gesterbnnn) by ira erzeüget und dase zu Rätten-
33 682 1081 810 sach für ehelich tauthenn laßenen, welches sein glaßen ehewyb
39 740 1117 845 einem ehrsammen chorgricht alhie clagt, die habint sy hierrüber
25 795 1051 900 dehehalb gescheiden und nne zwo stundt an das halsysein
39 843 1063 944 fellenn und hernach mit dem eydt von jr g statt unnd
30 893 1081 1014 landt verwysenen laßenn, Er ist aber so baldt nit us der
28 962 1046 1054 statt kommen, das er nit ermelte sein dirnen (welche im
41 1004 1074 1096 amrt dem bastardt zu Sinringen gewartet)widerumb
34 1053 1073 1142 zu sich genommen habe und seye mit derselbenn ungeacht
27 1099 1104 1215 synes gethanen eydts, welchenn er hiemit fürsetzlicher wys
40 1158 1087 1266 übersechenn) gleich wie zuuor dem müßig gang und bätel
38 1214 1078 1311 nach. Inn myner g h landtschafft umbherr gezogenn
32 1265 1092 1349 allwo er auch ergriffenn, vnd vff letstuerschinem S. Cho¬
36 1319 1084 1395 mas tag widerumb gfengetlich alhar gefürt, hier
35 1370 1090 1447 rüber zu werd gestoßenn und als er keiner diebstälen nach
27 1430 1080 1497 dergleichenn unthaten bekantlich sein wellenn, morndrigenn
27 1473 1084 1565 tags auch grad der heitige wienacht tag gewesen (deßen er
24 1525 1068 1622 dann genosenn) durch die prouosenn uff die grantzen gegn
23 1591 1068 1642 der statt Fryburg gebiet, gefürt und abermahen mit dem
36 1629 1088 1710 eydt von ir g statt und landtshafft verwisenn worden,
24 1678 1076 1751 Welches alles er so wenig als daß vorgende behertziget, sone
35 1732 1096 1805 ders nachdem er sich vngferdt by den acht tagen lang Im Bey¬
43 1782 1072 1849 burger gebiet uffgehaltenn, hat er sich darrüber angenütz
21 1826 1068 1908 inn myner g h und oberen landt zu der vorgemelt
39 1873 1072 1958 seiner dirnen begebenn, und also seinen eydt zum anderen
36 1916 1076 2000 mah schantlich und mutwilliger wyß übersechen, Als er nun
36 1968 1085 2048 so unnerschambt und ohngescheücht ir ge landtgebrucht, hat
26 1995 1072 2083 Inn der Freyweybel von Münsingenen gfengeklich ange
30 2068 1065 2129 nommen und alhar geschickt, weswegenn dann hochgedacht
29 2108 1105 2180 night und oberenen bevölchenn, das er nochmalenn ernst-wort
37 2154 1072 2219 lich hierumb solle zureed gestoßene und examriniert werden.
25 2209 1093 2280 daß ist volgents auch den 11. martii gegenwertigen 1641 jurs
16 2256 1091 2336 durch die ehrennestenn etc. Herren danidr Müller deß klein
34 2299 1077 2358 ein und Abraham gut dest großen rahts wolermelter
36 2359 1054 2416 statt Bernn beschechenn, er hat aber userth dem das er syn
35 2404 1047 2482 erste ehefrauw schantlich brlaßenn und sich an die obgemelte
36 2455 1051 2527 sin tirnen gehenckt, uehrlicheskindt by derselben er
28 2501 1053 2570 züget, das ernte sonach jeg läbeng zu Rötenbach für
26 2549 1066 2616 ehelich tauffenn laßenn und nun by den dreyenn gantzennn
26 2591 1064 2664 jaren lang, ohngescheücht) znn offner zurey mit ira ge
31 2658 1081 2716 lebt, im landt herumb dem bätel nachgezogen, vilen ehr
30 2691 1053 2766 lichen luten überlagen gsin und hiemit den armen dürfftigen
27 2732 1074 2792 das allmusenn abgestohenn und dann das er zwen geschworne
27 2777 1031 2864 Eyden fürsetzlicher wys übersechen, nützit anders bekennen
32 2835 188 2900 wollenn,
