<?xml version="1.0" encoding="UTF-8" standalone="yes"?>
<PcGts xmlns="http://schema.primaresearch.org/PAGE/gts/pagecontent/2013-07-15" xmlns:xsi="http://www.w3.org/2001/XMLSchema-instance" xsi:schemaLocation="http://schema.primaresearch.org/PAGE/gts/pagecontent/2013-07-15 http://schema.primaresearch.org/PAGE/gts/pagecontent/2013-07-15/pagecontent.xsd">
    <Metadata>
        <Creator>prov=University of Rostock/Institute of Mathematics/CITlab|PLANET AI GmbH/Gundram Leifert/gundram.leifert@planet-ai.de:name=German_Kurrent_XVI-XVIII_M1(htr_id=19584)::::v=2.6.7
prov=University of Rostock/Institute of Mathematics/CITlab|PLANET AI GmbH/Tobias Gruening/tobias.gruening@planet-ai.de:name=de.uros.citlab.module.baseline2polygon.B2PSeamMultiOriented:v=2.6.7
prov=University of Rostock/Institute of Mathematics/CITlab|PLANET AI GmbH/Tobias Gruening/tobias.gruening@planet-ai.de:name=/net_tf/LA73_249_0mod360.pb:de.uros.citlab.segmentation.CITlab_LA_ML:v=2.6.7
Transkribus</Creator>
        <Created>2020-10-05T21:58:23.196+02:00</Created>
        <LastChange>2022-09-09T15:46:04.856+02:00</LastChange>
        <TranskribusMetadata docId="1334821" pageId="52360303" pageNr="72" tsid="114642063" status="IN_PROGRESS" userId="9570" imgUrl="https://files.transkribus.eu/Get?id=JZKPRRWATSIHNDRCASGMVNLA&amp;fileType=view" xmlUrl="https://files.transkribus.eu/Get?id=BRAFIMGRFQBAXBZLDRQPRWPA" imageId="16091809"/>
    </Metadata>
    <Page imageFilename="IMG_9085.jpg" imageWidth="1202" imageHeight="3026">
        <ReadingOrder>
            <OrderedGroup id="ro_1687513768311" caption="Regions reading order">
                <RegionRefIndexed index="0" regionRef="r1"/>
            </OrderedGroup>
        </ReadingOrder>
        <TextRegion orientation="0.0" id="r1" custom="readingOrder {index:0;}">
            <Coords points="25,95 25,2974 1118,2974 1118,95"/>
            <TextLine id="r1l1" custom="readingOrder {index:0;}">
                <Coords points="1017,158 1033,158 1046,147 1059,142 1062,144 1069,139 1079,143 1086,139 1093,140 1097,100 1089,99 1078,88 1073,92 1068,90 1061,96 1049,92 1036,103 1022,103"/>
                <Baseline points="1028,119 1058,124 1088,125"/>
                <TextEquiv>
                    <Unicode>407</Unicode>
                </TextEquiv>
            </TextLine>
            <TextLine id="r1l2" custom="readingOrder {index:1;}">
                <Coords points="22,357 195,283 1090,208 1047,145 12,257"/>
                <Baseline points="25,317 77,305 130,293 183,283 236,273 289,265 342,257 395,250 448,244 501,239 554,234 606,230 659,226 712,222 765,219 818,216 871,213 924,211 977,208 1030,206 1083,203"/>
                <TextEquiv>
                    <Unicode>zu iustificieren, Da er aber ohne verwilligetes sicher</Unicode>
                </TextEquiv>
            </TextLine>
            <TextLine id="r1l3" custom="readingOrder {index:2;}">
                <Coords points="32,379 670,284 1073,289 1080,222 195,283 29,350"/>
                <Baseline points="38,369 92,356 147,345 202,335 256,326 311,317 366,310 420,304 475,298 530,293 584,289 639,284 694,281 748,278 803,275 858,272 912,270 967,267 1022,264 1077,261"/>
                <TextEquiv>
                    <Unicode>bleit zu erschinen sich geweigeret, unangesechen ser ge</Unicode>
                </TextEquiv>
            </TextLine>
            <TextLine id="r1l4" custom="readingOrder {index:3;}">
                <Coords points="32,436 446,351 532,375 1029,321 1089,363 1118,281 905,311 810,275 27,378"/>
                <Baseline points="36,410 89,400 143,391 197,383 251,376 305,369 359,363 413,358 467,353 521,348 575,344 628,341 682,337 736,335 790,331 844,329 898,327 952,325 1006,323 1060,321 1114,320"/>
                <TextEquiv>
                    <Unicode>ihmme vstruenenlichen vermëldet, das ihme widerrecht</Unicode>
                </TextEquiv>
            </TextLine>
            <TextLine id="r1l5" custom="readingOrder {index:4;}">
                <Coords points="22,506 255,430 972,397 1070,373 1068,342 451,353 16,439"/>
                <Baseline points="26,467 77,457 129,449 181,441 233,434 285,427 337,420 388,415 440,410 492,405 544,401 596,396 648,393 700,389 751,386 803,383 855,379 907,377 959,374 1011,371 1063,368"/>
                <TextEquiv>
                    <Unicode>unndt billigkeit nützet widerfahren sölle, im fahl er</Unicode>
                </TextEquiv>
            </TextLine>
            <TextLine id="r1l6" custom="readingOrder {index:5;}">
                <Coords points="30,543 240,486 344,512 1064,449 1088,375 527,446 275,430 26,498"/>
                <Baseline points="35,520 87,511 140,502 192,495 245,489 297,482 350,477 402,472 455,468 507,464 560,461 612,457 665,454 717,450 770,448 822,445 875,441 927,439 980,435 1032,431 1085,427"/>
                <TextEquiv>
                    <Unicode>aber ie nit bedacht sich personlich zustellen, wollindt ir</Unicode>
                </TextEquiv>
            </TextLine>
            <TextLine id="r1l7" custom="readingOrder {index:6;}">
                <Coords points="41,597 169,549 247,587 301,542 375,578 636,522 815,537 884,498 1114,517 1112,450 340,514 297,484 37,540"/>
                <Baseline points="45,568 98,560 151,552 204,546 257,540 310,534 363,530 417,525 470,521 523,517 576,514 629,511 682,508 735,506 789,503 842,501 895,498 948,496 1001,494 1054,492 1108,489"/>
                <TextEquiv>
                    <Unicode>Jnl sein eandtwortung gern schrifftlich anhoren uff wellich</Unicode>
                </TextEquiv>
            </TextLine>
            <TextLine id="r1l8" custom="readingOrder {index:7;}">
                <Coords points="37,642 131,648 201,603 264,636 418,584 528,609 689,559 1067,557 1002,497 962,528 884,498 827,538 636,523 437,566 300,543 255,583 177,547 35,598"/>
                <Baseline points="43,624 93,616 144,608 195,602 246,596 297,590 348,585 398,581 449,577 500,574 551,571 602,568 653,565 704,563 754,561 805,560 856,558 907,557 958,556 1009,554 1060,553"/>
                <TextEquiv>
                    <Unicode>andthin dan, ihme die klagpunten ubersendt worden</Unicode>
                </TextEquiv>
            </TextLine>
            <TextLine id="r1l9" custom="readingOrder {index:8;}">
                <Coords points="36,692 786,617 965,612 1044,651 1088,626 1084,567 726,586 690,558 647,604 363,590 293,631 178,608 33,657"/>
                <Baseline points="41,675 95,668 150,662 205,656 259,651 314,646 369,641 423,637 478,633 533,630 587,627 642,623 697,620 751,618 806,616 861,614 915,612 970,610 1025,608 1080,606"/>
                <TextEquiv>
                    <Unicode>als nun sein weitlüffige apologen darüb er yngelangt.</Unicode>
                </TextEquiv>
            </TextLine>
            <TextLine id="r1l10" custom="readingOrder {index:9;}">
                <Coords points="33,740 379,702 434,731 556,693 652,717 836,676 1065,696 1124,643 983,621 895,659 806,623 529,677 431,639 31,715"/>
                <Baseline points="39,731 95,725 152,719 209,714 266,709 322,705 379,701 436,698 493,695 550,692 606,689 663,686 720,684 777,681 834,679 890,677 947,675 1004,672 1061,669 1118,667"/>
                <TextEquiv>
                    <Unicode>wäre dieselbige vor hochgedacht mehrn räth unndt Bürgen</Unicode>
                </TextEquiv>
            </TextLine>
            <TextLine id="r1l11" custom="readingOrder {index:10;}">
                <Coords points="36,813 236,774 333,792 409,753 552,749 600,785 675,736 869,760 1042,733 1040,697 439,697 33,765"/>
                <Baseline points="41,782 90,778 140,774 190,770 239,766 289,762 339,759 388,755 438,751 488,748 538,745 587,743 637,740 687,737 736,735 786,733 836,730 885,728 935,726 985,725 1035,723"/>
                <TextEquiv>
                    <Unicode>nen uff 17 septemb 1639 von puncten zu puncken</Unicode>
                </TextEquiv>
            </TextLine>
            <TextLine id="r1l12" custom="readingOrder {index:11;}">
                <Coords points="36,867 100,829 287,856 328,820 501,802 649,830 791,792 1039,802 1089,787 1086,728 887,773 674,737 602,783 559,755 34,823"/>
                <Baseline points="42,840 94,833 146,827 198,822 250,817 302,813 354,809 406,807 458,804 510,802 562,801 614,798 666,797 718,795 770,794 822,792 874,790 926,788 978,785 1030,782 1082,778"/>
                <TextEquiv>
                    <Unicode>abgehört, fleißig exammiert, erdüret, erwog unndt</Unicode>
                </TextEquiv>
            </TextLine>
            <TextLine id="r1l13" custom="readingOrder {index:12;}">
                <Coords points="40,910 345,868 420,894 528,855 851,853 936,888 976,853 1063,862 1094,820 920,791 858,825 581,834 501,802 220,860 97,835 38,882"/>
                <Baseline points="46,896 98,889 150,883 202,878 254,873 306,869 358,866 410,863 462,860 514,859 567,856 619,855 671,854 723,853 775,852 827,851 879,850 931,850 983,849 1035,848 1088,846"/>
                <TextEquiv>
                    <Unicode>endtlich darüber erkhendt worden, das unangesechem</Unicode>
                </TextEquiv>
            </TextLine>
            <TextLine id="r1l14" custom="readingOrder {index:13;}">
                <Coords points="51,975 283,925 388,955 473,917 555,953 617,915 675,951 823,910 1104,916 1103,866 982,853 932,888 777,856 559,899 449,861 418,895 216,885 49,932"/>
                <Baseline points="56,948 108,941 160,935 212,930 264,926 316,923 368,919 420,917 472,915 524,913 577,912 629,911 681,909 733,908 785,908 837,906 889,905 941,904 993,903 1045,901 1098,899"/>
                <TextEquiv>
                    <Unicode>seiner vilwortigen versprechung er früschhertz in verwal</Unicode>
                </TextEquiv>
            </TextLine>
            <TextLine id="r1l15" custom="readingOrder {index:14;}">
                <Coords points="44,1025 325,977 478,1007 524,972 614,1006 698,967 740,1006 814,960 1050,992 1059,920 41,959"/>
                <Baseline points="49,995 99,991 149,988 199,985 250,982 300,979 350,977 400,975 451,973 501,971 551,969 601,968 652,966 702,965 752,963 802,961 853,959 903,957 953,954 1003,952 1054,948"/>
                <TextEquiv>
                    <Unicode>ung des seckelambts zu grosem nachtheil ir gele</Unicode>
                </TextEquiv>
            </TextLine>
            <TextLine id="r1l16" custom="readingOrder {index:15;}">
                <Coords points="43,1063 1104,1025 1103,973 814,960 740,1006 348,981 201,1023 131,992 42,1035"/>
                <Baseline points="49,1055 101,1049 153,1043 206,1038 258,1034 311,1031 363,1028 415,1027 468,1025 520,1024 573,1023 625,1023 677,1022 730,1022 782,1021 835,1020 887,1018 939,1016 992,1014 1044,1010 1097,1006"/>
                <TextEquiv>
                    <Unicode>unndt seiner selbs eignen berychung. In vilenunder</Unicode>
                </TextEquiv>
            </TextLine>
            <TextLine id="r1l17" custom="readingOrder {index:16;}">
                <Coords points="52,1137 146,1103 211,1128 276,1086 461,1114 634,1071 698,1102 1088,1070 1070,1018 1015,1051 904,1013 849,1052 739,1022 646,1059 569,1026 280,1071 189,1041 51,1083"/>
                <Baseline points="58,1104 109,1098 160,1093 211,1089 262,1086 313,1083 364,1081 416,1079 467,1078 518,1077 569,1076 620,1076 671,1075 722,1075 774,1074 825,1073 876,1072 927,1071 978,1068 1029,1066 1081,1062"/>
                <TextEquiv>
                    <Unicode>scheidenlichen puesten untrucke unndt gewardt verübt</Unicode>
                </TextEquiv>
            </TextLine>
            <TextLine id="r1l18" custom="readingOrder {index:17;}">
                <Coords points="42,1175 1054,1132 1052,1099 971,1075 779,1111 527,1087 466,1121 278,1086 220,1128 41,1147"/>
                <Baseline points="48,1163 100,1157 153,1151 205,1147 258,1144 310,1141 363,1139 416,1137 468,1136 521,1135 573,1134 626,1133 678,1132 731,1132 784,1131 836,1129 889,1128 941,1126 994,1123 1047,1120"/>
                <TextEquiv>
                    <Unicode>unndt also wider eyd unndt ehr gehandlet, desthalber</Unicode>
                </TextEquiv>
            </TextLine>
            <TextLine id="r1l19" custom="readingOrder {index:18;}">
                <Coords points="44,1224 152,1215 208,1250 260,1212 318,1238 589,1191 683,1226 830,1189 915,1214 1073,1189 1096,1128 545,1177 495,1145 383,1176 337,1141 43,1199"/>
                <Baseline points="51,1217 103,1212 155,1207 207,1203 259,1200 311,1197 363,1195 415,1193 467,1192 519,1191 571,1190 623,1189 675,1189 727,1188 779,1187 831,1187 883,1186 935,1185 987,1183 1039,1181 1091,1178"/>
                <TextEquiv>
                    <Unicode>ermit lyb unndt gutt ir gel zuerkehendt sein sölle.</Unicode>
                </TextEquiv>
            </TextLine>
            <TextLine id="r1l20" custom="readingOrder {index:19;}">
                <Coords points="42,1295 392,1252 479,1281 561,1247 1062,1250 1061,1220 939,1197 784,1221 719,1195 683,1225 588,1191 199,1247 132,1213 85,1247 40,1225"/>
                <Baseline points="48,1269 98,1266 148,1263 199,1260 249,1258 299,1256 350,1254 400,1252 450,1251 501,1249 551,1248 601,1247 652,1246 702,1245 752,1244 803,1243 853,1243 903,1242 954,1241 1004,1240 1055,1238"/>
                <TextEquiv>
                    <Unicode>Nach diser ergangnen urtheil hütf und ir gul zwar</Unicode>
                </TextEquiv>
            </TextLine>
            <TextLine id="r1l21" custom="readingOrder {index:20;}">
                <Coords points="48,1330 1100,1316 1072,1253 47,1274"/>
                <Baseline points="55,1318 106,1317 158,1316 210,1314 262,1313 314,1311 366,1310 418,1308 470,1306 522,1305 574,1304 625,1303 677,1302 729,1301 781,1300 833,1300 885,1299 937,1299 989,1300 1041,1301 1093,1302"/>
                <TextEquiv>
                    <Unicode>schere sein früschhertzen bübte untrüw mengklichen tr</Unicode>
                </TextEquiv>
            </TextLine>
            <TextLine id="r1l22" custom="readingOrder {index:21;}">
                <Coords points="48,1392 962,1364 1039,1399 1101,1362 1100,1316 851,1343 809,1309 555,1347 427,1310 47,1339"/>
                <Baseline points="55,1362 109,1363 164,1363 219,1364 273,1364 328,1364 383,1363 437,1363 492,1362 547,1362 601,1361 656,1361 711,1360 765,1360 820,1360 875,1359 929,1359 984,1359 1039,1360 1094,1360"/>
                <TextEquiv>
                    <Unicode> vnderthabten, vor Cantzlen Notificieren, seinem hab</Unicode>
                </TextEquiv>
            </TextLine>
            <TextLine id="r1l23" custom="readingOrder {index:22;}">
                <Coords points="37,1424 350,1455 482,1418 1088,1438 1116,1377 473,1400 404,1364 37,1399"/>
                <Baseline points="43,1416 96,1416 149,1416 202,1416 256,1415 309,1415 362,1415 416,1415 469,1415 522,1415 576,1416 629,1416 682,1416 735,1416 789,1416 842,1417 895,1417 949,1418 1002,1419 1055,1420 1109,1420"/>
                <TextEquiv>
                    <Unicode>vnndt gutf nachforschen, auch sein zus alhie in der statf</Unicode>
                </TextEquiv>
            </TextLine>
            <TextLine id="r1l24" custom="readingOrder {index:23;}">
                <Coords points="35,1485 780,1471 921,1509 1088,1479 1088,1442 877,1419 803,1449 545,1422 354,1456 35,1427"/>
                <Baseline points="42,1472 94,1472 146,1472 198,1472 250,1472 302,1472 354,1472 406,1471 458,1471 510,1470 562,1470 614,1469 666,1469 718,1469 770,1468 822,1468 874,1468 926,1468 978,1469 1030,1469 1082,1470"/>
                <TextEquiv>
                    <Unicode>durchsuchen unndt alle mobilia darinen. In by sein der</Unicode>
                </TextEquiv>
            </TextLine>
            <TextLine id="r1l25" custom="readingOrder {index:24;}">
                <Coords points="50,1543 833,1528 1092,1559 1109,1482 919,1515 841,1475 660,1508 50,1487"/>
                <Baseline points="57,1526 109,1526 161,1527 213,1527 265,1527 318,1527 370,1527 422,1527 474,1528 526,1528 579,1528 631,1528 683,1529 735,1529 787,1529 840,1530 892,1530 944,1531 996,1532 1048,1533 1101,1533"/>
                <TextEquiv>
                    <Unicode>synigen inventieren lassen, Wäre aber s ussert einlif</Unicode>
                </TextEquiv>
            </TextLine>
            <TextLine id="r1l26" custom="readingOrder {index:25;} person {offset:24; length:11;}">
                <Coords points="44,1616 366,1586 582,1627 711,1590 907,1630 1109,1611 1110,1553 45,1549"/>
                <Baseline points="51,1591 103,1590 156,1589 208,1588 261,1587 314,1587 366,1587 419,1587 471,1587 524,1587 577,1588 629,1588 682,1589 734,1590 787,1591 840,1592 892,1593 945,1594 997,1595 1050,1596 1103,1598"/>
                <TextEquiv>
                    <Unicode>chusëndt kronen, die er Früschhärtz unangesehen seines</Unicode>
                </TextEquiv>
            </TextLine>
            <TextLine id="r1l27" custom="readingOrder {index:26;} place {offset:34; length:12;}">
                <Coords points="35,1664 1083,1666 1083,1633 979,1600 911,1631 637,1592 569,1628 236,1590 36,1621"/>
                <Baseline points="43,1642 94,1642 146,1642 198,1642 249,1642 301,1642 353,1643 404,1644 456,1645 508,1645 560,1646 611,1647 663,1648 715,1649 766,1650 818,1652 870,1652 921,1653 973,1655 1025,1655 1077,1656"/>
                <TextEquiv>
                    <Unicode>gethanen hoches vermeinen von den Brüggischenn horn</Unicode>
                </TextEquiv>
            </TextLine>
            <TextLine id="r1l28" custom="readingOrder {index:27;} person {offset:36; length:6;}">
                <Coords points="51,1722 495,1735 557,1703 896,1734 935,1705 1043,1720 1044,1689 980,1658 780,1690 52,1663"/>
                <Baseline points="58,1695 109,1696 161,1697 212,1698 264,1699 315,1700 367,1701 418,1702 470,1703 521,1704 573,1705 624,1705 676,1706 727,1707 779,1707 830,1707 882,1707 933,1707 985,1706 1037,1706"/>
                <TextEquiv>
                    <Unicode>hendleren empfangen ghan, welche sr Keller sein</Unicode>
                </TextEquiv>
            </TextLine>
            <TextLine id="r1l29" custom="readingOrder {index:28;}">
                <Coords points="46,1773 360,1757 428,1788 583,1753 766,1790 830,1759 1064,1775 1100,1766 1100,1720 46,1724"/>
                <Baseline points="52,1749 104,1749 156,1750 208,1751 260,1752 312,1752 364,1753 416,1753 468,1754 520,1754 572,1755 624,1755 676,1755 728,1756 780,1756 832,1756 884,1757 936,1757 988,1757 1040,1758 1093,1758"/>
                <TextEquiv>
                    <Unicode>dochterman siderhär ir gul gelifferet) alle andre</Unicode>
                </TextEquiv>
            </TextLine>
            <TextLine id="r1l30" custom="readingOrder {index:29;}">
                <Coords points="55,1800 960,1835 1068,1814 1069,1773 55,1773"/>
                <Baseline points="61,1795 111,1795 161,1796 211,1797 261,1798 311,1799 361,1800 411,1801 461,1803 511,1804 561,1805 611,1806 661,1807 711,1808 761,1809 811,1810 861,1811 911,1812 961,1813 1011,1813 1061,1813"/>
                <TextEquiv>
                    <Unicode>barschafft unndt darmit auch in die acht thusendt</Unicode>
                </TextEquiv>
            </TextLine>
            <TextLine id="r1l31" custom="readingOrder {index:30;}">
                <Coords points="50,1863 181,1884 311,1850 362,1885 407,1855 766,1852 1083,1894 1084,1816 586,1835 527,1805 204,1795 105,1828 52,1801"/>
                <Baseline points="58,1841 111,1842 165,1844 218,1846 272,1847 326,1848 379,1849 433,1850 487,1851 540,1852 594,1852 647,1853 701,1855 755,1856 808,1857 862,1858 916,1860 969,1862 1023,1865 1077,1867"/>
                <TextEquiv>
                    <Unicode>füeffhundert pfundt, so die herrenn amblüth Jrügst</Unicode>
                </TextEquiv>
            </TextLine>
            <TextLine id="r1l32" custom="readingOrder {index:31;}">
                <Coords points="50,1919 452,1905 572,1947 642,1911 897,1919 997,1952 1069,1934 1071,1894 52,1867"/>
                <Baseline points="57,1892 107,1895 157,1897 207,1898 258,1900 308,1901 358,1902 409,1903 459,1904 509,1905 560,1906 610,1908 660,1909 710,1910 761,1911 811,1913 861,1915 912,1917 962,1920 1012,1922 1063,1925"/>
                <TextEquiv>
                    <Unicode>gelifferet. Item alle kleynoffer, silbergschir</Unicode>
                </TextEquiv>
            </TextLine>
            <TextLine id="r1l33" custom="readingOrder {index:32;}">
                <Coords points="44,1977 1093,2000 1095,1937 1030,1973 942,1921 865,1952 642,1912 507,1950 449,1905 220,1931 100,1896 46,1924"/>
                <Baseline points="51,1949 102,1950 154,1952 206,1954 258,1956 309,1958 361,1959 413,1962 465,1964 516,1966 568,1968 620,1970 672,1972 723,1974 775,1977 827,1979 879,1981 930,1983 982,1985 1034,1987 1086,1990"/>
                <TextEquiv>
                    <Unicode>guldtbrieffen, zinsridel gwarsamme, was imme suest</Unicode>
                </TextEquiv>
            </TextLine>
            <TextLine id="r1l34" custom="readingOrder {index:33;}">
                <Coords points="43,2024 1063,2061 1092,2001 974,2023 918,1983 810,2020 441,1972 45,1976"/>
                <Baseline points="51,2000 102,2001 154,2002 205,2004 257,2007 309,2009 360,2012 412,2015 464,2017 515,2020 567,2024 619,2026 670,2029 722,2031 774,2034 825,2036 877,2037 929,2039 980,2040 1032,2040 1084,2040"/>
                <TextEquiv>
                    <Unicode>beliebt, allbereit geflöchnet, unndt an andre orth</Unicode>
                </TextEquiv>
            </TextLine>
            <TextLine id="r1l35" custom="readingOrder {index:34;}">
                <Coords points="47,2070 1116,2122 1119,2062 1017,2048 861,2082 735,2035 514,2060 377,2015 328,2048 269,2016 50,2017"/>
                <Baseline points="54,2053 106,2054 159,2056 212,2058 265,2061 318,2064 370,2067 423,2070 476,2073 529,2077 582,2081 634,2084 687,2087 740,2091 793,2094 846,2096 898,2099 951,2101 1004,2103 1057,2104 1110,2104"/>
                <TextEquiv>
                    <Unicode>transponiert unndt verschaffet gsin. Alls nun er früsch</Unicode>
                </TextEquiv>
            </TextLine>
            <TextLine id="r1l36" custom="readingOrder {index:35;}">
                <Coords points="44,2118 176,2152 335,2126 1112,2177 1114,2138 864,2101 695,2126 655,2091 603,2125 47,2074"/>
                <Baseline points="52,2108 104,2110 157,2112 210,2114 262,2117 315,2120 368,2123 420,2127 473,2130 526,2134 579,2138 631,2141 684,2145 737,2149 789,2152 842,2155 895,2158 947,2161 1000,2163 1053,2165 1106,2167"/>
                <TextEquiv>
                    <Unicode>därtz verspüren mög, das er ouch in der statt viell, da er</Unicode>
                </TextEquiv>
            </TextLine>
            <TextLine id="r1l37" custom="readingOrder {index:36;}">
                <Coords points="52,2181 526,2217 641,2191 1017,2258 1116,2252 1120,2188 732,2154 675,2179 337,2125 177,2153 56,2115"/>
                <Baseline points="61,2157 113,2162 166,2165 218,2169 271,2173 323,2176 376,2180 428,2183 481,2186 533,2190 586,2194 638,2197 691,2201 743,2204 796,2207 848,2212 901,2215 953,2219 1006,2223 1058,2227 1111,2232"/>
                <TextEquiv>
                    <Unicode>sich uffgehalten, uff er gne ernstige nachsetzung konn</Unicode>
                </TextEquiv>
            </TextLine>
            <TextLine id="r1l38" custom="readingOrder {index:37;}">
                <Coords points="49,2211 262,2262 363,2231 902,2303 1068,2290 1072,2242 851,2247 627,2190 517,2222 52,2180"/>
                <Baseline points="57,2208 107,2210 157,2214 207,2217 258,2221 308,2223 358,2227 409,2231 459,2234 509,2238 560,2242 610,2245 660,2249 710,2253 761,2256 811,2260 861,2263 912,2267 962,2270 1012,2273 1063,2276"/>
                <TextEquiv>
                    <Unicode>vernere sicherheit haben wurde, hätte er sich mit</Unicode>
                </TextEquiv>
            </TextLine>
            <TextLine id="r1l39" custom="readingOrder {index:38;}">
                <Coords points="56,2282 1071,2352 1074,2301 796,2292 766,2261 595,2281 400,2239 285,2264 59,2241"/>
                <Baseline points="65,2263 115,2266 165,2270 215,2274 265,2277 315,2280 365,2284 415,2288 465,2291 515,2295 565,2298 615,2302 665,2305 715,2308 765,2311 815,2315 865,2318 915,2321 965,2324 1015,2327 1065,2330"/>
                <TextEquiv>
                    <Unicode>seinen rechnung schrifften vnndt Rödlen heimlicher</Unicode>
                </TextEquiv>
            </TextLine>
            <TextLine id="r1l40" custom="readingOrder {index:39;} place {offset:22; length:5;}">
                <Coords points="55,2331 698,2369 742,2399 1018,2382 1074,2413 1078,2348 58,2288"/>
                <Baseline points="63,2314 113,2320 163,2325 213,2330 264,2334 314,2338 364,2342 415,2345 465,2348 515,2352 566,2354 616,2357 666,2360 716,2363 767,2365 817,2367 867,2370 918,2373 968,2376 1018,2379 1069,2382"/>
                <TextEquiv>
                    <Unicode>wys von dörten nacher Basel begeben, allda, wie ouch</Unicode>
                </TextEquiv>
            </TextLine>
            <TextLine id="r1l41" custom="readingOrder {index:40;}">
                <Coords points="58,2377 212,2421 304,2394 496,2444 689,2414 878,2457 1099,2449 1102,2404 60,2336"/>
                <Baseline points="65,2371 116,2377 167,2381 219,2385 270,2389 322,2393 373,2397 424,2400 476,2404 527,2407 579,2410 630,2412 681,2415 733,2418 784,2421 836,2424 887,2426 938,2429 990,2432 1041,2436 1093,2439"/>
                <TextEquiv>
                    <Unicode>zuuor zu vielbeschechen, er mit us strychung seiner</Unicode>
                </TextEquiv>
            </TextLine>
            <TextLine id="r1l42" custom="readingOrder {index:41;}">
                <Coords points="55,2434 145,2469 552,2468 596,2502 802,2475 890,2516 964,2485 1113,2506 1115,2467 1054,2442 957,2464 911,2432 878,2457 557,2417 496,2443 58,2381"/>
                <Baseline points="63,2424 115,2430 167,2435 219,2440 271,2444 324,2448 376,2452 428,2455 480,2458 532,2461 585,2463 637,2466 689,2468 741,2471 793,2473 846,2477 898,2480 950,2483 1002,2486 1054,2490 1107,2495"/>
                <TextEquiv>
                    <Unicode>erdichteten unschuldt verunglimpf unndt töchster seklein</Unicode>
                </TextEquiv>
            </TextLine>
            <TextLine id="r1l43" custom="readingOrder {index:42;}">
                <Coords points="64,2478 217,2523 1051,2554 1054,2503 1005,2488 910,2515 828,2486 597,2501 67,2437"/>
                <Baseline points="71,2470 119,2475 168,2481 217,2485 265,2490 314,2494 363,2497 411,2501 460,2504 509,2507 558,2510 606,2513 655,2516 704,2519 752,2521 801,2524 850,2527 898,2530 947,2534 996,2538 1045,2542"/>
                <TextEquiv>
                    <Unicode>nerung seiner raturlichen hochen oberkeit soul</Unicode>
                </TextEquiv>
            </TextLine>
            <TextLine id="r1l44" custom="readingOrder {index:43;}">
                <Coords points="49,2542 778,2577 1018,2627 1113,2604 1084,2554 1001,2543 734,2556 617,2516 219,2522 53,2481"/>
                <Baseline points="57,2522 109,2527 162,2532 214,2536 267,2540 319,2544 372,2547 424,2550 477,2554 529,2558 582,2561 634,2564 687,2568 739,2571 792,2574 844,2577 897,2581 949,2585 1002,2588 1054,2592 1107,2596"/>
                <TextEquiv>
                    <Unicode>zuwegn bracht, das er simne luth seines eignen schryben</Unicode>
                </TextEquiv>
            </TextLine>
            <TextLine id="r1l45" custom="readingOrder {index:44;}">
                <Coords points="56,2580 463,2640 694,2622 785,2660 1123,2660 1087,2615 776,2577 658,2598 525,2559 440,2586 58,2546"/>
                <Baseline points="63,2577 115,2582 168,2585 221,2590 273,2593 326,2597 379,2600 431,2604 484,2607 537,2611 590,2613 642,2617 695,2620 748,2624 800,2627 853,2630 906,2633 958,2638 1011,2641 1064,2646 1117,2650"/>
                <TextEquiv>
                    <Unicode>nit allein etwas glimpts, sonderen ouch intereaystonen</Unicode>
                </TextEquiv>
            </TextLine>
            <TextLine id="r1l46" custom="readingOrder {index:45;}">
                <Coords points="49,2634 387,2689 537,2666 1113,2716 1085,2650 754,2663 718,2632 431,2616 368,2643 52,2588"/>
                <Baseline points="57,2629 109,2634 162,2640 214,2645 267,2649 319,2653 372,2656 424,2660 477,2663 529,2665 582,2668 634,2671 687,2674 739,2677 792,2681 844,2684 897,2688 949,2692 1002,2697 1054,2702 1107,2708"/>
                <TextEquiv>
                    <Unicode>unndt handtbietung ynbilden dörffen uffgliches endt-</Unicode>
                </TextEquiv>
            </TextLine>
            <TextLine id="r1l47" custom="readingOrder {index:46;}">
                <Coords points="60,2715 133,2690 764,2733 884,2774 1058,2762 1089,2797 1111,2733 940,2724 874,2685 754,2710 65,2639"/>
                <Baseline points="69,2677 120,2683 172,2689 224,2695 275,2699 327,2703 379,2708 430,2710 482,2713 534,2717 586,2719 637,2722 689,2725 741,2728 792,2731 844,2735 896,2738 947,2743 999,2748 1051,2754 1103,2760"/>
                <TextEquiv>
                    <Unicode>hin, hette er sich auch an andre orth der eydtgnoschafft</Unicode>
                </TextEquiv>
            </TextLine>
            <TextLine id="r1l48" custom="readingOrder {index:47;} place {offset:18; length:6;}">
                <Coords points="56,2759 867,2796 1021,2836 1121,2834 1125,2792 578,2720 60,2709"/>
                <Baseline points="65,2732 117,2738 170,2743 222,2747 275,2752 327,2756 380,2759 432,2763 485,2766 537,2769 590,2772 642,2776 695,2780 747,2784 800,2787 852,2792 905,2796 957,2801 1010,2807 1062,2812 1115,2820"/>
                <TextEquiv>
                    <Unicode>sunderlich nacher Zürich verfügen unndt den wäg durch</Unicode>
                </TextEquiv>
            </TextLine>
            <TextLine id="r1l49" custom="readingOrder {index:48;} place {offset:4; length:9;}">
                <Coords points="54,2778 218,2828 504,2811 598,2848 689,2824 1072,2881 1097,2822 55,2761"/>
                <Baseline points="61,2779 112,2783 163,2787 214,2791 266,2794 317,2799 368,2802 420,2805 471,2808 522,2812 574,2815 625,2818 676,2822 727,2825 779,2829 830,2833 881,2838 933,2843 984,2848 1035,2854 1087,2860"/>
                <TextEquiv>
                    <Unicode>das frickthal gmuß nemmen wellen. Wäre aber us</Unicode>
                </TextEquiv>
            </TextLine>
            <TextLine id="r1l50" custom="readingOrder {index:49;} place {offset:41; length:9;}">
                <Coords points="62,2825 235,2867 954,2890 997,2936 1121,2919 1104,2856 1072,2882 695,2824 222,2824 66,2782"/>
                <Baseline points="69,2827 121,2830 173,2834 225,2837 278,2840 330,2843 382,2845 435,2849 487,2852 539,2856 592,2859 644,2863 696,2868 748,2872 801,2877 853,2882 905,2886 958,2891 1010,2897 1062,2904 1115,2910"/>
                <TextEquiv>
                    <Unicode>aeschickung vnndt verhencknus gottses zu Rynfälden</Unicode>
                </TextEquiv>
            </TextLine>
            <TextLine id="r1l51" custom="readingOrder {index:50;}">
                <Coords points="59,2919 352,2903 1112,2987 1121,2922 953,2889 695,2902 536,2860 468,2881 394,2847 345,2880 132,2865 65,2828"/>
                <Baseline points="69,2876 121,2880 173,2884 225,2887 277,2891 329,2894 381,2897 433,2900 485,2903 537,2906 590,2909 642,2913 694,2917 746,2921 798,2925 850,2930 902,2935 954,2941 1006,2947 1058,2954 1111,2962"/>
                <TextEquiv>
                    <Unicode>ufgehalten, seines arrests ir ge also bald gerichtet</Unicode>
                </TextEquiv>
            </TextLine>
            <TextEquiv>
                <Unicode>407
zu iustificieren, Da er aber ohne verwilligetes sicher
bleit zu erschinen sich geweigeret, unangesechen ser ge
ihmme vstruenenlichen vermëldet, das ihme widerrecht
unndt billigkeit nützet widerfahren sölle, im fahl er
aber ie nit bedacht sich personlich zustellen, wollindt ir
Jnl sein eandtwortung gern schrifftlich anhoren uff wellich
andthin dan, ihme die klagpunten ubersendt worden
als nun sein weitlüffige apologen darüb er yngelangt.
wäre dieselbige vor hochgedacht mehrn räth unndt Bürgen
nen uff 17 septemb 1639 von puncten zu puncken
abgehört, fleißig exammiert, erdüret, erwog unndt
endtlich darüber erkhendt worden, das unangesechem
seiner vilwortigen versprechung er früschhertz in verwal
ung des seckelambts zu grosem nachtheil ir gele
unndt seiner selbs eignen berychung. In vilenunder
scheidenlichen puesten untrucke unndt gewardt verübt
unndt also wider eyd unndt ehr gehandlet, desthalber
ermit lyb unndt gutt ir gel zuerkehendt sein sölle.
Nach diser ergangnen urtheil hütf und ir gul zwar
schere sein früschhertzen bübte untrüw mengklichen tr
 vnderthabten, vor Cantzlen Notificieren, seinem hab
vnndt gutf nachforschen, auch sein zus alhie in der statf
durchsuchen unndt alle mobilia darinen. In by sein der
synigen inventieren lassen, Wäre aber s ussert einlif
chusëndt kronen, die er Früschhärtz unangesehen seines
gethanen hoches vermeinen von den Brüggischenn horn
hendleren empfangen ghan, welche sr Keller sein
dochterman siderhär ir gul gelifferet) alle andre
barschafft unndt darmit auch in die acht thusendt
füeffhundert pfundt, so die herrenn amblüth Jrügst
gelifferet. Item alle kleynoffer, silbergschir
guldtbrieffen, zinsridel gwarsamme, was imme suest
beliebt, allbereit geflöchnet, unndt an andre orth
transponiert unndt verschaffet gsin. Alls nun er früsch
därtz verspüren mög, das er ouch in der statt viell, da er
sich uffgehalten, uff er gne ernstige nachsetzung konn
vernere sicherheit haben wurde, hätte er sich mit
seinen rechnung schrifften vnndt Rödlen heimlicher
wys von dörten nacher Basel begeben, allda, wie ouch
zuuor zu vielbeschechen, er mit us strychung seiner
erdichteten unschuldt verunglimpf unndt töchster seklein
nerung seiner raturlichen hochen oberkeit soul
zuwegn bracht, das er simne luth seines eignen schryben
nit allein etwas glimpts, sonderen ouch intereaystonen
unndt handtbietung ynbilden dörffen uffgliches endt-
hin, hette er sich auch an andre orth der eydtgnoschafft
sunderlich nacher Zürich verfügen unndt den wäg durch
das frickthal gmuß nemmen wellen. Wäre aber us
aeschickung vnndt verhencknus gottses zu Rynfälden
ufgehalten, seines arrests ir ge also bald gerichtet</Unicode>
            </TextEquiv>
        </TextRegion>
    </Page>
</PcGts>
