1203 3251
416 92 1186 271 Anna Matter von Biberstein,
418 159 1179 327 Ulerich Kuonen uss dem Stäckholtz
401 226 1173 367 so sich dissmahlen by meinem hoch¬
402 287 1179 412 ehrenden herren venner Willending
390 339 1143 469 dienstwyss ufhaltet, ehewyb
228 406 1167 533 Nachdem dieselbe von eines schandtlichen bösen
224 474 1173 596 betruogs wegen, so sy gegen einer witt¬
214 547 1181 657 frauwen alhie in abentlehnung etwz
208 589 1161 718 gäldts veruebt, vor etwz tagen von Thuon
214 655 1158 772 hinab gefencklichen alhar gebracht worden,
221 717 1160 836 haben hieruff mghrn und oberen, jr gn.
201 768 1167 888 dieneren grossweybelen und gricht¬
222 829 1164 944 schryberen beuolchen, sy hierüber ernst
211 890 1162 1000 wortlich zebefragen und dan jr gn dero
207 958 1171 1063 usssag zeverstendigen, dass ist nun uff zinstag
213 999 1162 1089 den 19. mai 1640 be droben jn der
204 1070 1162 1176 gefangenschafft beschechen, die hat hieruff
198 1132 1141 1243 bekendt und veriehen wie volget:
173 1203 1168 1339 Erstlich es seye ein gwüsse frauw, welche
190 1301 1149 1400 Barbara Pfauw heisse und die uss
180 1352 1139 1460 dem Oberlandt sein sölle, so sonsten
197 1412 1156 1482 vor disem lange zeit alhier in der
189 1467 1127 1569 statt gedienet habe, sith einer wyl
190 1528 1149 1634 aber sich des kässgrämpels und sonder¬
194 1590 1137 1687 lichen an einem zinstag alhie jn der
179 1652 1135 1750 statt underfangen, zu jra der ge¬
201 1707 1145 1805 fangnen Anna Matter jn hrn. Kilch¬
190 1759 1116 1856 meyer Gruoners se. underen stübli
179 1797 1133 1916 da sy gewohnt, kommen und habe etwz
196 1869 1134 1959 sachen in einem pappir wol vermacht
188 1924 1135 2025 und verpütschiert mit dargebracht
187 1971 1111 2081 und sy die gefangne gepetten, sy sölle
185 2028 1132 2130 etwz gäldts an orthen wo sy vermeinen
186 2083 1134 2193 möchte sölches zuoerheben, daruff entlichen
178 2146 1132 2247 und wan man sy fragen werde, wass dar¬
172 2199 1125 2306 inen verschlossen seye, sölle sy antwortenn
165 2251 1120 2344 es seyen silber cronnen, krütz, dicken
154 2324 1118 2426 und anders dergleichen grobe silber
175 2360 1132 2487 sorten, uff welches seye sy die gefangne
155 2412 1131 2520 jn mr. Heinrich Synners des metzgers
145 2470 1110 2610 wohnhuss gangen und habe jhn umb
141 2525 1111 2658 dissen fürstandt pitten wellen, der
160 2603 1125 2725 seye aber nit anheimsch gewessenn,
150 2646 1120 2780 gestalten das sy von desselben frauw
129 2697 1132 2865 jn erwartuong jres manss einmahl
144 2783 1111 2916 12 bz empfangen und habe jra das
113 2859 954 2985 paget dargegen überlassen.
998 2936 1095 3024 alss
65 2951 331 3057 pacquet
