1118 3080
184 100 1104 339 hristian Kalm von Weyßenlo
378 217 948 373 uß der pfalz, bekendt.
40 302 1089 519 d Nachdem er durch dz Kriegswesen mit
134 432 1084 594 wyb vnd Kinden vß seinem Vatterlandt
137 494 1069 660 vtriben worden, habe er sich in die
133 567 1082 723 Eydtgnoßschafft begeben, und als eintspraperers
157 640 1097 796 Sohn sich mit pagpt vnd andere sachen by d
156 723 1080 847 wider zetragen, ernehrt unndt alß latchlicher
151 769 1074 877 zu Lubern vffgeladen, habe er solches alles Im
145 817 1079 947 kandt underwallen verkhaufft, daselbst habe e
151 887 1082 988 Dansten Bürlin von Ostelfing uß dem Ullmer
151 945 1089 1056 gepret, einen schnidter mit sampt seiner frauwen
154 1004 1088 1111 angetroffen, die willens gewesen uber den
144 1060 1094 1182 Brunen und vög, dannen das landt hinünder i
145 1106 1078 1207 nach Bery zereißen, vnndt wyl sein fraug
153 1165 1063 1253 schirängeren lybs eye und alhier in der statt
154 1216 1081 1343 ein basten habe, welhe einen gewüßen becehe
145 1277 1084 1376 den sey noch zur stundt eit khönneg, vil wengen
149 1345 1071 1446 gesechen habindt, sige ey mit Ihnen darnon ges
132 1393 1069 1501 zogh, als ey nun am vorgh frühe zu Brienh
135 1462 1064 1558 snntres aneren in das schiff geseßen, komme
145 1520 1049 1608 Der vorgedachte schreyen mit sesnem wyb
149 1565 1053 1676 vnndt sindt wahrer sitz midt auch zu Ihnttf
134 1615 1039 1731 daß schiff und fahrindt mit einanderen
129 1677 1041 1779 enolichen bis gan thun, und erwegs habe der
136 1732 1064 1830 Schnder, des gesagten schreyers frauwen ei
146 1773 1064 1884 rockh gemacht, das eye also (die erste khundt,
147 1828 1034 1931 schafft geweßen, die sy by ihnen gehapt
138 1879 1046 1979 haben, lals  wie  d bun uß den
98 1928 1060 2043 hiff gestigen unndtzuvorten statt sumb gewett
124 2012 1049 2095 habe der bemelte Schreyer am endt der
144 2053 1051 2151 selbigen einen meyen undt, das man daselbsten
128 2121 1025 2219 wyn ußgebe, gesechen. Der erbiete nich er
133 2185 1053 2271 wolle alda einen tranckh bezahlen, deßen
124 2237 1043 2327 ey allerseits wohl zufriden beweßen und
134 2292 1021 2384 nach dem ey denselbigen genoßen eyendt ig
126 2337 1018 2443 mit einandeten bis nach Stüffis butten
118 2402 1022 2494 gezogt, allwo by auch übernacht gelegt
119 2459 1050 2556 eredrigs tags lyent sy alle mit einanderen
124 2512 1037 2609 widerumb bintig nach itun in das orth
123 2567 1044 2659 iy am tag zuuor getrunkklen, gangnung
116 2629 1043 2727 Vnd Habindt daßelbsten abermahlen einen
119 2672 1037 2792 gethan, inzerwuchen eye zwar erstlichen de
104 2731 1037 2849 Schreyers frauw mit der weachenckhu
98 2784 1037 2894 hernath auch der schreyer selbsten mit ihn
92 2834 1039 2960 beiden hiuf in die Stlchen gangen, er voll
