1199 2822
68 165 111 232 33
83 635 143 698 14.
91 793 138 847 15.
83 892 142 970 16.
107 1006 148 1090 3.
111 1198 161 1261 8
85 1373 151 1437 190
109 1507 165 1557 200
109 1856 163 1906 21
148 147 1124 290 disen ynem geschwornen eydt zu wider hat er sich e
152 204 1122 335 ugh landt ufgehaltenn und ist volgents umb des e
156 262 1116 375 wachene mere jar abermalen gfencklich angenommen
161 314 1121 420 alhar gebracht und darüber eraminiert worden, darah
160 346 1117 466 ruff bekenne, das er zwar willens geweßenn seye, sich
171 411 1121 532 einer frauwen hinnß inn sein heinat ze begeben, se
160 456 1126 568 also mit der selben hinwegg hinß gegenen costnitz gezogen
154 508 1130 623 da er unner von der statt uß einem huß ein huß käßli
165 552 630 637 im stückli broth genommen,
164 624 1131 753 aß einem anderen huß ein leibbroth, ein huß käßle
160 680 613 766 ren hut und ein kragenn
177 780 1123 894 zu alten heimb 3 stundt von Costnntz2 leib broth und
163 815 266 902 Lüsli
173 887 1130 991 neer von disem orth ein parschuch so er syner frauwen
160 948 1133 1045 i alt parstrümpff ein zusamen gleit meßer und 2 lba
172 1010 1125 1105 und weil domalenn sein frauw groß schwanger gwesen
171 1075 1134 1149 er sich mit derselbenn widrumb zruck gegen basell bege
171 1124 1117 1202 und underwegs uff mght boden getretten, hiemit synem
179 1163 759 1246 wornen eydt schandtlich übersechen.
181 1210 1134 1307 ungfert 4 stundt von Basell, habe er inn einem dortf
180 1280 1137 1352 di anckballenn genommen, die habe er gesottenn und
172 1337 237 1369 e
172 1364 1137 1429 Nit weith von dem orth, habe er vor einem huß ein nnderen
175 1396 1133 1464 hut, dem er siner frauwen ze tragen geben und für jnne
166 1448 505 1517 kragenn genomen.
184 1500 1132 1553 unnd uß einem pueren huß, das er ubermacht glegen,
179 1542 1139 1624 halbenn leib broth und ein par schuch, so er angelegt uff
186 1606 1135 1655 welliche sein abermalige gethane bekantnuß, ist er mit
180 1651 1134 1716 Rutenn ußgeschmeitzt, mit dem 8. gezeichnet und nach
179 1693 1138 1764 malenn mit dem eydt von ir 9 statt und land verwgs
177 1744 312 1803 worden.
173 1805 1137 1913 Uleich wol und ungeacht deß alleßin, hat er sich widrumb
248 1869 1147 1959 einer frauwenn, welche im uff dem lengenberg
174 1896 239 1940 zu
172 1924 1134 1988 tet begeben. Ist widerumb mit derselbenn jm landt
168 1969 1133 2056 her dem müßig gang und pätel nach gezogen ehrlichen
183 2019 1135 2108 einbrechenn und das irige nemmen helffen, wie er dar
179 2067 1136 2137 deßwegenn kurtznerruckter tagen, im ampt lang
177 2114 1124 2175 ergriffenn, dahin gefürt von dem amptman daselbsten
177 2154 1140 2238 samlich alhar gsickt und volgentz uß beuelch nigh und
176 2183 1144 2288 berren abermalen examiniert worden, der hat nun uff
168 2274 1147 2339 frytag den 10. diß monets aperellenn, diß lauffeng
175 2303 1147 2391 169 jars inn bysyn und gegenwirtigkeit, der ehren
169 2331 1183 2435 grommen, wolgeachten und wysenn herrenn Burckhan
169 2399 1167 2499 Fischers, des kleinen hr Aberham Lienharts deß gesat
171 2437 1177 2557 rachts und hr danit von Beürens deß großweibelt, sh
166 2515 1155 2620 anderer mnghen und oberen dieneren der weiblen
173 2579 1143 2669 alhie angewohnlichem orth mit und ohne marter nachl
169 2643 840 2737 erkent und priächen, wie volget etc.
1143 1174 1174 1228 19.
1159 1621 1209 1704 y
1161 1926 1211 1985 u
