2448 3264
150 81 1191 291 gwüstlich die that begangenen habenn müße, mit
154 128 1171 337 dem rydt uß zr gn statt und landtschafft verwien
145 219 438 315 Anno 1638.
163 172 1193 382 sene wordenn, uff mitwochenn den 19. decembris
117 274 1198 509 Andreas Gatler uß dem solothurm
596 411 737 467 gebiet.
136 429 1156 583 Ist wegenn seines umbschweiffenden müßiggängig
153 479 1181 616 bösenn und argwänigenn lebens mit dem eydt
156 538 1158 702 von ir g statt und landtshafft verwisenen worden,
135 577 872 689 Den 22. decembris anno 1638
105 684 1176 901 Albert Le conte de la Crois Burgen
383 789 817 894 der statt Bernn,
111 856 1130 985 Ist wegenn einer chorgrichtlichenn vwoerdur
140 918 1169 1062 welche imselbigen mannal weitleüffig zu finden.
135 980 1166 1115 sein wirt uff gunt myner gnedigen herrenn
142 1047 1181 1174 von statt und landtzwisenn worden, Den 7. janu
134 1079 386 1175 ari 1639.
957 1274 1146 1359 ee
303 1241 1013 1401 Gristen Digfeid von
1010 1342 1150 1421 jan
397 1352 659 1446 Gipfiouer
1088 1407 1157 1463 er
732 1445 783 1488 der
781 1426 1011 1512 aler
98 1520 1077 1679 Alß derselbige den 19. januarii 169 uß
115 1641 1121 1726 bepelch ihr gnadl durch meynen hochgeerte
113 1691 1108 1796 Herren Wilbelm Hirh deß ronattß unndt
94 1755 1047 1874 dienedlen ehrenvesten fürsichtigen und weßen
130 1828 1062 1937 herren Wolffgang von Mulenen undt
85 1892 1075 2004 Garid von Beuren Grosweybell peynlich
111 1951 1122 2053 examiniert wrden, hat er mit und ohnen
113 2036 528 2148 marter bekhendt.
72 2103 1123 2259 daß er einem bauren küeerner gepiets dem
114 2180 1084 2307 er etliche tag getrökhet uß seinem wainsell
86 2238 1114 2361 so an der offenstangen gehangen) 3l entfrembdet
756 2314 1070 2397 ertie
105 2357 230 2437 habe.
92 2399 1055 2551 zu hupffen gedachten geprtß einem anderen
102 2479 1075 2629 landtman in dublohnen undt 2 rychi tgaler
93 2593 303 2698 gestolen.
98 2599 1117 2780 In gedachtem gepist an underschidenlichen
102 2671 1021 2833 ohrten zu vil mahlen habe er kaß undt
89 2776 479 2900 breg genommen.
1124 2347 1153 2424 1
2289 81 2364 148 n
1273 188 2335 427 Verners zu Marbach habe er abermahlen 1 dub
1274 314 2101 511 lohnen undt ein halben thaler genommen.
1257 381 2257 622 Alhier zum mittlen louwen habe er mit hilff
1260 482 2285 668 eineß genandt Christen seye ein junger ohne wehr
1266 502 2390 730 mit weysen boßen einem nideren gatt undt schwartzen
1274 608 2327 821 vamsell halte sich mehren theils bey wichtorff uff.
1275 694 2332 852 einem bauren gelt uß dem bußen belffen nemmen ge
1257 758 2294 939 tachter Christen aber habe mehr darzu geholffen
1255 840 2279 987 alß er vom gelt seyendt ihme5 bar worden
1256 978 2267 1137 Dißer ist daß erstmahl lar, daß ander mit dem
1262 1062 2334 1183 kleinsten undt daß 3 mahl mit beiden den kleinste
1255 1158 1891 1272 undt nach größen uffgezogen worden.
1253 1312 2340 1417 vil gentzlich nit beckhandtlich sein, daß er den Burer
1249 1391 2248 1506 uffen stalden oben, habe weder helffen schlachen, noch
1237 1475 1568 1571 daß gelt nemmen.
1408 1684 2205 1843 Hanß Hoffer ab dem
1624 1801 1887 1905 ander stäg
1230 1933 2251 2166 Dißer ist uff gleichem tag durch obgesagte meyne
1237 2051 2315 2238 hochgeherte heren peinlich examiniert worden undt
1222 2108 2177 2291 der hat auch mit undt ohne marter bekhendt.
1220 2231 2294 2488 daß er zu wichtorff einem bauren genandt knoblen
1234 2294 2261 2555 Jost habe tuch genommen, uß welchem er der goßen
1235 2361 1786 2534 der sez ahe mn alhe
1227 2479 2257 2738 dem wchmid zu worb habe er mit hilff einß in
1224 2616 1526 2731 nemmen heiffen.
1215 2532 2251 2809 gerandt der Gchlotger Ulli ein backen fleisch
1223 2749 1463 2905 entwendet
1216 2691 2194 2996 dgen sennan
