1164 3017
92 44 1142 169 Ehe sy nun hierrüber wyters hate mögene befragt und zuges
109 92 1142 219 bürende straff gezogenn werden. ist sy entwihenen und also sie
113 139 1149 256 hero der enden nit mehr zbetrettenn gsin, biß unsangest als chei
119 173 1154 314 stenn Schonholtzer uß der kilchöri Lntzelflne, welcher ira die
101 217 1137 339 ehe versprochenn, sy daselbstenn zur kirchenn füren wellen.
94 284 1139 396 der h Predicant aber sölliches est ursachenn, das sy nit alhie in
103 328 1152 452 landt daheimen und also niemants wüstenn möge, war sy sye
104 386 1161 508 abgeschlagenn und sy hiemit für ein ehrsam chergricht alhar
112 434 1134 528 nach bornu gewisene, Allwo sy ires labwesens halbenn
111 478 1136 590 ernst wortlich eraminert und befragt worden, Die hat nun
101 531 729 613 bekent vnd vermehenn wie volget,
89 585 1128 695 erstlichenn es habe jra einer so wolffgang sagerheise,
111 666 1128 743 und auch im solothurner gebiet daheimen sye, die ehe ver-
100 709 1116 783 sprochene, sy geschwängeret und sye darrüber Hinwegg
103 768 1123 829 zu Krieg gezogenn. Worauff seye ir lybliche schwester
95 820 1111 892 deß vorgemelten frantz Matters von Weltschen rohr eewyb
88 863 1100 933 welche ebenn ein achttägige kindtbetteri gewesene, durch
101 905 1124 977 mittelds mißhut das ermelter ir man am abent en alser
102 956 1097 1024 uff die domal bestelte wacht gegen dem volck so hinder
96 1007 1116 1073 dem läberberg gelegene, zeüchenn wellenn, ein söllich fürr
84 1056 1100 1125 Ann ofengmacht und nit dergstaltenn versicheret, dann das es
93 1109 1103 1182 ein sollich nauch und dameff von sich geben, das die mutter
96 1151 1085 1226 sampt dem jungen kindt erstickt und sye nur ein zr ander
93 1216 1113 1289 kindt, welches etwas elter gewesene und gleich wol auchschon
91 1258 1065 1330 halber tadt uff dem beden gelegene, so der vatter
93 1310 1077 1383 morndrigen tags noch errettet, daruon kommen, nach
80 1367 1089 1446 diser traurigenniht gschicht, habe ermelten ir schwäger
85 1433 1091 1500 nach ira Madlena Schwägler seiner geschweyen gschickt,
85 1471 1089 1556 und sy gebettenn, sy sölle im nun helffen hußhalten und dem
91 1525 1102 1593 überblibnen kindt gaumen, darzu habe sy sich begnembt,
82 1578 1075 1651 und als sy eine zeithlang by imme gewesenn, habe sy sich
80 1631 1098 1689 us antrib deß bösenn grists und fuler schantlicher teüfflisch
79 1681 1095 1737 begirden von imm bereihen laßenn, das sy sich mit imme fleischlich
84 1733 1083 1796 ggangen, doch mir daßelbe mal) vergangen, vnd also zu
91 1786 1095 1845 einer abscheüwlichenn blutschänderin worden, allein seye
79 1837 1085 1907 daß kindt, welches sy zu Walckring geboren, nit ires
79 1860 1089 1952 Schwägers, sonders dest hiener anzognen Wolffgang sar
81 1920 1089 1995 gars, so ira daruor die ehe versprochenn hate, Nach¬
70 1972 1084 2045 dem sy nun dise abscheüchliche blutschandt mit einanderen
77 2019 1092 2089 begangenn hattenn, seye erstlich ir schwäger der blutschend
85 2063 1083 2144 und hernach auch sy von dorten hinwegg gewichene, sy aber
74 2111 1059 2173 habe sich die zeithero fast mehrentheils inn might und
77 2170 1073 2232 oberen gebiet uffgehalten, diser schandtlichen tath ist sy
69 2219 1086 2279 auch nachwerts den 5. dißmonats aprillis, diß lauffenden
78 2271 1084 2332 1641 jars vor den ehrenuesten etc. Herren Ulrichen Bitzi
64 2297 1056 2375 deß kleinen alerander von Weerth, deß großen rahts
73 2350 1098 2435 und Samuel Weerber grostweibel sampt anderen ingh und
66 2401 1094 2489 Oberen, dieneren der weilten mehr, bekantlich wordenn,
40 2476 1085 2571 disere hate fürgeben, sy wegee schwangeren lybs,
75 2542 1085 2629 und aber nit lengen dan by den 5 oder 6 wuchen, deß
70 2588 1066 2660 wegenn sy durch die hebamen besichtiget worden, welche
70 2635 1105 2724 alen wegenn kürtze darzyth sölliches nit erkennen mögen,
65 2684 1111 2772 ist also widerumb inn die gfangenschafft gelegt und her
61 2745 1083 2829 nach den 29. dito abermalen besichtiget, ir fürgeben
66 2783 1111 2852 falt sich erfunden, also das sy volgents den 1. man were für
55 2839 435 2923 recht gestelt worden.
442 2847 1117 2946 sy ist aber am tag zumar stgebrothtn
70 2891 469 2967 und hiemit entrunnen,
