1168 2981
125 31 1153 234 In das cholgut kommen, habe ein alben wullmen
148 133 1149 284 weyber sork mit sich gebracht, und souce by dem
137 190 1174 364 wirthußelbsten verguspet, das er der schnyder
156 252 1139 408 em anderen einbahr hooßen darauß gemacht
130 320 1147 459 elcherer hernach mit seinem das schnyders
134 390 1154 532 jüngsten bruder vertuthet, ob nur diser rockh ge
164 456 1173 574 tollen worden derhwer der ummb der zugebrach
152 526 1163 659 habe, gewesen seye, möge er nit, aber villicht
155 585 1054 670 Der wirth im thalget wohl wüßen.
152 624 1130 723 Diser ist uffleingute Lenser ledig gelaßen und uff ein
150 683 1172 777 lüpthin an rydtstatt des landts verwisen worden, den 19. jan
152 733 1174 851 Meinrath Mabila, der 3 bar drite bruder beß
162 811 1150 922 tathiget seines vorgeschribnen bruders ußagsob
159 873 1173 970 glichwohl dieselbigen und hiemit alle dry absonde
156 921 1159 1023 lich verhört und jederwylen, das keiner mit dem
154 980 1162 1083 anderen reden können, oderlich verwartt worden)m
172 1032 1155 1152 ochem bedüren, das sy die kürtze zeith ( welches
149 1087 1147 1203 zeit irer abdanckhung alhie in disen landen und
148 1155 1122 1270 hiemit herren looß gewaßen von vseinen
151 1218 1154 1334 diebstählen nützit gehört, villweniger sich derselbe
165 1287 1158 1407 angenommen oder darzuo geholffen habeit, pätte
163 1349 1153 1456 hiemit mehr unndt oberen, die welleit ienen
160 1419 1158 1523 ein sölches nit zu trüwen, sonders glauben das ihnen
149 1480 1142 1584 ferglichen böse thaten alhie In disen landen ge¬
154 1537 1157 1645 neben niemahlen in sim gestigen, sy hiemit de
148 1595 964 1695 gefangenchafft gnedigklich erlaßen etc.
155 1665 1151 1744 diserist uffein gute enhur ledig gelaßen und uffein clüpth
153 1699 1148 1796 an eydtstatt des landts verwisen worden den 19. janua 161
256 1772 1146 1875 etstlichenn ist auch zua Hartman
147 1847 1140 1951 weylund Christenn Bartmuns des tischers vonn
143 1896 1152 1998 Kidauw see tochter, welche dem elteren steffe
143 1958 1161 2032 zedienen versprochen und darüber 16 ellen welle
146 2009 1159 2121 haustuch veruntruwen wollen, so aber ir mr Fra
148 2074 1155 2161 iderumb abgekommen und geencklich ynsetzen
152 2124 1158 2233 laßen, befragt worden, Die hat zwar den fühlen
151 2191 1131 2297 bekhendt, und aber darneben angezeigten, sy seye
148 2230 1170 2365 hierzu von einer gwüßenfrauwen (welche ic
155 2309 1161 2412 mso wohl kenne) angewißen worden, das wye
144 2363 1151 2467 ira aber von hertzen leid, siemit glich wie die
154 2415 1161 2514 anderen allsamptlich den lieben gott im hin
142 2496 1137 2587 und igsede und oberen umb gnad und verzeüchung
141 2576 365 2639 gepathen.
162 2599 1173 2725 Dise ist uff ein gute cinsur hin ledig gelaßen worden
143 2701 591 2789 Den 16. januarii 1641.
503 2722 646 2808 .
