<?xml version="1.0" encoding="UTF-8" standalone="yes"?>
<PcGts xmlns="http://schema.primaresearch.org/PAGE/gts/pagecontent/2013-07-15" xmlns:xsi="http://www.w3.org/2001/XMLSchema-instance" xsi:schemaLocation="http://schema.primaresearch.org/PAGE/gts/pagecontent/2013-07-15 http://schema.primaresearch.org/PAGE/gts/pagecontent/2013-07-15/pagecontent.xsd">
    <Metadata>
        <Creator>prov=University of Rostock/Institute of Mathematics/CITlab|PLANET AI GmbH/Gundram Leifert/gundram.leifert@planet-ai.de:name=German_Kurrent_XVI-XVIII_M1(htr_id=19584)::::v=2.6.7
prov=University of Rostock/Institute of Mathematics/CITlab|PLANET AI GmbH/Tobias Gruening/tobias.gruening@planet-ai.de:name=de.uros.citlab.module.baseline2polygon.B2PSeamMultiOriented:v=2.6.7
prov=University of Rostock/Institute of Mathematics/CITlab|PLANET AI GmbH/Tobias Gruening/tobias.gruening@planet-ai.de:name=/net_tf/LA73_249_0mod360.pb:de.uros.citlab.segmentation.CITlab_LA_ML:v=2.6.7
Transkribus</Creator>
        <Created>2020-10-05T21:58:21.461+02:00</Created>
        <LastChange>2022-09-09T15:45:08.944+02:00</LastChange>
        <TranskribusMetadata docId="1334821" pageId="52360091" pageNr="33" tsid="114641848" status="IN_PROGRESS" userId="9570" imgUrl="https://files.transkribus.eu/Get?id=BBZHWZZNJJIBCDRERBBZBJCI&amp;fileType=view" xmlUrl="https://files.transkribus.eu/Get?id=KSSVUTTMWBRXEUJEIRTAEKJU" imageId="16091769"/>
    </Metadata>
    <Page imageFilename="IMG_9046.jpg" imageWidth="1175" imageHeight="3264">
        <ReadingOrder>
            <OrderedGroup id="ro_1687513767136" caption="Regions reading order">
                <RegionRefIndexed index="0" regionRef="r1"/>
                <RegionRefIndexed index="1" regionRef="r2"/>
            </OrderedGroup>
        </ReadingOrder>
        <TextRegion orientation="0.0" id="r1" custom="readingOrder {index:0;}">
            <Coords points="21,1614 21,1774 172,1774 172,1614"/>
            <TextLine id="r1l1" custom="readingOrder {index:0;}">
                <Coords points="16,1733 48,1742 73,1740 79,1734 94,1739 117,1723 128,1725 135,1719 148,1728 156,1723 179,1728 176,1692 146,1692 135,1684 126,1692 101,1681 76,1687 43,1682 37,1690 13,1682"/>
                <Baseline points="21,1724 46,1721 71,1719 96,1717 121,1715 146,1714 172,1715"/>
                <TextEquiv>
                    <Unicode>1sy zwar</Unicode>
                </TextEquiv>
            </TextLine>
            <TextEquiv>
                <Unicode>1sy zwar</Unicode>
            </TextEquiv>
        </TextRegion>
        <TextRegion orientation="0.0" id="r2" custom="readingOrder {index:1;}">
            <Coords points="181,209 181,3004 1156,3004 1156,209"/>
            <TextLine id="r2l1" custom="readingOrder {index:0;}">
                <Coords points="215,266 470,241 539,274 662,240 710,272 747,239 872,235 1162,306 1163,253 948,193 877,224 216,197"/>
                <Baseline points="221,247 267,246 314,245 361,243 408,241 454,239 501,238 548,236 595,235 641,234 688,234 735,234 782,235 828,237 875,240 922,244 969,249 1015,255 1062,264 1109,274 1156,285"/>
                <TextEquiv>
                    <Unicode>Diser ist mit dem hienorgamelt vetter Eschant</Unicode>
                </TextEquiv>
            </TextLine>
            <TextLine id="r2l2" custom="readingOrder {index:1;} person {offset:29; length:16;}">
                <Coords points="243,317 339,329 389,300 426,328 495,300 551,329 760,293 1158,348 1159,314 872,235 798,276 659,243 530,275 244,269"/>
                <Baseline points="250,301 295,300 340,299 385,298 430,296 475,295 520,293 565,292 610,291 655,290 701,289 746,290 791,290 836,292 881,294 926,298 971,303 1016,309 1061,316 1106,325 1152,336"/>
                <TextEquiv>
                    <Unicode>vnd diser hienachbeschribnen Alßbeth Bischler</Unicode>
                </TextEquiv>
            </TextLine>
            <TextLine id="r2l3" custom="readingOrder {index:2;}">
                <Coords points="240,363 601,378 842,353 945,412 1149,390 1149,351 884,306 240,329"/>
                <Baseline points="246,355 290,355 335,354 380,353 425,352 470,350 515,349 559,347 604,346 649,345 694,344 739,344 784,344 829,345 873,347 918,349 963,352 1008,357 1053,362 1098,369 1143,377"/>
                <TextEquiv>
                    <Unicode>mit dem schwert hingerichtet worden. Den 10.</Unicode>
                </TextEquiv>
            </TextLine>
            <TextLine id="r2l4" custom="readingOrder {index:3;}">
                <Coords points="234,455 275,454 301,432 344,419 385,440 405,431 499,440 541,410 558,413 557,369 517,373 493,357 453,371 386,357 232,380"/>
                <Baseline points="239,418 265,417 291,415 317,414 343,413 369,413 396,414 422,414 448,414 474,413 500,412 526,410 553,408"/>
                <TextEquiv>
                    <Unicode>Augusti 1639.</Unicode>
                </TextEquiv>
            </TextLine>
            <TextLine id="r2l5" custom="readingOrder {index:4;} person {offset:0; length:16;} place {offset:21; length:10;}">
                <Coords points="235,937 311,960 351,929 388,952 778,938 911,969 951,942 1015,980 1095,966 1096,892 1013,909 953,873 876,904 827,866 705,904 574,863 236,886"/>
                <Baseline points="242,927 284,927 326,926 369,927 411,927 454,927 496,928 538,929 581,930 623,931 666,932 708,933 750,934 793,936 835,937 878,937 920,938 962,939 1005,940 1047,940 1090,940"/>
                <TextEquiv>
                    <Unicode>Elßbeth Bischler von Vberstorff</Unicode>
                </TextEquiv>
            </TextLine>
            <TextLine id="r2l6" custom="readingOrder {index:5;} person {offset:24; length:16;}">
                <Coords points="221,1029 373,1023 449,1057 528,1023 672,1054 862,1032 966,1061 1086,1050 1087,1019 785,966 564,992 445,966 372,994 223,954"/>
                <Baseline points="227,1020 269,1020 312,1021 355,1021 397,1021 440,1022 483,1022 525,1023 568,1023 611,1024 654,1025 696,1026 739,1027 782,1028 824,1030 867,1031 910,1033 952,1034 995,1036 1038,1039 1081,1040"/>
                <TextEquiv>
                    <Unicode>Nach dem (gegenwirtige) Elsbath Bischler</Unicode>
                </TextEquiv>
            </TextLine>
            <TextLine id="r2l7" custom="readingOrder {index:6;} place {offset:3; length:10;} place {offset:21; length:9;}">
                <Coords points="249,1081 773,1088 926,1115 987,1089 1093,1103 1094,1063 913,1074 839,1034 660,1061 587,1032 484,1058 249,1041"/>
                <Baseline points="254,1077 295,1077 337,1077 378,1078 420,1078 462,1078 503,1078 545,1078 587,1079 628,1079 670,1079 712,1080 753,1080 795,1081 837,1082 878,1082 920,1084 962,1085 1003,1087 1045,1088 1087,1090"/>
                <TextEquiv>
                    <Unicode>dm überstorff uß dem fryburger gebirt,</Unicode>
                </TextEquiv>
            </TextLine>
            <TextLine id="r2l8" custom="readingOrder {index:7;} person {offset:37; length:4; continued:true;}">
                <Coords points="220,1139 293,1167 345,1132 527,1156 605,1127 752,1141 790,1171 841,1137 918,1173 968,1141 1061,1153 1049,1103 925,1122 757,1092 585,1110 536,1082 484,1111 220,1091"/>
                <Baseline points="226,1131 267,1129 308,1128 350,1127 391,1127 433,1127 474,1127 516,1127 557,1127 599,1128 640,1128 681,1129 723,1130 764,1131 806,1131 847,1132 889,1133 930,1133 972,1133 1013,1134 1055,1134"/>
                <TextEquiv>
                    <Unicode>daß vor einem jar alhie hingerichten Rudi</Unicode>
                </TextEquiv>
            </TextLine>
            <TextLine id="r2l9" custom="readingOrder {index:8;} person {offset:0; length:11; continued:true;}">
                <Coords points="244,1184 445,1184 510,1212 597,1188 666,1210 765,1187 1071,1203 1071,1155 1033,1141 920,1173 501,1140 377,1166 346,1139 293,1167 244,1144"/>
                <Baseline points="250,1182 290,1181 331,1181 372,1180 413,1180 453,1180 494,1180 535,1181 576,1181 616,1181 657,1182 698,1183 739,1183 779,1184 820,1185 861,1185 902,1186 942,1186 983,1187 1024,1187 1065,1187"/>
                <TextEquiv>
                    <Unicode>Hattenbergs s gewesne eewyb, vor des</Unicode>
                </TextEquiv>
            </TextLine>
            <TextLine id="r2l10" custom="readingOrder {index:9;}">
                <Coords points="206,1240 291,1260 493,1238 535,1264 608,1243 646,1276 745,1241 1039,1255 1071,1203 691,1223 631,1195 491,1212 451,1184 386,1220 206,1202"/>
                <Baseline points="212,1234 254,1233 297,1233 339,1233 382,1233 425,1233 467,1233 510,1233 552,1234 595,1235 638,1236 680,1236 723,1237 765,1237 808,1238 851,1239 893,1239 936,1240 978,1240 1021,1240 1064,1240"/>
                <TextEquiv>
                    <Unicode>wegenen ires argwönngen umbschweiffend</Unicode>
                </TextEquiv>
            </TextLine>
            <TextLine id="r2l11" custom="readingOrder {index:10;}">
                <Coords points="230,1311 280,1291 372,1323 456,1286 532,1314 848,1299 901,1325 1017,1298 1101,1334 1102,1260 643,1276 609,1244 534,1267 427,1237 351,1269 230,1263"/>
                <Baseline points="236,1289 279,1288 322,1287 365,1287 408,1287 451,1286 494,1286 537,1287 580,1287 623,1287 666,1287 709,1288 752,1288 795,1289 838,1290 881,1291 924,1292 967,1292 1010,1293 1053,1294 1096,1295"/>
                <TextEquiv>
                    <Unicode>labwesens, schan hieuor an vnderschidenlich</Unicode>
                </TextEquiv>
            </TextLine>
            <TextLine id="r2l12" custom="readingOrder {index:11;}">
                <Coords points="232,1345 345,1369 388,1339 485,1363 542,1344 598,1376 759,1341 1093,1364 1093,1330 995,1309 233,1313"/>
                <Baseline points="238,1337 280,1336 323,1336 365,1335 408,1335 450,1335 493,1335 535,1336 578,1336 620,1337 663,1338 705,1338 748,1339 790,1340 833,1341 875,1342 918,1343 960,1344 1003,1345 1045,1345 1088,1346"/>
                <TextEquiv>
                    <Unicode>orten, sonderlich alhie zan der statt item</Unicode>
                </TextEquiv>
            </TextLine>
            <TextLine id="r2l13" custom="readingOrder {index:12;} place {offset:3; length:4;} place {offset:12; length:6;}">
                <Coords points="232,1421 516,1388 649,1419 870,1402 906,1427 1048,1400 1124,1435 1124,1381 976,1383 883,1345 827,1366 758,1341 681,1378 515,1346 443,1375 397,1348 345,1370 233,1352"/>
                <Baseline points="238,1389 282,1388 326,1388 370,1388 414,1388 458,1388 502,1389 546,1389 590,1389 634,1390 678,1390 722,1391 766,1392 810,1393 854,1393 898,1394 942,1395 986,1396 1030,1397 1074,1398 1118,1399"/>
                <TextEquiv>
                    <Unicode>zu Chun vnd Beuren, gfangeklich angenomen</Unicode>
                </TextEquiv>
            </TextLine>
            <TextLine id="r2l14" custom="readingOrder {index:13;}">
                <Coords points="230,1449 1080,1469 1111,1462 1112,1408 1062,1432 865,1410 733,1431 681,1403 599,1423 565,1400 515,1430 486,1403 407,1422 372,1399 230,1421"/>
                <Baseline points="236,1436 279,1437 322,1438 366,1439 409,1440 453,1441 496,1441 540,1442 583,1443 627,1444 670,1444 713,1445 757,1446 800,1447 844,1448 887,1449 931,1449 974,1451 1018,1452 1061,1453 1105,1455"/>
                <TextEquiv>
                    <Unicode>mit ruten ußgeschmeitzt gezeihnet und mit</Unicode>
                </TextEquiv>
            </TextLine>
            <TextLine id="r2l15" custom="readingOrder {index:14;}">
                <Coords points="221,1504 1102,1517 1093,1486 990,1488 949,1452 665,1478 414,1451 347,1477 222,1449"/>
                <Baseline points="227,1488 270,1489 313,1490 357,1491 400,1492 444,1493 487,1494 531,1495 574,1496 618,1497 661,1498 704,1499 748,1500 791,1501 835,1502 878,1503 922,1503 965,1504 1009,1504 1052,1504 1096,1504"/>
                <TextEquiv>
                    <Unicode>dem aydt von myner ge B und oberenn</Unicode>
                </TextEquiv>
            </TextLine>
            <TextLine id="r2l16" custom="readingOrder {index:15;}">
                <Coords points="222,1569 1019,1579 1091,1570 1092,1533 223,1517"/>
                <Baseline points="228,1548 270,1548 313,1548 356,1548 399,1548 442,1549 485,1549 528,1550 571,1551 614,1552 657,1553 699,1554 742,1555 785,1556 828,1557 871,1558 914,1558 957,1558 1000,1558 1043,1558 1086,1558"/>
                <TextEquiv>
                    <Unicode>statt und kandt verwisenen worden. So hat</Unicode>
                </TextEquiv>
            </TextLine>
            <TextLine id="r2l17" custom="readingOrder {index:16;}">
                <Coords points="231,1636 282,1608 616,1646 778,1611 894,1642 970,1618 1102,1640 1094,1595 865,1563 777,1602 607,1565 533,1591 457,1568 232,1580"/>
                <Baseline points="237,1605 282,1604 327,1604 372,1604 417,1604 463,1605 508,1606 553,1606 598,1608 643,1609 689,1610 734,1611 779,1612 824,1613 869,1614 915,1615 960,1615 1005,1616 1050,1616 1096,1615"/>
                <TextEquiv>
                    <Unicode>s, doch dise ire eidtschneer nit dergshaltenn</Unicode>
                </TextEquiv>
            </TextLine>
            <TextLine id="r2l18" custom="readingOrder {index:17;}">
                <Coords points="234,1670 373,1689 564,1661 720,1698 860,1669 925,1697 1105,1689 1117,1658 1040,1631 939,1656 769,1625 559,1649 484,1623 235,1629"/>
                <Baseline points="240,1656 283,1656 327,1657 370,1657 414,1658 457,1658 501,1659 544,1660 588,1661 631,1662 675,1663 718,1664 762,1665 805,1666 849,1668 892,1669 936,1670 979,1671 1023,1673 1066,1674 1110,1675"/>
                <TextEquiv>
                    <Unicode>behertziget, dann daz sy dieselben angentz vber¬</Unicode>
                </TextEquiv>
            </TextLine>
            <TextLine id="r2l19" custom="readingOrder {index:18;} place {offset:19; length:9;}">
                <Coords points="236,1723 1029,1735 1087,1725 1088,1697 941,1705 832,1675 719,1699 675,1671 619,1695 574,1663 392,1697 236,1677"/>
                <Baseline points="241,1711 283,1711 325,1711 367,1711 409,1711 451,1712 493,1712 535,1713 577,1713 619,1714 661,1715 703,1716 745,1717 787,1718 829,1719 871,1720 913,1721 955,1722 997,1722 1039,1723 1081,1724"/>
                <TextEquiv>
                    <Unicode>teitenn. Daruff zu Bürgdorff widerumb</Unicode>
                </TextEquiv>
            </TextLine>
            <TextLine id="r2l20" custom="readingOrder {index:19;}">
                <Coords points="894,1750 917,1750 923,1756 927,1753 938,1753 938,1723 932,1723 928,1727 913,1730 909,1733 902,1728 894,1728"/>
                <Baseline points="900,1746 932,1746"/>
                <TextEquiv>
                    <Unicode>and</Unicode>
                </TextEquiv>
            </TextLine>
            <TextLine id="r2l21" custom="readingOrder {index:20;}">
                <Coords points="234,1771 270,1794 316,1769 406,1787 449,1767 924,1786 924,1750 863,1726 783,1752 742,1733 234,1737"/>
                <Baseline points="240,1765 275,1765 311,1765 347,1765 382,1764 418,1764 454,1764 490,1764 525,1764 561,1764 597,1764 633,1764 668,1764 704,1765 740,1765 776,1765 811,1766 847,1767 883,1768 919,1769"/>
                <TextEquiv>
                    <Unicode>ergriffenen, und aber nit dermasen</Unicode>
                </TextEquiv>
            </TextLine>
            <TextLine id="r2l22" custom="readingOrder {index:21;}">
                <Coords points="938,1783 979,1777 999,1790 1018,1793 1046,1779 1060,1787 1082,1783 1083,1758 1066,1749 1052,1753 1042,1744 1017,1748 1006,1740 963,1743 952,1734 940,1732"/>
                <Baseline points="944,1768 970,1770 997,1771 1023,1772 1050,1773 1077,1775"/>
                <TextEquiv>
                    <Unicode>In ge</Unicode>
                </TextEquiv>
            </TextLine>
            <TextLine id="r2l23" custom="readingOrder {index:22;}">
                <Coords points="227,1849 447,1815 513,1851 552,1821 749,1840 791,1813 1019,1840 1102,1821 1102,1779 889,1803 702,1773 323,1802 227,1780"/>
                <Baseline points="233,1814 276,1814 319,1815 362,1815 405,1815 448,1815 491,1815 535,1815 578,1814 621,1814 664,1814 707,1814 750,1814 793,1814 837,1814 880,1814 923,1814 966,1815 1009,1815 1052,1816 1096,1817"/>
                <TextEquiv>
                    <Unicode>fangenschafft gefürt doch worden. Sy ist</Unicode>
                </TextEquiv>
            </TextLine>
            <TextLine id="r2l24" custom="readingOrder {index:23;}">
                <Coords points="221,1873 749,1889 868,1866 1089,1900 1072,1848 982,1848 953,1821 791,1854 603,1827 514,1852 446,1816 221,1849"/>
                <Baseline points="227,1862 269,1863 312,1863 355,1863 398,1864 441,1864 483,1864 526,1864 569,1864 612,1864 655,1864 697,1864 740,1865 783,1865 826,1865 869,1866 911,1867 954,1868 997,1869 1040,1870 1083,1872"/>
                <TextEquiv>
                    <Unicode>aber dasëlbstenn ußgebrochen und entwichenn</Unicode>
                </TextEquiv>
            </TextLine>
            <TextLine id="r2l25" custom="readingOrder {index:24;}">
                <Coords points="206,1931 816,1918 1081,1949 1082,1899 972,1873 886,1904 790,1864 670,1900 553,1875 207,1885"/>
                <Baseline points="212,1913 255,1912 298,1912 341,1912 384,1912 428,1912 471,1912 514,1912 557,1913 600,1913 644,1914 687,1914 730,1915 773,1915 816,1916 860,1916 903,1917 946,1918 989,1919 1032,1919 1076,1920"/>
                <TextEquiv>
                    <Unicode>Jedachy mit wyter als bist nach wangen</Unicode>
                </TextEquiv>
            </TextLine>
            <TextLine id="r2l26" custom="readingOrder {index:25;}">
                <Coords points="221,1973 1096,1976 862,1928 731,1949 515,1919 324,1949 254,1915 221,1933"/>
                <Baseline points="227,1962 270,1962 313,1961 356,1961 399,1961 442,1962 485,1962 529,1962 572,1962 615,1963 658,1963 701,1964 744,1964 787,1965 831,1965 874,1966 917,1967 960,1967 1003,1968 1046,1969 1090,1969"/>
                <TextEquiv>
                    <Unicode>kommen, daselbsten hat man sy abermalene</Unicode>
                </TextEquiv>
            </TextLine>
            <TextLine id="r2l27" custom="readingOrder {index:26;}">
                <Coords points="223,2037 424,2015 590,2048 698,2016 841,2040 888,2015 1020,2024 1061,2056 1098,2034 1098,2005 1034,1988 830,1976 761,2000 668,1977 506,2001 224,1973"/>
                <Baseline points="230,2011 273,2010 316,2010 359,2010 402,2010 445,2010 488,2011 531,2011 574,2011 617,2012 661,2012 704,2013 747,2013 790,2014 833,2015 876,2016 919,2017 962,2018 1005,2018 1048,2019 1092,2020"/>
                <TextEquiv>
                    <Unicode>gfengeblich angenammen, und wyl sy domalenn</Unicode>
                </TextEquiv>
            </TextLine>
            <TextLine id="r2l28" custom="readingOrder {index:27;}">
                <Coords points="229,2087 504,2087 577,2062 638,2090 750,2072 942,2096 1070,2079 1071,2037 994,2063 867,2029 800,2058 230,2026"/>
                <Baseline points="235,2062 276,2061 317,2061 359,2061 400,2061 442,2061 483,2062 525,2062 566,2063 608,2064 649,2065 690,2066 732,2068 773,2069 815,2069 856,2071 898,2071 939,2072 981,2073 1022,2073 1064,2073"/>
                <TextEquiv>
                    <Unicode>fürgebenn, sy sye schwanger, alhar In die</Unicode>
                </TextEquiv>
            </TextLine>
            <TextLine id="r2l29" custom="readingOrder {index:28;}">
                <Coords points="216,2121 1080,2144 1041,2093 892,2116 844,2077 769,2100 709,2075 563,2103 486,2071 217,2088"/>
                <Baseline points="223,2112 265,2111 308,2110 350,2110 393,2110 435,2111 478,2111 520,2112 563,2113 605,2114 648,2116 691,2117 733,2119 776,2121 818,2123 861,2124 903,2126 946,2127 988,2129 1031,2130 1074,2131"/>
                <TextEquiv>
                    <Unicode>statt geschickt, da sy etlich wuchen lang im</Unicode>
                </TextEquiv>
            </TextLine>
            <TextLine id="r2l30" custom="readingOrder {index:29;}">
                <Coords points="218,2167 618,2175 677,2205 722,2178 1080,2189 1077,2147 1005,2169 775,2134 712,2161 639,2134 595,2154 492,2119 434,2147 368,2123 219,2135"/>
                <Baseline points="224,2160 266,2159 309,2159 351,2160 394,2160 436,2161 479,2162 521,2164 564,2165 606,2167 649,2168 692,2171 734,2172 777,2174 819,2175 862,2177 904,2178 947,2179 989,2179 1032,2179 1075,2179"/>
                <TextEquiv>
                    <Unicode>spittalt an ysenn gelegen, doch entlichen mit</Unicode>
                </TextEquiv>
            </TextLine>
            <TextLine id="r2l31" custom="readingOrder {index:30;}">
                <Coords points="221,2218 921,2231 1006,2267 1093,2229 1093,2204 939,2182 812,2212 724,2178 679,2206 507,2172 222,2189"/>
                <Baseline points="227,2209 270,2209 313,2209 356,2209 399,2210 442,2211 485,2213 528,2214 571,2216 614,2217 657,2219 700,2220 743,2222 786,2223 829,2225 872,2226 915,2226 958,2227 1001,2227 1044,2227 1087,2226"/>
                <TextEquiv>
                    <Unicode>einer irer zugebrachten fylen, die ketti zer</Unicode>
                </TextEquiv>
            </TextLine>
            <TextLine id="r2l32" custom="readingOrder {index:31;}">
                <Coords points="212,2285 478,2275 721,2305 784,2275 995,2310 1082,2275 1083,2237 994,2266 936,2241 791,2259 759,2230 329,2244 213,2221"/>
                <Baseline points="218,2264 260,2264 303,2263 346,2263 389,2263 432,2264 475,2265 518,2266 561,2268 604,2269 647,2270 689,2271 732,2273 775,2274 818,2275 861,2275 904,2276 947,2276 990,2276 1033,2275 1076,2274"/>
                <TextEquiv>
                    <Unicode>fylet, vnnd sich also durch daß muttel ledig, vnd</Unicode>
                </TextEquiv>
            </TextLine>
            <TextLine id="r2l33" custom="readingOrder {index:32;}">
                <Coords points="217,2334 243,2327 264,2347 329,2316 387,2340 403,2324 445,2317 504,2337 533,2322 552,2329 553,2289 525,2281 484,2298 458,2290 349,2301 254,2273 218,2284"/>
                <Baseline points="224,2308 250,2309 277,2310 304,2311 331,2311 358,2311 385,2312 411,2312 438,2313 465,2314 492,2316 519,2317 546,2319"/>
                <TextEquiv>
                    <Unicode>flüchtig gemacht.</Unicode>
                </TextEquiv>
            </TextLine>
            <TextLine id="r2l34" custom="readingOrder {index:33;}">
                <Coords points="722,2332 747,2330 764,2343 801,2333 840,2360 876,2356 912,2332 987,2336 1019,2350 1071,2342 1072,2314 965,2300 929,2311 898,2293 860,2319 813,2304 785,2274 750,2301 723,2298"/>
                <Baseline points="728,2324 753,2324 779,2325 805,2326 831,2327 857,2328 883,2329 909,2330 935,2331 961,2332 987,2332 1013,2332 1039,2332 1065,2332"/>
                <TextEquiv>
                    <Unicode>Wann sy aber</Unicode>
                </TextEquiv>
            </TextLine>
            <TextLine id="r2l35" custom="readingOrder {index:34;}">
                <Coords points="216,2373 381,2372 433,2398 549,2375 609,2400 767,2379 986,2412 1070,2389 1071,2358 846,2365 787,2334 668,2361 587,2308 492,2351 378,2347 329,2316 263,2347 217,2334"/>
                <Baseline points="222,2359 264,2359 306,2360 348,2361 390,2362 432,2363 474,2364 516,2366 558,2367 600,2369 643,2371 685,2372 727,2374 769,2376 811,2377 853,2378 895,2379 937,2380 979,2381 1021,2381 1064,2381"/>
                <TextEquiv>
                    <Unicode>kurzuerwichner tlagen, mit den hienorge¬</Unicode>
                </TextEquiv>
            </TextLine>
            <TextLine id="r2l36" custom="readingOrder {index:35;}">
                <Coords points="216,2426 266,2413 354,2452 404,2428 690,2438 725,2464 793,2433 924,2435 1014,2468 1082,2417 809,2387 727,2412 670,2380 617,2405 384,2376 217,2391"/>
                <Baseline points="222,2409 264,2409 307,2409 349,2410 392,2412 435,2413 477,2415 520,2417 563,2419 605,2421 648,2423 691,2426 733,2427 776,2429 819,2431 861,2432 904,2433 947,2434 989,2434 1032,2434 1075,2433"/>
                <TextEquiv>
                    <Unicode>welten zweyenen gesellenn, vnd anderen</Unicode>
                </TextEquiv>
            </TextLine>
            <TextLine id="r2l37" custom="readingOrder {index:36;} place {offset:8; length:14;}">
                <Coords points="205,2471 351,2496 387,2473 444,2496 622,2476 690,2508 754,2483 869,2512 1062,2495 1063,2469 989,2449 901,2474 679,2438 608,2461 464,2430 207,2442"/>
                <Baseline points="212,2460 254,2459 296,2459 338,2459 380,2460 423,2461 465,2464 507,2466 549,2468 591,2470 634,2474 676,2476 718,2478 760,2481 802,2483 845,2485 887,2487 929,2487 971,2488 1013,2488 1056,2487"/>
                <TextEquiv>
                    <Unicode>mehr zu Schwartzenburg widerumb er</Unicode>
                </TextEquiv>
            </TextLine>
            <TextLine id="r2l38" custom="readingOrder {index:37;}">
                <Coords points="204,2549 364,2519 541,2564 597,2534 891,2550 945,2582 1076,2543 1078,2487 808,2529 622,2476 581,2505 518,2472 478,2498 207,2494"/>
                <Baseline points="212,2519 254,2516 297,2514 340,2514 383,2514 426,2516 469,2517 512,2520 555,2523 598,2526 641,2529 683,2533 726,2536 769,2538 812,2541 855,2543 898,2544 941,2544 984,2543 1027,2542 1070,2539"/>
                <TextEquiv>
                    <Unicode>griffen, vnd gefengeklich alhar gebracht, vnd</Unicode>
                </TextEquiv>
            </TextLine>
            <TextLine id="r2l39" custom="readingOrder {index:38;}">
                <Coords points="208,2579 249,2602 326,2570 427,2597 484,2578 574,2603 977,2611 1032,2604 1034,2562 944,2583 890,2552 661,2573 594,2536 541,2564 516,2539 478,2558 383,2529 209,2545"/>
                <Baseline points="214,2568 254,2568 295,2568 335,2569 376,2570 417,2572 457,2573 498,2575 539,2577 579,2579 620,2581 661,2584 701,2586 742,2588 783,2590 823,2592 864,2593 905,2595 945,2595 986,2596 1027,2596"/>
                <TextEquiv>
                    <Unicode>volgents auch durch vor: und wolermelte</Unicode>
                </TextEquiv>
            </TextLine>
            <TextLine id="r2l40" custom="readingOrder {index:39;}">
                <Coords points="197,2634 520,2629 846,2669 1066,2652 1068,2583 883,2631 784,2600 513,2614 409,2586 339,2609 199,2579"/>
                <Baseline points="203,2623 245,2621 288,2620 331,2620 374,2621 417,2622 460,2624 502,2626 545,2628 588,2630 631,2633 674,2636 717,2638 760,2641 802,2642 845,2644 888,2645 931,2646 974,2646 1017,2645 1060,2642"/>
                <TextEquiv>
                    <Unicode>Herren, den 3. 6. und 7. dißmonats e</Unicode>
                </TextEquiv>
            </TextLine>
            <TextLine id="r2l41" custom="readingOrder {index:40;} place {offset:17; length:7;}">
                <Coords points="194,2681 568,2677 915,2725 983,2695 1073,2711 1075,2668 952,2652 799,2681 707,2646 196,2636"/>
                <Baseline points="200,2665 243,2665 286,2665 330,2665 373,2667 417,2669 460,2670 503,2673 547,2675 590,2678 634,2681 677,2684 720,2687 764,2690 807,2692 851,2694 894,2695 937,2696 981,2696 1024,2696 1068,2695"/>
                <TextEquiv>
                    <Unicode>augesty alhie zu Marzili peinlich era</Unicode>
                </TextEquiv>
            </TextLine>
            <TextLine id="r2l42" custom="readingOrder {index:41;}">
                <Coords points="202,2727 391,2717 603,2756 638,2731 813,2740 911,2773 1051,2757 1054,2703 898,2729 738,2696 695,2719 499,2678 441,2704 340,2666 204,2693"/>
                <Baseline points="209,2708 250,2710 292,2711 334,2713 376,2715 418,2717 460,2720 501,2722 543,2724 585,2727 627,2730 669,2732 711,2734 753,2737 794,2739 836,2740 878,2742 920,2743 962,2744 1004,2745 1046,2746"/>
                <TextEquiv>
                    <Unicode>miniert und befragt worden, so hat sy</Unicode>
                </TextEquiv>
            </TextLine>
            <TextLine id="r2l43" custom="readingOrder {index:42;}">
                <Coords points="197,2768 1009,2812 1044,2763 865,2774 768,2741 694,2772 391,2717 315,2747 198,2731"/>
                <Baseline points="203,2758 244,2759 286,2760 327,2762 369,2764 411,2766 452,2768 494,2770 536,2773 577,2775 619,2778 661,2780 702,2783 744,2785 786,2787 827,2789 869,2790 911,2792 952,2793 994,2793 1036,2793"/>
                <TextEquiv>
                    <Unicode>doch anders nützit, dann mur allein etliche</Unicode>
                </TextEquiv>
            </TextLine>
            <TextLine id="r2l44" custom="readingOrder {index:43;}">
                <Coords points="187,2819 311,2845 341,2821 571,2824 637,2860 797,2838 945,2870 1075,2845 1069,2792 756,2824 189,2774"/>
                <Baseline points="194,2810 237,2810 281,2810 325,2811 369,2813 413,2815 456,2817 500,2820 544,2823 588,2825 632,2829 675,2831 719,2834 763,2835 807,2837 851,2838 894,2839 938,2839 982,2838 1026,2836 1070,2833"/>
                <TextEquiv>
                    <Unicode>kleine sachen, Die sy chan zuner zu Thet und</Unicode>
                </TextEquiv>
            </TextLine>
            <TextLine id="r2l45" custom="readingOrder {index:44;} place {offset:0; length:5;}">
                <Coords points="177,2872 717,2911 830,2894 877,2919 1080,2882 1081,2852 774,2875 634,2862 571,2824 523,2851 179,2823"/>
                <Baseline points="183,2858 227,2859 272,2861 316,2863 361,2865 405,2868 450,2870 494,2873 539,2876 583,2879 628,2881 673,2884 717,2886 762,2888 806,2889 851,2890 895,2890 940,2889 984,2888 1029,2885 1074,2882"/>
                <TextEquiv>
                    <Unicode>Büren bekent, bestetiget, im obrigen aber</Unicode>
                </TextEquiv>
            </TextLine>
            <TextLine id="r2l46" custom="readingOrder {index:45;}">
                <Coords points="188,2925 852,2947 882,2975 1076,2943 1077,2909 950,2894 902,2919 749,2891 628,2918 580,2893 495,2909 434,2874 319,2897 190,2873"/>
                <Baseline points="194,2913 237,2914 281,2915 325,2917 369,2919 413,2921 456,2923 500,2925 544,2928 588,2930 632,2932 675,2934 719,2936 763,2938 807,2939 851,2940 894,2940 938,2939 982,2938 1026,2936 1070,2933"/>
                <TextEquiv>
                    <Unicode>und das sy sithere etwas anders oder böses begangen</Unicode>
                </TextEquiv>
            </TextLine>
            <TextLine id="r2l47" custom="readingOrder {index:46;}">
                <Coords points="175,2996 429,2984 633,3023 740,2997 829,3031 874,3000 1083,3002 1085,2944 865,2980 562,2934 360,2955 217,2918 176,2940"/>
                <Baseline points="181,2966 225,2966 270,2968 315,2970 360,2971 405,2974 450,2976 494,2978 539,2980 584,2983 629,2985 674,2987 719,2989 764,2990 808,2991 853,2992 898,2992 943,2991 988,2990 1033,2988 1078,2985"/>
                <TextEquiv>
                    <Unicode>habe gantz nit gestendig syn wellen, anders de</Unicode>
                </TextEquiv>
            </TextLine>
            <TextEquiv>
                <Unicode>Diser ist mit dem hienorgamelt vetter Eschant
vnd diser hienachbeschribnen Alßbeth Bischler
mit dem schwert hingerichtet worden. Den 10.
Augusti 1639.
Elßbeth Bischler von Vberstorff
Nach dem (gegenwirtige) Elsbath Bischler
dm überstorff uß dem fryburger gebirt,
daß vor einem jar alhie hingerichten Rudi
Hattenbergs s gewesne eewyb, vor des
wegenen ires argwönngen umbschweiffend
labwesens, schan hieuor an vnderschidenlich
orten, sonderlich alhie zan der statt item
zu Chun vnd Beuren, gfangeklich angenomen
mit ruten ußgeschmeitzt gezeihnet und mit
dem aydt von myner ge B und oberenn
statt und kandt verwisenen worden. So hat
s, doch dise ire eidtschneer nit dergshaltenn
behertziget, dann daz sy dieselben angentz vber¬
teitenn. Daruff zu Bürgdorff widerumb
and
ergriffenen, und aber nit dermasen
In ge
fangenschafft gefürt doch worden. Sy ist
aber dasëlbstenn ußgebrochen und entwichenn
Jedachy mit wyter als bist nach wangen
kommen, daselbsten hat man sy abermalene
gfengeblich angenammen, und wyl sy domalenn
fürgebenn, sy sye schwanger, alhar In die
statt geschickt, da sy etlich wuchen lang im
spittalt an ysenn gelegen, doch entlichen mit
einer irer zugebrachten fylen, die ketti zer
fylet, vnnd sich also durch daß muttel ledig, vnd
flüchtig gemacht.
Wann sy aber
kurzuerwichner tlagen, mit den hienorge¬
welten zweyenen gesellenn, vnd anderen
mehr zu Schwartzenburg widerumb er
griffen, vnd gefengeklich alhar gebracht, vnd
volgents auch durch vor: und wolermelte
Herren, den 3. 6. und 7. dißmonats e
augesty alhie zu Marzili peinlich era
miniert und befragt worden, so hat sy
doch anders nützit, dann mur allein etliche
kleine sachen, Die sy chan zuner zu Thet und
Büren bekent, bestetiget, im obrigen aber
und das sy sithere etwas anders oder böses begangen
habe gantz nit gestendig syn wellen, anders de</Unicode>
            </TextEquiv>
        </TextRegion>
    </Page>
</PcGts>
