1202 2856
42 2071 99 2174 d
58 580 108 677 de
43 48 1208 271 .Wehr habe er am kürzenberg mit hilff syner gschenen u.
122 130 759 245 par schu, so sy getragen gestolen
130 185 1209 383 uff der Egg dem langenberg uß emein buhßli so uff man
135 267 901 381 genterli gestanden 20 bz erwitscht.
117 324 1008 462 uffen abnit i par wußthuhin strumpf
126 394 1155 565 und Munsingen habeer un einem desreher 2 bachen kein
111 466 1171 618 und etwas fuchr genommen und ins thallgut brachts h
117 522 729 627 Ime aber abgingt worden.
126 575 1193 746 Am stallden by hingen u broht in käß blas volfe
125 641 1156 781 zud Frymütigen 1 kübli vol anken in leybbroht
125 712 1171 849 zur Uberstorff 20 lb weren gestolen und solches an der
129 776 721 891 gummenen umb 4 lb verkaufft
96 781 136 856 C
141 828 1177 969 o murten an offnem wachen meit einen käß, wellches
113 899 1187 1029 keine Suri Hans hinderhin gerekht, auch i sagißen enzuh
209 962 910 1072 redes stukh umb 4 g verkaufft.
53 1012 1174 1158 d. Obenthalb Kertzertz einem pfister umb 12 b brcht
103 1101 1171 1231 snndenthalb arberg uß einem schiff ein feßli nit w
138 1177 1170 1293 so 12 maß gehalten, sambt einem brocht genommen undt
142 1227 449 1332 sollichs genoßen.
22 1288 941 1410 13 Uff der langenegg i blatten volkuchlen
36 1381 85 1452 de
126 1359 1160 1489 zuo oberst daselbst u einem schafft i bhätten vol fleisch
101 1427 918 1547 den tritz uß einem käller 2 hußkäsen.
113 1500 956 1621 den taüffenthal j Rübli voll nydleli
126 1573 1164 1701 uff der Sigrißwyler als uß einem vorsatzn 2 pf
139 1649 1167 1754 atrütten voll spiß en gebsen voll milch und  diere
998 1714 1124 1771 grnden
136 1710 419 1808 buß genommen.
140 1744 1164 1873 zuo Schrißwyl 2 hoffel und  laden vol dürr kürken,
75 1778 130 1882 d
107 1842 1207 1953 Im Baselpiet bäß i wyfel und i stuke brocht
55 1845 110 1932 de
134 1899 1020 2020 zuo hilterfingen uß einem k�ller i brohs.
60 1938 143 2027 d
181 1976 219 2037 6
109 1968 1164 2079 Ano Hätziwyl uß einem kuch gaden  blaten volfleihh
135 2034 1154 2148 Hafarm ob Stäfißburg uß einem hafen 1 wurst
126 2098 1126 2225 An der langeng uß einem schafft i hafen vol ankhen
134 2182 645 2285 und  fübl mit mahl
127 2199 1173 2324 zno Kallrath rumpf vol ziger und den zukerzat
116 2290 592 2379 smmb 20 b verkaufft
129 2337 1162 2440 Sonst habe er der diebstälen so vill verbracht, das
138 2390 921 2481 er die vile und hahs derselben nit wüße.
107 2438 1160 2563 unnd endlch habe er den troben zu Tlun gschwornen agt
138 2491 1145 2584 mynen gh und lant hanyden andorff nit behortigdt
137 2507 1166 2633 noch gehalten weder das er sichar allewol im selbe
115 2583 1156 2690 umbbar gestrichen, allso sollichen wüßendhafft und
130 2643 597 2767 schandlich ubertreten.
