1124 3083
1053 57 1129 132 89.
54 63 1057 253 des jenige, der solches gethan habe. Waß
64 161 1033 303 dem dis übrigen prneten, deren er sy
69 228 1058 374 noch verners angeklagt, Item das In der
45 305 1123 456 zet, alß Innen die falschen Schlusel, dis trich
53 379 1036 522 und dergleichen Instrument zugestelt
53 461 1070 580 worden etwas böses darmit begangen
54 531 1110 657 habint, deß alleßin hat sy gantz nit gesten-
35 592 1107 744 dig sein frollen, Allein hat sy zwan bekchendt
45 678 1109 835 daß sy vff ein zeith, alß sy kranckh Vnd noch
35 765 1063 899 darzu zungerig gewesen, ermelten Iren
45 868 93 916 E
50 844 1080 971 gurig angewisen habe, dz es sechen wo er
40 903 1084 1029 stwan brodt, und zueßen pfftriben könne
37 983 1072 1114 sonsten seyef sy vor Vngefehrd 8 wuchen
37 1055 1045 1180 Von imme eines Kindts genesen, das habe
44 1131 988 1275 In zwau by zra, Vnd aber es seye gantz
43 1214 1010 1330 schwach und bläd und obgleichwohl, sy
36 1276 976 1405 zweymahlen lär, das drits mahl mit
40 1344 1043 1464 einem, das 4. mit zweyen steinen Vffge¬
23 1422 1038 1542 zogen und das 5 mahl mit 13 steinen ge-
38 1489 1033 1581 tröüwt worden, so hat sy doch anders
44 1557 1028 1677 nützet, dann das heoben geschriben staht,
29 1647 465 1755 bekhennen wollen.
60 1752 1050 1858 Dise ist mit iren zweyenn hurenkinderen, uf mit
45 1815 1035 1875 dem eydt von ir g statt und landt pwrisenn und
44 1856 1004 1951 uff die grantzenn gefürt worden den 1. dep 1640.
42 2364 1045 2501 Samnel Bellg, burger alhie
16 2502 1035 2605 Nach dem montags den 17. diß monats
14 2572 1054 2676 Augusti 1640 in der Nachthinder dem
30 2639 1024 2769 Balcken 77 strangen garn verlohren und
8 2720 1065 2831 darby in erfahrung gebracht worden, das
3 2773 148 2844 Sapech
36 2782 1066 2901 gemelter Hellz, vmb dieselbe Zeith einen gantz
27 2853 1030 2985 Sackhuol dergleichen garn nach Freyburg
-1 2933 183 3002 burge Alhie
