1195 2894
1029 30 1102 105 50
39 93 1055 247 Ufferdt disen hieuor gechribnenn postenn allen, hat er
41 142 1047 312 lrüchbärte glichwohl vor mahre und obren rüth unndt
33 194 1067 367 bergeren, vor disem fräfenlich erhaltenn wellenn und
32 260 1107 385 arumb er auch etliche urehe den lieben gott im Himmel
28 309 1126 455 zu einem heilig zügenn angerüfft und söliches by desselben
46 363 1135 488 sachenn namenn gethüret, das er mahr und obrenn, so gute
44 427 1111 561 erbare ufrechte und redliche rechnung gegebenn habe
45 479 1063 589 alls demahlenn von den hrn seinen ambtsvorfahrenn,
36 529 1112 658 bschechenn, vnndt was noch mehr ist, das er ir gs auch vol-
30 572 1098 688 komlich usbezahlt habe und denen mit mehr schuldig ve,
27 624 1052 743 da er doch schon albereidt noch by den 30600t pfun
33 675 1105 791 unnerrechnet, domahlen in seiner handen behaltennn,
33 726 1094 831 welches gelt nach seinem vstrit, mals den vernerenn,
27 782 1095 881 zu rb landen, durch daniel Keller seinen tochter-
31 841 567 930 sant überligeret wordenn.
43 923 1093 1040 Worüber hat er frischbärtz sich dismahl enn also endt-
55 983 1101 1074 schuldiget, Er müße swar bekhennenn, das er in disem
48 1035 1097 1127 seinem ufgetragnen serkelmeister ambt, etlicher gstalte
36 1086 1115 1196 fahrläsag iferseye und übelgrirt habe, Es seyend ab er
38 1136 1112 1236 ds mehreren theyls die ursachenn, ramlichenn das mahs
33 1189 1056 1293 vnndt sorenn ihme noch zu disem seinem getrageenn
27 1225 1043 1322 ambt vilerley andre gescheffte und sonderlich vil
35 1283 1039 1383 gehandtschafftehnn, vfgebundenn, Wann er dan
29 1330 1100 1409 dieselbige verrichtet habe und widrumb anheibte worden
40 1379 1104 1473 yt, habe er inwuschenn vil vergässenn und nit mehr
48 1420 1083 1489 arangedacht, yt also durch dis mittrl bald eins balld
31 1493 1087 1563 ein anders yntschrybende ogelassenn wordenn, welches
34 1524 1074 1583 aber nit bewechet were, so er auch nur allein dem
32 1569 1083 1663 seekelmeister ambt, wie andren seine h vorfahrenn,
25 1616 1062 1708 hete abearten könnenn. Neben dem so habe er, dise
38 1678 1101 1741 ein letste noch vepassierte rechnung zestellen nit mehr
23 1709 1073 1798 als fünfftag lang zihen gehabt, hatbe also nit durch us
24 1743 1088 1848 in allen seinen gschrifftenn, hindrödlen handtbucheren
23 1793 1066 1879 und rechnung nachschlachen wörden, was noch in die
31 1829 1074 1945 rechnung unseuerlybenn oder uslassen, ghört hate
41 1886 1094 2000 unders habt die lemmallenn zum endtbringen müssenn.
46 1929 1028 2025 Wann er aber sein ambt hett ußienen söllenn, so
29 1976 1078 2079 hete er auch vor seiner letstenn rechnung, alle seine
32 2027 1085 2126 sorghendenn rechnungen, gchrifften zins und bandt
33 2071 1057 2160 bucher zuuorflissig derchsucht, und was erdent-
49 2127 1061 2202 mahlen geehrt befunden hate. In sein abrechnung ge
28 2157 1062 2245 bracht, were also eben in eins kommen und heffindt
28 2208 1069 2319 mallen glichwohl nüt verloren. Das er aber die vor
264 2247 407 2291 30000
23 2252 1073 2357 allognenn nit in dise sein letste rechnung
22 2291 1050 2395 gebracht, ye die ursach gwäsenn, das dis gelt von den
29 2331 1047 2452 domahlen noch nit bechlossnenn kornrechnungenn
23 2383 1060 2499 har har geflossens, welche erst nach Johanus nach dem
28 2420 994 2530 die herrenn ambtlüth ire rechnungen abgleidt
24 2479 1060 2570 gurdent habenn, hete könnech volnzogenn wer¬
33 2534 1063 2598 senn, also das dis gelt nit in die stJohanns rech
29 2557 1053 2666 nang, hunders un die daruf volgendt wienachtt
30 2611 1090 2705 rechnung gehört hete, neben dem das er auch gar wohl
31 2658 1069 2770 gwüßt, was mercklicher und vilerley ugabenn, er
34 2706 1062 2819 ete bis dahin verrichtene müßtenn, derweg er auch
