1154 2881
1039 61 1135 141 91.
79 76 945 254 Hamuel Hellg, Jurger alhie
31 189 1157 361 chdem montags den 17. diß monats augusti.
64 250 1113 432 bu0 in der nachthinder dem Zalckhenpn
58 320 1137 494 strangen garn verlahren und darby in erfahrung ge-
65 394 1116 547 bracht worden, daß sannrl Hellg furger alsie,
61 468 1120 608 umb diesel bezeith einen gantzen sacknol dergleich
60 514 1131 670 garn nacher Fryburg getragen und daselbsten ver¬
52 586 1096 740 hauff habe, ist er deßwegen gfenechlich yngezogen,
58 652 989 811 Vnd hernach den 27. deselben monats Auausti
38 702 1076 867 drch heeren aund müller des schleinen fahts und
47 781 1103 921 Herren Großweybel Weerber in der gfangenschafft
33 868 1098 965 alhis ernstfwortlich mit betröüwung der marter
29 899 1098 1038 exaninert und befragt worden, der hat nun bekhent
38 981 515 1088 und prlächen wie volget,
32 1032 1075 1170 Eestlichen habe er verschinen winters mit einem frömb,
29 1105 1098 1230 den jungen gsellen, welcher domahlen by hr Christofel
30 1175 1055 1285 von Luternauw dem h zu Tschefflan in diensten
40 1236 1063 1330 gewesen, getrunckhen, der habe Ihme domahlen An¬
25 1290 1058 1408 gezeigt, er neüste an einem orth vill zubsches gare
32 1351 1042 1469 so ihm eines holffe, welte er daßelbig wol hinweg
23 1424 1025 1528 bringen khonnen, In diser Weinfnechte nun, habe er
30 1478 1059 1581 sich von demselbigen bereden laßen, seye also vff den
29 1534 1071 1644 ebent mit imme in seines j stahl gangen, daßelbsten
27 1593 1066 1697 habe es in ein lange staligen einen ordenlichen haagen
20 1659 1031 1731 yngestrubet, mit welcheren sy (alß sy bedunekts
23 1704 1008 1811 zuthgesein) durch das gaßli gegen der grechtigkeit
33 1766 1006 1863 gangen und also vorgesagtem h müllen, oben vor
20 1819 1039 1927 einem gmach diesangen (an welcheren by den
11 1877 1045 1987 s0 strangen garn gehangen) ledig gemacht, das garn
15 1938 1040 2039 hnweg genomen, vnd hernach miteinanderen zugleich
15 1996 738 2091 getheilt, genommen und hern
9 2065 1013 2155 In eines anderen nacht, habent sy beid mit gleichem
-7 2114 1036 2218 Anstrament, vor H. Erganuel Zerndershuß Vß dem
-7 2177 1018 2279 Vschmarit auch dergleichen tangen ledig gemacht 72
7 2236 1006 2341 fundt rei nahßen Kröslin garn und 10 lb.
7 2293 1033 2399 Rigstin hinweg genomen und gleicher gstalten mit
16 2344 394 2443 einanderen getheilt.
-5 2391 1045 2527 Vor wylundt h Jacob Thurmand des jungeren see
-5 2469 1009 2573 Witteren behußung, habent sy beid auch nächtlicher
3 2522 1008 2632 wy 100 strangen klachßin und 12 strangen
-1 2577 792 2677 ander d gmein garn, entfrömbdet.
11 2635 991 2748 deßelbengleichen h HanßLudwig von Werth 14
9 2694 1010 2797 trangen flachßm garn. inn einer nacht als er die
0 2753 236 2838 Wacht ghan,
