1180 2959
1071 134 1153 177 29
235 158 1184 275 das sy zum 3. mal den eydt übersachen habe
237 199 1169 309 das sy aber die ketten, daran sy alhie im
248 242 1163 348 spittal gelegen, zerfylet, vnd sich also durch
254 295 1165 402 diß mitel ledig gemacht, deßen sye ein welte
252 334 1152 436 scherman, der Ira die Eylen zugebracht, vnd
246 386 1137 487 der sich domalen auch Im spital vfgehaltenn
261 425 1169 538 die ursach, sünsten habe sy andert nüt verbracht,
158 481 1172 593 den das sy in zu Schwartzenburg, als man sy gfang
266 519 1138 621 klich angenommen und zimlich übeltractiert, mit
263 565 1117 661 bösen schwiren ußgebroch., Die seyent ira aber
267 602 1125 728 leitipete hiemit den lieben Gott, vnd ein gue¬
255 654 1030 760 diee oerkeit umb gnadt vnd grleichung¬
270 702 1108 816 uff sölliche der gedachten dreyen personen
276 749 1088 845 vilfaltige begangne diebstäl, übersachne
281 811 1117 897 eyd grobethantliche schnüw umb gethana
267 850 1144 935 mishandlung hin haben hochgemelt m g s
278 889 1132 977 und oberen h schult a und Burs disem
11 919 254 1012 burecht erkent
274 934 1148 1036 freyen und loplichen stall Bern uff iren eyde
19 986 251 1058 dergesprochenn
14 1036 248 1112 wn sy dem
241 1022 1141 1156 Margreth Bucher von Tryburg deß
11 1073 206 1144 achricht ba
276 1068 1117 1191 Hiener gemelten andres Satlers ehemyb,
4 1116 236 1194 elch der oren
10 1174 239 1242 uff gweoe
248 1160 1130 1290 Ist auch den 3. augert und 6. augusti durch
6 1207 223 1303 ihnn rachtshat
270 1216 1142 1321 verermelte herren examiniert und wyl sy
3 1261 236 1325 orden und de
281 1278 1133 1379 sich schwanger befint, mit dem dumysen
-1 1306 252 1371 albsten mit dem
272 1336 1141 1412 geheckt worden. Dise aber hat anders nützet be
4 1349 257 1431 schmect vom ll
279 1372 1138 1457 kent, dann das sy sich ungferdt vor einem jar
11 1397 236 1468 mog tut hüricht
277 1436 1114 1506 mit gesagtem irem eheman kehrlichet, vnd
14 1440 240 1506 ole, das ist den
21 1489 252 1566 augustii 1639
281 1481 1116 1570 habe sich die Zeith hero by deßelbenn Bruder
23 1533 148 1608 zechen
279 1533 1138 1606 nechst by solothure ufgehalten. zetrnt aber
275 1581 1131 1658 habe er von dem vorgemelten vatter Schantz
279 1625 1116 1691 einen pfsatz umb 4 l erkaufft, daruff habe
273 1676 1120 1731 er demselben 3 j bezalt, die vierte cronem
278 1719 1103 1793 sye er Im nach schuldig, vnd habent also deße
245 1780 1121 1841 wegenn zu Sichwartzenburg den wynkauff
277 1804 1112 1892 getrunckene, darob sy aber ergriff und geg
278 1858 1122 1943 fengeklich alhar gefürt worden, das nun ir man
278 1918 1096 1993 vil dielstät solle begangen haben, daruon
268 1964 1131 2027 wüste sy nüt, es müste geschechen syn, war und
279 2019 1086 2091 ehe er sy geehelichet habe, pittet deßwegenn
265 2069 1110 2143 Gat den S. vnd ein gnedige Oberkeit vmb
257 2113 467 2183 ezeichung.
236 2166 1096 2269 iIst mit einer gelubt in ihr henmat gewißen.
255 2220 873 2315 worden den 8. augusti 1639.
229 2409 1109 2533 Barbara Schnyder von Eberburg.
276 2487 1036 2578 Hansen Meyers von Trauw, ehewyb,
250 2547 1120 2662 Ist gleichergstalten mit den vorstehenden per
278 2619 1103 2709 sonen von Schwartzenburg, gfengeblich alhor
281 2657 1102 2758 geschickt und volgents den 6. augustr durch
278 2705 1107 2796 vorgedachte s eraminert worden, die hat
284 2751 1126 2842 hierrüber geantwortet, sy sye mit irem man
279 2796 1098 2880 der ärrdt nachgezogen, derselb habe geschniten
274 2842 1109 2939 sy aber als die mit 2 jungen kindn behafftet,
