1095 2928
2 1257 128 1329 syner fr.
624 132 956 201 * mitgenomen und
123 150 1026 312 so diese anhencken söllen * mitgenommen
126 238 1076 364 jhra verkhoufft, einen trunck daselbsten
592 319 703 378 * sachen
119 325 1074 453 gethan und also diser * selbiger fr. verkhoufft:
135 410 1049 529 alss nun jhra der gefangnen, welche dan
120 469 1027 597 ich gegen jhrem der gefangnen man
107 539 1034 675 dergstalten fründtlich erzeigt, das sy in
118 623 1027 732 bald hie, bald dörten klembt, syne
117 681 1030 819 hosenbender abgezogen, und syn huot uss¬
130 759 1015 887 gelegt und gesagt sy hete ein lust
130 842 1034 960 auch fohrt geziechen und also mit
119 902 1034 1020 jhnen getruncken so wyth das sy auch
128 980 1058 1102 einanderen selbsten, wan etwz jm glessli
134 1058 1011 1170 übrig gewesen, selbiges ins gesicht
142 1113 1073 1243 geschüttet. alss nun jhren der gefangnen
135 1191 1027 1312 eheman diss alles flyssig betrachtet
158 1272 1053 1386 und wahr genommen, hab er jhra uff
138 1343 994 1454 ein sythen geruefft und jhrenn
148 1421 1037 1545 angezeigt, ess syge nun mehr die
135 1507 999 1609 jytz vorhanden, das er die kunst,
147 1568 1042 1676 welche jn der fahrende schuoler zuo
98 1655 1063 1773 Uri gelernt, werde probieren khönnen
128 1733 1044 1827 jhra hiemit befohlen, sy sölleindt hinunder
140 1783 1053 1896 in keller gehen und sölle diser frouwen
128 1869 1057 1985 anzeigen, ess syge in jhrem keller ein
131 1949 1059 2065 schatz vergraben und ob glychwol sy
134 2022 1040 2127 söliches nit gern gethan habe, so habe
127 2086 1044 2214 sy doch selbiges uss forcht jhres manss
139 2144 1061 2290 der jhra hierüber mechtig gethröüwt
146 2236 1034 2356 thuon müessen, syge also hinunder in den
155 2291 1033 2417 keller gangen, habe die fr. mit jhra
139 2381 1054 2497 hinuffer in jhr stuben gefhüert und jhra
130 2465 1028 2565 söliches angezeigt. woruff sy jhra
136 2520 1046 2660 zur antwort werden lassen, ess sye vor
140 2611 1029 2738 disem ein rycher schmid daselbsten
129 2697 996 2816 zehuss gewesen, der möchte villichter
142 2757 1037 2903 (wie dan die saag auch gangen sye)
