1207 2977
26 236 128 343 h
129 53 1196 252 Nach dem nun wolermelt ir gnaden wegen größe deß
145 118 1213 290 argwohns und vile der klegten hieran nit kommen mögen soll
126 152 1193 320 ehrenguptem h müller inne Stempfli Verner helperueger
129 228 1163 361 und mit der marter fekhen ze laßen befolchen hat eru
142 262 1187 416 tag den 12. martii i wolgeachts  deud M
139 336 1193 484 des kleinen sammel Nökingers deß großen rhats sammele
136 398 1212 548 bens großweibels, vndeibe nach
131 431 1175 578 volgende diebstäl bekent unnd an den marter erhalten
125 476 1185 619 erstlich habe er mit hilff Cristen schröters eins tromenschleg
136 543 1174 676 und eins anderen synes gspanen Rud guft, die er zu Langnen
96 594 1174 721 Vor jahren antroffen im ämmenthalem viertel von einem
125 639 1003 745 Käß und etwas brots uß einem keller gestolen
121 686 1179 823 Vershsammers ob spetler in harmd deß kaaberffh
135 762 1175 854 erremmts schraters hieff enliche bynbachen und andere en
95 810 1172 922 Welchs schroter gan Ferreich uß tragen imeeige und p
124 853 1128 958 reuerenter zemellden versprochen aber nichts gehalten.
115 901 1170 1009 ud sfell byebiglen, habind sy i käß in bachen fleisch und ander
132 959 831 1053 äsige spyß uß einem seyheit entragen
126 1023 1174 1142 Im Rüti graben hab nit sy uß einem keller i kuß, 3 anken
129 1069 553 1150 hallen entfrämbdet.
98 1116 1164 1228 Zud trub, habind sy in ein kellerbrechen wollen, yend aber
135 1173 484 1241 eriagt worrden.
891 1208 1102 1283 oberbloken
111 1223 1170 1322 Mit obbemeltem schröter und Rudi zumler uffr
123 1291 1170 1389 Lengenberg uß einem soycher, etliche lynlachen und wyber
124 1343 1160 1436 fleider entwendt sollchs zur nidermulern verkaufft waren
121 1377 677 1462 imme 1 f zum theil worden.
94 1420 1158 1526 Im Guggisperg uß einem keller 3 ankenballen, 3 käsen
95 1479 667 1563 und etwas zigers gestolen
110 1530 1164 1627 dannen habe er sich ins Fryburger gepiet begeben und in einen
137 1590 1160 1684 dörffli uß einem keller 2 aufenballen, 2 halb käsen mit
122 1640 635 1724 hilff schröters entragen.
1039 1672 1121 1718 1
120 1677 1166 1782 In der kilchhori Mülliberg uß einem keller 2 anken baben
102 1746 1148 1822 3. Käsen enzukht und söllichs alles mit ein andelen verbrucht
117 1799 1153 1876 In einem anderen kellen bemelter kilchhori n anken ballen
104 1848 1150 1931 5 brot und einhalben loß genommen, mit schroters zu thu
107 1899 1159 2001 In der kilchhari Rüwenegg uß einem keller etliche brot
119 1953 1147 2046 uß einem anderen aber 2 kasen, 3 ankenballen uß dem
122 2007 1139 2103 Weiten aber 3 kosen 4 ankenballen, 5 brothn entzukht
110 2057 1154 2165 vorbemelte Barbara Jenkh syn Tirnen, habe zu Bütikohn
122 2123 1160 2214 2. Lynlachen und etwas bethgerande zuo ersnngen auch 2lg
120 2171 1155 2246 lachen,  dek im Lütlibuch in ankenballen, 2 broth uße
107 2223 1153 2307 Keller im schangnow auch ankenballen 2 broth hur
115 2283 1142 2361 M�rsperg in dakbeth 1 gppen zuo erimbstein uß einem
111 2317 1157 2400 Keller 1 kübli voll ankhen am Knrtzenberg 3 broth und
126 2368 1157 2454 sonsthir und wider underschidenlich und vil bracht entfrr
126 2422 1161 2513 det wellchs alles sy imme wie zuglych, das uß bedüten datbete
109 2466 1135 2567 und gippen erloßtt gelt zubracht und sy mit ein andere
125 2535 266 2599 gnoßen.
115 2549 1173 2668 Alls aber hochgept ingh nach zum bytt, das gesagter stemli
117 2629 1167 2709 eynhertz allentlich gerumkt habe in einichen weg nit glaubt
119 2677 1179 2746 köncken, sonder das er mit nothwendiger marter
91 2715 1165 2805 Verner befragt werden solle, beuolchen hat ermelter Steigen
106 2775 1165 2867 Im gegen würstigkeit und anhoren, vorwol gesagts s. Dann
96 2806 1163 2909 Müllers des kleinen s Peter wyßen, des großen erhabt und
96 2872 555 2951 sambstags den 13. martii
1180 1389 1209 1424 a
1163 1416 1212 1474 .
1172 1529 1205 1638 d
1179 1976 1212 2024 3.
1180 2021 1213 2065 2.
1180 2078 1203 2119 3.
