1702 3264
1041 206 1123 257 34
26 236 1123 369 drey stundt von Costintz zu Altenheimb 1 leib broch
48 321 324 406 und 2 kästli
34 353 1133 479 By 2 höfen auch 3 stunt von Costnitz ein par schuch so
57 415 1120 530 er seiner frauwen geben, 1 alt par strümpff 1 hsamen
52 465 612 581 gleit meßer und  pfant ancken.
54 528 1106 641 Und weil sein frauw domalen groß schwanger gwesen, Hab
61 587 1123 691 er sich mit derselben widerumb zeruck nach Basel, vnd von
52 635 1106 731 dannen alhar Inn dise landt begebenn, hiemit seinem
51 688 602 783 eydt schantlich übersachann.
56 759 1092 873 Ungfert 4 standt von Basel, hab er inn einem dorff
65 792 1117 908 ein ancken ballenn genommen, die hab er ußgelassenn, vnd
44 884 213 962 geshenn.
44 937 1118 1060 Alt weit daruon, habe er vor einem huß ein niden hute
50 1018 1100 1097 dener seiner frauwenn ze tragenen geben und für inne
63 1069 465 1161 ein kragenn genommen.
57 1152 1106 1239 Ist einem pauren huß, da er übernacht gelagene
55 1204 1138 1301 habe er das par schuch so er noch antrage und  leib broth
57 1273 239 1351 genommen.
55 1358 1129 1467 und letstlichenn bekante er, daß das kindt so syn frauw mit
52 1426 1105 1503 ira im landt umbher füre und ein knab von 13 jarang
52 1481 1098 1561 seye, dem weibel von Mättenwyl zughöre, welches syn
61 1525 1094 1613 frauw (rst vrsachen, das er Ira Jerlichen etwas geben habe
61 1583 1104 1662 nach bostherr verschwigene habe, Jetzmut aber gebe er irn
69 1624 281 1704 nützit mehr.
55 1681 261 1768 Ist das erste
407 1680 1088 1772 mal lär, das andermal aber mit ein
59 1723 1093 1816 ein stein uffgezogen und noch deß tagt mit rutenn us-
57 1799 1071 1876 gestrichenn, mit dem g. bezeichnet, und von Ir g
53 1838 779 1922 statt und landt verwisenn worden.
160 1894 735 1991 namen etlicher blösen buben.
18 1990 254 2101 Jaggli.
361 2002 967 2130 der mit einem gälbenn
30 2073 1054 2216 Wramsel vnnd weisenn Wullenen schweitzer
40 2139 461 2246 Hosen, angethann.
24 2258 987 2421 Caspar, ein junger ohntsbarth mit einem
41 2347 956 2484 schwarzen Wansel vnndt weiß Hosen
37 2410 233 2494 bekleit.
12 2492 969 2691 Adam, so jum unndt bartz lagß, mit
41 2583 1022 2758 einem Schwartzenn wullmen Wantsel, vndt
45 2625 505 2781 gen sihen angehehen
22 2776 1053 2968 Hans us dem lantgeüw hat ein schwarzen.
81 2866 1030 3037 barth mit brunen shosenn unnd mit einem
34 2929 718 3067 halben wannsel angethann.
