1181 2705
31 75 1107 309 bekleydung mit etwas berrwahts und dreyen tisch45.
34 127 1086 353 beheren, so er in dem schäfftlin wormen die schlüstel
30 174 1106 402 gelegen gfunden, hinwegg nemmen wellenn, bekent, hinnit
31 235 1076 457 den lieben gott und ingzt und oberen umb güchlin
26 411 167 502 gaetten
45 407 1029 577 Wölen aber ir gt an dise seinversprechung noch zur
26 498 1028 621 zeit nit kommen wellenn, ist er volgendts den 21.
32 556 997 692 dißermelt monats wildrumban die Marter
24 611 1029 752 geschlagen und nachs irh vor und wolermelt hetz
16 652 1055 823 kech und hr Großweibel von Büren nochwyte
38 748 1041 886 hier übergfragt wordenn, Der hab aber anders
46 826 962 936 nütit bekennen wellen, alls das er zwar
7 908 1073 1030 zngesagts hr. landtvogt Hubers seines gewäsnen
32 979 1053 1095 erhuß die tesög uffgebrochen und unders
43 1055 1059 1174 schuenliche Hüflin von Allerlen sachen gmacht
46 1126 1020 1248 er habe aber drun dieselbigen niht anfangs
55 1184 1078 1316 nit hinwegtragen wellen, sunders gelt gesucht,
50 1261 1096 1395 mit welichem so ers funden hate, er sich hete vnügt,
33 1353 1042 1470 und die audren sachen dorte gelassen, wyl er aber
32 1422 1011 1557 keingelt funden, syr er willens gwäsfen, die
32 1501 1056 1627 auen sachen zusammen zeporen und some er hete
51 1569 741 1712 tragen mögen shinweg ze ferggt.
37 1638 1074 1776 Denne so bekendte er noch, alls ervor etwas zeits
458 1744 576 1783 mil
47 1736 1040 1859 mit andren nacherhausen in die bsatzung
55 1805 1052 1915 reisen wellen, vnd vnderwegen In der Klauß
40 1891 1077 1983 geschlagen worden eyen, habe er damahlen unnehr
46 1952 1035 2057 von mulhuhen einem buren ein roße
20 1987 1039 2153 ab seiner weid gestolen und endtfurt, welches
41 2086 1048 2225 er den ufenand seinreisen zu Niderbupp dem
24 2154 1040 2287 weibel umb 20 l verkaufft, alls aber
52 2252 1119 2377 derselbig buwe solichem nachgeforschet, vnd angetroßfen
50 2330 1045 2455 s. Ime dasselbige auch wider zugestelt unnd
49 2407 1084 2543 das jelb imme weibel auch von imme reten
67 2453 727 2597 mundt wider umbsin geben worden.
-7 2493 985 2651 Ist daß erst mal mit einem, das andermal mit
50 2597 564 2699 steinen uffgezogen worden.
