1251 3110
207 97 1210 293 hierüber ein allgemein gschrey ußkhommen, es
229 183 1218 369 rurkint widerumb frische Keyßerische Vol¬
225 278 1223 437 lher heruff, Seye das Arme Vbrige Völl
222 362 1231 528 so sich hin Vnd has am Landt wider umb geste¬
227 457 1214 601 let ghan, ein solche forcht angtoßen, daß
219 521 1207 684 abermahlen allss daruon geflohen, also
204 614 1207 755 habe sein Muter Vnd ar an sein ander act
221 699 1186 832 gut flichen können, alß eben wider umb In
190 777 1173 911 dise Landt, sein Mulder seye zwar Im
208 870 1203 997 Buheggberg, da sy disen winter spin
206 950 1176 1069 wde, verbliben, es aber seye gegen dem
196 1017 1166 1143 Seinen thal gauch dem Battel nachgangen
208 1101 1195 1220 Vnderwegs da er vbernacht gelegen, habind
202 1185 1186 1294 Ihm Iren drey den Schrottmeißel Bort
202 1246 1149 1371 Vnd das Juppli vffgeben, mit beuelch er solle
203 1322 1173 1438 selbiges uff den solotherner Mäsrit trag
183 1400 1141 1526 daßelbst wollent sy zu ihme khommen und
201 1493 1150 1605 ihm hernach ein par schuihzelohe geben.
200 1542 1136 1673 Wie es nun Vndwegen in einer gaßen
176 1638 1141 1742 zu den vorgehenden beiden gestoßßen, seye er
192 1704 1154 1822 auch mit ihnen ergriffen worden, vom
165 1777 1109 1894 verlohrnen hönig aber wüße er nüt
153 1867 1142 1959 Wyl aber Ander hieuor gemeltem gefangnem, die an¬
185 1932 1130 2019 gezognen verdächtigen Instrument gefunden worden,
185 1948 1152 2067 habent zr gz an dise sein versprechung nit kommen well
176 2018 1137 2129 sonders benolchen, daß er deßwegen noch weiters solle
173 2075 1151 2152 befragt und mit zimlicher marter gefeckt werden, das
170 2108 1142 2221 ist nun volgents den 6. diß monats geschechen, vnd ob¬
167 2151 1147 2262 wol es alß noch zum theyl ein armer kranckhner und
163 2220 1143 2307 Creverenterzemelden) mit ruden übel angesteckter men
178 2260 1139 2385 zwar lau uffgezogen, zimlich lang also enthalten undt
161 2303 1145 2420 ime mit wortenstarck zugesprochen worden, so hat
126 2378 1144 2492 doch ußert den vorgehenden artieul, anderst nützit bes
158 2420 1137 2524 kennen wollen, dann das er zu der zeit, alß es uß seinem heymath
160 2472 1143 2581 theilßgantz nacket, arbeithselig und ohne hembd in dise landt
161 2517 1127 2634 kommen zu Müllistelden by affholteren, ein bschißen mürthe
139 2585 1137 2678 welches und dem Gwartzenzeug, so man in die woph thun w
145 2611 1116 2709 in einem hußgelegen entzuckt, das nir aber hangent
141 2670 1127 2751 widerumb abgenommen, er darüber übel zerschlagen und gleich
141 2703 1140 2810 wol entlichen ußes bärmad und mitleiden dorten übern
141 2759 1126 2866 gehalten worden seye, anders habe er nit begangen, wolle
144 2794 1135 2920 sich auch in das künfftige mit der hilff gottes vor vernerem tren
135 2900 478 2961 hutten vnd gonmen.
118 2888 1132 3026 Dißer ist mit dem lydt von zu g statt unndlandt
111 2979 968 3081 verwißen worden. Den 8. octobris 1640
1166 2124 1197 2191 f
1169 2238 1205 2335 B
1167 2400 1224 2492 1
1176 2489 1198 2573 do
1162 2559 1223 2656 h
1163 2636 1232 2719 de
1154 2715 1249 2807 Ar
1156 2800 1245 2894 than
1151 2880 1268 2971 kirch
1155 2945 1229 3049 zus
