1268 3264
147 69 1243 278 Marti Ulrich, v. Kültigen segen Pfreddiebstohl. 96.
129 184 1242 400 Suth Withelm u. Gcorg, und den Seckgäu, begen
392 280 1014 445 im Land unherziehend. 9 f.
128 346 1279 559 Mabila Hans, Werli u. Mimrnd aus dem Wallid
369 478 1201 649 begen Verdacht diebstahld. 104t 107
134 549 1247 744 Most. Jast, aus dem Suntgan, wegen diebstahl 109
120 677 1244 847 Müller, hand, genant Fiesterhand, Untervogt, begen
371 793 1092 930 verbeigenter Contribution 113.
108 1219 1225 1396 Novariar, Pierie, v.d Chenaun, wegen seiner chorge¬
362 1328 969 1473 richtlichen Procedur. 1096.
95 1703 1209 1843 Obergfell, Muydalina ger Keör, un dern, wegen
673 1780 754 1826 vns
331 1822 970 1944 Hurene u Ehebuuhfehler. 44.
89 1901 1232 2030 Ochs Stiklaut, v. Studen bei Ridun, begen Siebstahl¬
340 2002 461 2086 60
85 2281 1243 2437 Pflugeisen, darbara, geb. Togglÿler, Heinrichs Fenn, v.
347 2387 1198 2520 Roggbÿl, legen im Land hernnnzigend. 1.
57 2728 1032 2875 Kußer, Castar, begen 3. Anhuchthehler. 15.
50 2801 1220 2997 Roggenbacher Urstula, und dem Tritgan, wegen Ver¬
336 2924 974 3058 dacht und schlnngerschaht 16
36 3002 1190 3171 Rÿchart, Surin, v. Tonen, lagen 3. Herrefchter. 30.
