2128 2867
130 85 1070 253 Barbara Toggwyler seder Villinger von Melchnan
94 159 1049 309 Nach dem dieselbe schon zum anderen mil, vmb begangner
83 240 1042 357 diebstälenn willen, wie Inn den. 2. vnd M. blatterenn
95 284 1061 408 Zesechenn alhie gfengeklich eingezogenn, so ist so doch jeder
90 334 423 388 weilen, wegenn Jen
441 331 1051 441 zweyenn Jungen kindt, darnnder
93 373 432 443 sy das einte noch sönge
451 377 1037 477 widerumb sohne Ewysungladig ge¬
100 419 349 491 laßenn worden.
452 412 1048 531 Weill aber dißmalenn sy bekantlich
95 463 1048 588 gwesenn, das Ir man Heinrich Jugegsen von Erlischlach
95 534 1012 605 ein karber und krattenmacher, bendichten Studer von
96 581 1029 657 Grafenriedt den 20. diß 100 g und bin reichstater
95 618 1021 692 gestolen. Der aber als man ime nachgesetzt entloffen und
86 655 1018 743 sy darrüber gfengeklich alher gfürt werden, Hat mun sy von
81 717 999 798 diser challmeren wegen, deren so sich auch theilhafftig
86 772 1048 852 gemacht und dann das sy iren nammen etliche mah eenderet
83 816 1015 903 mit anteg ußgeschmeitzt und mit dem eydt vog in g
89 863 1012 957 statt und lant gewisenn und durch die prouosen an
82 907 976 1009 die grentzenn füren laßenn. Den 27. juli 1641.
94 1033 1012 1167 Caspar Krutz von Hitzkilch ein Müller
87 1138 1015 1241 Nach dem derselb unfar von Thorberg vff einem hof
80 1201 1021 1280 Inn ein hus gangenn und etwas tuchs genommen, welches
74 1245 1021 1329 Im aber angentz widerumb abgenommen und er gfenck
86 1301 1000 1377 lich alhar gefürt und volgents durch hr Geörg Koch
75 1334 1001 1422 daß kleinen, h Danel Wyß des großenn rahts, und h
77 1391 1027 1471 Amen von Grüfenriet den 30. julii 1641 hierrüber
79 1441 1014 1537 eraminiert und befragt worden, Hat derselb sich solcher
82 1496 1015 1577 maßenn versprochenn, er seye unlangest mit seinem wyb
89 1552 1004 1633 und dreyenn kunden auß Statin, alwo er etliche jar
95 1607 1045 1702 für einen soldaten uff der spennschen sytang gedient kommen
85 1652 1005 1746 und habe er und sein frauw disen sammer im ergouw
92 1709 1009 1808 geschniten. Weiln aber die arnd darten ein endt-seyen
86 1780 1005 1857 sy mit einanderen inn das ementhal gezogen, alwo syy
78 1820 1006 1922 freuw noch schnyde, er nun habe sy dorten verlaßenn, vnd
80 1896 1014 1977 habe sich alhar gegenn diser statt, inn wellicheren er
77 1939 978 2027 hieuor etliche Jur lang gedient, begebenn, vnd dienst
70 2000 981 2080 suchenn wollenn. Als er nun zu disem hof kommen,
77 2057 1023 2134 habe er begert vmb einhalbenn batzenn milch zekauffenn,
73 2103 1006 2190 seye hiemit inn die stubenn gang, darinen habe er keinen
64 2152 973 2245 mentschen funden, und wyl er die schlüstel an einem kasten
58 2198 1042 2310 sich hang, habe er denselben vffgethann, vnd zwey ffückli
59 2257 989 2358 das ein wuthin, das ander lynin tuch, so grad zu einem par hosen
67 2315 981 2407 deren er bedürfftig sye) gewesenen, genommen und sye uß
47 2377 963 2477 dem hus gangen. Dem begegne die Büri, die frage zm
30 2421 965 2521 was er trage, das habe er ira gezeigt, diespreche um
49 2473 999 2575 sölliches an, das habe er ire auch widergegeben, anders habe er
31 2540 1021 2628 nit begangen, gleichwol sye er hierrüber gfengeklich angenommen.
30 2584 400 2650 und alhar gfürt worden.
29 2640 1009 2739 Diser ist einfaltig mit dem eydt van ir g statt und landt
43 2699 570 2778 ewysen worden Den 2. aug 1641
2028 21 2104 73 123.
1197 77 1727 205 Hhielauß Anrag der
1436 155 1632 236 Schnyder.
1108 188 2049 326 hatt den 31. julii 1641 jahrs se sy statt und
1123 252 2089 369 landtschekft fürff jahr lang zemyden ußgeschworen
1123 316 2090 429 und 5 lb pfl zu buß erlegt, fecht die leißung
1121 376 1542 473 an den h. julii 1641.
