1168 3264
130 73 1122 230 üt destonund habe er ungenerdt by den 8 ellen
137 163 1126 292 von dem stuck abgehauwen und heimbgebracht, welch
140 215 1130 332 er auch für sich selbstenn behalten und nüt ander
143 268 1112 387 allß das garn mit imme getheilt, darnan imme i
149 334 1122 433 rechter 212 lb zu theil wordenn, das habe er und
144 396 1122 509 sein frouw nach fryburg getragen und vertauffetn
129 455 1126 565 Im Heinreich aber send sy zu Niderwangen ergen
134 505 1112 624 ihnen ihr erläßt gelt sambt noch 16 h so er
154 570 1109 686 sunsten gehabt, abgenommen und daruf hin gfengklich
144 629 1122 738 alhar gefurth worden. Inmitlist habe man ihme
148 705 1121 806 auch angesagt das sithero, welche personen, ob sy dessen
142 769 1125 850 von der oberkeit benelch gehabt haben oder nit, den
1131 836 1170 890 id
137 834 1126 913 zu Bumliken in seinem wohnhuß gewesen, die haben
134 880 1172 999 imme seinen trag ufgebrochen unndt etwas gelts, sor
150 945 1128 1047 umb einem gwüssen wagner alhie Verkaufft
329 998 1133 1095 erlößt, nach übrig hate, daruß genommen
157 1050 1125 1148 sunsten habe er sich andern gstalten mit diebstalt
157 1120 1141 1217 nit beflekt, were auch zu disem niemalen kamm
153 1173 1140 1282 wan inne nit sein mithussman soübel dahin
151 1240 1126 1348 furttleitet hete und den das er alls nun mehrei
161 1307 1137 1401 alter unnd übelmögender man, dergleichwol mit
152 1360 1138 1465 gar vil kinderen gabet und aber dieselbigen
157 1423 1145 1543 zu erhalten mit gantz keinen oder doch gar schleche
159 1502 1144 1611 mitlen versechen, welches aber alles imme von
154 1564 1136 1677 grundt seines hertzensleid sye, Pete desswegen
151 1635 1144 1740 uch mghl und obren umb gnad und verzychung e
149 1703 1133 1798 disem vegprechen, das er sich in das künfftige besser
147 1762 1148 1868 haltern und dergleichen sachen niemer mehr fürne
154 1831 1146 1897 wlle. Die vorgemelten zwo frauwen sampt Hanße
152 1879 1144 1954 lyrenwechter sindt uff ersatzung der gestohnen sachen
157 1909 1143 1998 und abtrag erstens ledig gelaßen worden de 4 a 163
880 1950 1116 2033 t
137 1986 1134 2103 Bendicht Marti von Hinde- fultingenn
142 2074 1149 2162 ußß der kilch�ri Rüechisperg. Nachdem derselbesn
150 2117 1150 2224 von ir g Diener dem Freyweybel von Lohnstorff
148 2171 1145 2283 gfencklich alhar geschickt unnd darby vermeldet
151 2240 1150 2348 wordenn, alls sölte er sich sreverenter) vor Christen
148 2304 1143 2403 lichen orhen gemelden mit einem stuck vych unehrt
139 2364 1140 2445 licher wyß vergangen habenn, derwegen er dan uff
142 2432 1157 2521 obstechendem tag durch wolermelte herren, hierin
152 2489 1149 2605 befragt und ernstlich mit worten examiniert woren
145 2549 1144 2666 der hat nun bekendt und veriehen wie volget
126 2631 1153 2752 Alls Marti Rahrbach von Hinderfultingen sein letstes
149 2701 1148 2829 taufen lassenn, habe ihm an demselbigen kindtbe
149 2782 1159 2883 mahl Ghryßyna schlëchtin Hanß Martinß nome
139 2819 1173 2930 dem dase bßgelegen rohrbach, seineß vi
157 2871 1173 3018 frau einen mitl vollen wein zum fensterhu
