2448 3264
137 161 195 231 15
110 310 187 380 16.
103 414 177 508 17
108 550 187 620 18
114 662 182 753 19.
110 794 188 845 20
108 904 175 965 26
107 1028 191 1103 22
97 1202 171 1290 23
97 1341 166 1396 24
88 1583 141 1648 25
82 1811 163 1881 26
63 1984 160 2069 23.
71 2127 149 2201 28
68 2282 158 2368 29
43 2473 164 2532 30
34 2597 139 2655 31
35 2704 116 2766 32
39 2813 118 2878 33.
43 2931 124 3019 44
26 3060 150 3133 35
2293 202 2341 250 14
234 161 1162 396 -
236 279 554 363 angentz geestenn,
1313 237 2349 439 ge vr wnd v
240 215 1283 483 huß 3 stürkli fleisin bst einem hahen gendt es s
1316 287 2264 492 aumen genommen, die sy auch mit einanderen geesten,
230 389 397 456 genosen,
219 325 1260 593 Item us einem huß zu Muni ein leibbroch, den sygleich
1301 357 2354 560 den uff dem kurtzenbrag ein mür par schuh, so Marig
1307 442 2012 594 angelagt, imme aber 2 bz darfür gebenn
223 501 535 599 I ancken ballen
1305 469 2369 650 Item habint er Hertggen, Hafer und Maritz zu Schorre
229 445 1269 695 deßelbengleichen uff dem kurhzenburg ust einem schaff
1313 518 2342 700 6lhun 15 allen eystyn tuch genommen, welches sy dem
1294 566 2342 741 vorgemelten korber by den weyeren zu Ansoltungen umb
228 560 1208 770 danne im Buchhalterberg, einhalbe bachen fleisch, so s
211 617 1215 828 dem kurtzenberg umb  l verkaufft und das gelt gethaben
1306 658 1873 788 8 h verkaufft und das gelt getheilt
1305 688 2282 836 sit ebenanzogner hilff, habe er zu wichtnach vs einem
218 672 1207 867 zu Solothurn habe er einzig einem krämer ein dotzete
226 736 550 819 nestel genommen,
1296 774 1837 885 bübel mäß saltz nemmen helffenn
1287 802 2357 951 Grad domalen us deß weibel Fiesen keller. 3 mas wyn
212 790 1199 966 zu Burgdorff mit hilff deß hievorgedachten fridlind
203 845 750 969 dirnen ein ancken ballenn,
1300 861 2256 993 2. leibbroch und  käst, so sy mit einanderen verbrucht,
1286 936 2293 1049 denne zu Allmendingen habe hertägen und er 2 gippen
212 895 1178 1071 Eben mit hilff deß jetzanzognen fridlins, habe er zu
1280 990 2011 1106 genommen, welche sy umb i l verkaufft
210 970 1184 1137 Holothuen einem furen 4 hz us den hosen genommen
1287 1056 2077 1161 und zu Rychingen uf der müli 2 müstmäl
202 1036 1180 1204 deßgleichen mit demselben und deß Vorgesagten Maritzen
1205 1091 1274 1180 2.
211 1102 1173 1241 habe er by der sensenbrugg 4. Vll rystin
1297 1121 2279 1230 tem habe gesägter bertägen, der voranzogne Müheli
217 1145 565 1250 Auch nemmen helffen.
1206 1193 1268 1246 3
1294 1195 2281 1273 und er zu Riberest by solothurn uß einer gippane
1285 1252 1540 1324 12 f genommen.
205 1200 1179 1336 und gleich änethalb der Brugg uß einem keller, so früdlin
212 1266 673 1359 ufgethan 4 leib broth,
1283 1290 2333 1375 zu Cappelen habe er einzig ust einem par hosen, so in
1194 1284 1259 1379 44
1291 1361 2036 1439 iner stubenn glëgen 2l entfrömbdet,
213 1316 1192 1452 So habnit sy heiters tags zu Bimplig in einer stute
208 1402 1181 1505 einen trag ufgebrochen und daruf 4 hembder und
1195 1378 2343 1522 zu Baggwyl mit hilff Michelis us ainem gippen sack 10 lz
196 1447 1172 1547 ein par wutlhosenn genommen, so sy gleichänethalb
1263 1475 1315 1534 en
192 1488 989 1595 umb l verkanfft und das gelt getheilt
1202 1514 1246 1566 6.
1269 1521 2345 1636 Eben mit deßen hilff und daß vorangedüten Mariten oder mitz
1270 1559 2329 1664 zu Müllenberg us einem trögli so offen gewesen habint
184 1577 1166 1661 denne habe er mit hilff Jacob Herrtägens aüet der
1267 1596 2281 1728 sy bi allen wüllin tuch entragen, daruf Maheli ein
205 1646 1158 1722 üwenbrugg uß einem koller 3 käsen genommen, so
1257 1646 2316 1771 par hosen machen laßen und imme dargegen 16 b geben,
189 1678 1161 1772 sy im sannberg umb 27 l verkanfft, darudung
1200 1709 1250 1784 13
178 1720 584 1808 ime 2 l worden.
1263 1709 2305 1879 Wyters habe gesagter Maritz Müheli und Hertägen.
1281 1771 2290 1909 imme zu Vfftendorff uß einem güippen sarben 3t
172 1808 1160 1891 Verners habe er Hertägen und mitz zu Wyleroltung
1273 1816 2207 1933 nemmen helffen, darung sye imme 1 f 6 bz worden
199 1854 1240 1936 ist einem trag 2 bb genommen, daruon doch imme nit
183 1914 691 1996 mehr als 9 bz worden
1260 1867 2282 2056 dene habe hertägen und er dem puren uff dem gutten
1270 1922 2310 2129 bywellichem sy die nacht zu Herberg gewesen 2. anck
201 1984 1151 2052 u diesebach habe er und gesagt Maritz ab einer
1256 1975 2122 2147 fallen nemmen und mit einanderen esten helffen.
183 2032 684 2126 häli 2 würff genommen.
1192 2020 2005 2180 19 Zu Tuglischberg 2 wëire hanobdar
170 2104 1164 2195 und zu Staffißburg us einem keller 2 käsene
178 2170 729 2251 so sy mit einanderen gesten
1934 2167 2017 2247 de
1181 2085 2310 2355 . Item ein leibbrath und ein gsizir vollenlich, so sy genoßen,
1168 2209 1233 2253 61.
155 2212 1162 2346 So habint sy drey im fryburger gebiet, ein schleche
1264 2172 2314 2439 en vernnelgen
1245 2254 1821 2396 gaden gehanget 2 bz genommen,
174 2279 1163 2397 zusttuchinen racke darrinnen syn 5 bz funden, entfrönd
164 2337 1139 2452 dot, den rock habind sy hernach umb 8 bz verkaufft
1193 2306 2073 2539 und an einem anderen orth 2 neppstückei.
164 2396 1168 2519 zu Diesbach, habe Mariz vnd e 4 all zwelchen gene
164 2471 805 2567 so sy hernach vmb 4 hz. brkaufft,
1249 2414 2272 2676 Diser ist das erste mal fär, das 2 und 3 enahmit dem
1246 2474 1838 2633 kleinen stein ufgezogene worden,
156 2508 1158 2634 mit gleicher hilff und Hanß Hofers, habint sy zu
160 2568 1155 2690 einem puren 12 l so sy angentz getheilt, genommen
149 2612 1140 2746 so habe er und der vilanzogne Maritz zu Bielrün
1230 2584 2240 2817 Diser ist den 28. maii ebebr mit ruegen ußgeschmeidet
162 2701 785 2798 krämer zien uiderhüt genommen.
1251 2644 2215 2870 dem B bezeichnet, vndt vo Ihr 13 Statt vndt
159 2719 1156 2866 zu Stäurstburg habe er und hertägen us einer ti
1235 2696 2262 2940 dandt mit den Erdt verißen, auch Ihme hieneben für
163 2781 1149 2913 trucken 2 lb genommen, die sy angentz mit einanderen
1250 2758 2257 2998 geschrotten worden, daß wo heer er widrumb in dem
166 2892 315 2971 getheilt
1240 2823 2213 3038 selben bettretten werden möge, Ihme sein proces
151 2854 1152 3010 uß der müli zu Kychingen, ein müs müt, so sy mitein
1252 2939 1388 3047 eüßen.
1225 2873 2263 3130 sheng hie gemacht seye, vndt er werde hang
152 2972 500 3057 anderen genößenen
145 2984 1140 3122 Item mit hilff erstenzognen sertägens und Marilg
162 3043 1091 3161 habe er uß einem kaller, so sy ufgebrochen, ein masg
159 3109 803 3218 und ein rupff zeger nammen helffen,
