1201 3122
119 57 1104 265 Alß es vor etwas tagen in der Kilchhör¬
183 197 1168 349 thuren, einen graben vffgeworffen, Peie
184 261 1155 429 eines von Blasseyen, so sich Hanß Gast
181 340 1174 499 zeichen namst zu imen komen, inne groß
185 399 1161 542 Vnd mit Im gredt, vnd anderen Redt auh
175 475 1136 603 zu ime gesprochen, er seye nun mehr alt
194 554 1150 673 dise große vndschfrars Arbeith In das
193 614 1158 768 kunfftige nit wol guehr verichten, Vnd als
183 679 1141 820 sein weyb, vnd vill vnerzogner keinen
175 759 1151 893 kinder nit wohl mohr ernehren können,
174 827 1140 948 Ime giemit angenuetet, er solle seinen
182 911 1142 1032 Vetteren in derselbigen gegee, welche
188 977 1139 1096 reich und wolhabend seyen, ein pferd
181 1042 1142 1177 nemen, vnd nach Blasseten bringen
182 1105 1137 1232 er wellen imme etwas gäldts daruff geen
177 1177 1134 1302 Also habe es sich uß vorgehend betrachtung
172 1258 1133 1376 und daß er seinem sohn, welches diß
185 1325 1093 1421 mahlen in franckhrych seye, den kleine
180 1397 1089 1504 kind erzichen müßet, überreden laßen
178 1464 1128 1564 habs den zwentzigten diß monats nach
177 1527 1125 1652 uß einer weyd ham Stutz, Peter Wider
178 1600 1129 1711 seinem Welderen ein Jung Brun Stuadt
175 1671 1109 1778 genomen, Vnd daßelbige demgesagte
164 1733 1120 1853 Hanßen Gaßzeich nach Blafseren zuge
182 1796 1108 1916 führt, der abe imme daruff 7 t s
176 1872 1115 1999 5. dy geben und versprochen imme hernach
181 1937 1105 2070 nach 7 l zuzestellen, dee überrest
181 2007 1121 2129 welle er Gastzeicht Vnd noch ein ander
163 2077 1113 2207 den er zum gspanen habs, fur Iren thei
172 2156 1106 2274 behalten, seye als mit demselben Stued
173 2213 1112 2344 gegen solothurn gefahren sonsten habe e
173 2299 1104 2418 Marth dergleich sich sin lalbentag oe¬
167 2359 1104 2474 mahlen Vnderstanden, sonderen sich Jdt
166 2433 1101 2552 mit großer und schwärer Arbeith treche
146 2502 1075 2637 Vnd erhalten, Es werdint aber sein
150 2580 1097 2702 brid, welche zimlich wolen bemittlet seyen
130 2648 1074 2772 Dißers pferdli bezahlen, batte also den
140 2703 1096 2816 lieben Gott und mein gnedig herren
132 2731 1117 2871 und oberen umb gnad und vezeichtet
140 2805 1104 2930 Diser ist mit abtragrohkens und erstatung deß gste
153 2851 1094 2968 nen pferts ehr und wehrloß erkent und uff ein gun
143 2881 1110 3013 censum hin ledig erkent worden actu 1. seb 1640 we.
151 2924 1112 3056 in aber nützit erstatten könden ist er biß dahin mit dem eybt
146 3027 740 3122 wisen worden den 18. octobris 1640.
