1181 2949
1017 30 1145 86 a33.
44 59 1078 194 hunff den daniel Kellers hus getragen, die mögen
45 129 560 243 hierumb befragt werdenn.
30 144 1144 310 lethtlichen als sy nach dem ir zu von Biel hinwegg ger
55 188 1144 344 wesenn, mit der frauwen widerumb alhar gewolt,
40 251 1120 412 habe dra dieselbe ein kistli, darrinnen seye inn einem
64 276 1088 458 sack, vil vnderschidenliche kleine ppitschierte seckl
60 323 1092 487 mit gelt item im kistli welches sy mit
51 390 1110 540 einer handt eben recht wol uflupffenn mögen) noch
58 457 1100 583 etliche brieffen geweßen übergebenn, mit benulch das
52 490 1092 643 sy sölliches S. Zeitknecht zeuerwaren zubringen
52 554 1136 699 sölle, so sy ouch gethann, anders seye ira nit zmwüsten.
31 1080 1107 1199 Frannc- und Maria  Creytorens, geschwisterte
252 1156 548 1243 von Lndrehin,
37 1221 1102 1284 Nachdem dieselbigen von dem hr landtvogt von
35 1281 1073 1348 Wifflispurg, umb das sy beiden von einer mans persohnen
47 1323 1083 1411 sich schwanger befunden uß beuelch neyner g h und
47 1374 1114 1451 oberen gfengeklichen alhar geschickt. Inn oberen spital
47 1443 1112 1503 an ysann gelegt und volgents den 22. tag jenner dis yn-
50 1469 1102 1539 gahenden 1640. jars durch myne hochgeehrten herren.
48 1523 1095 1577 Hs Abrnham von Weert deß kleinen. s haubtman zo
50 1574 1098 1631 Hannes Stürler deß grosene rahts und hr Großweye
53 1609 1103 1685 bals von Cürm examiniert und bof absonder: vnd vn¬
40 1657 1112 1720 derschidenlich hierrüber eraminiert und befragt worden.
33 1700 1101 1783 Die habent aber anders nützit, dann daß ws sy schan
43 1754 1076 1834 siener zu Wifflispurg bekent und mit der marter deß
49 1775 1106 1886 zumysens erhalten hattenn bekennen wollenn, dem
53 1835 277 1909 ist nun also.
37 1889 1098 2030 Namlichenn es seye nun mehr uff wienachten berschinen.
36 1967 1102 2064 zwey jar gewesenn, daß francorio Ronblog, der obe
44 2023 1077 2107 gemeltenn Johanne Teman s e welcher seines
48 2062 1060 2158 Hantwercks ein wagner war, einem gwüsten jungn
46 2104 1095 2201 starckenn gesellenn, der sich Ichan Cailliet genamset
47 2147 1075 2250 von Bruntrnt harpürtig und eben disers hantwercks
45 2189 1035 2304 seye angestelt, der seye nun ein gantz jar by imme
33 2240 1083 2358 gewesenen und sich mit arbeiten und sünsten so wol gehalten.
24 2297 1073 2391 das gesagter sein meister, als er gleich daruff kranck
9 2321 1074 2436 wordenn und gesterbenn, inn seinem todtbeth seiner
27 2372 1086 2491 frauwen benolchenn, sy sölle disen gesellen behaltenen.
43 2431 1078 2537 er werde ihre sein angefrömbte hinderlaßne und nach
47 2470 1070 2583 nit gmertigete arbeit, nit nur ußmachen, sonders noch
42 2524 1058 2637 andere mehr vüertigen und sonit gwunnen, das sy die
39 2554 1048 2681 frauw sampt iren dreyenn hinderlaßnen kinden und
34 2612 1069 2747 ieer schwister der obgemelten Maria, so allezeit by inen
40 2673 1056 2790 gewesenn, sich desso bester ernehren und erhalt werden.
27 2704 1063 2821 können, dem habe nun sy die frauw nach gedachts
