<?xml version="1.0" encoding="UTF-8" standalone="yes"?>
<PcGts xmlns="http://schema.primaresearch.org/PAGE/gts/pagecontent/2013-07-15" xmlns:xsi="http://www.w3.org/2001/XMLSchema-instance" xsi:schemaLocation="http://schema.primaresearch.org/PAGE/gts/pagecontent/2013-07-15 http://schema.primaresearch.org/PAGE/gts/pagecontent/2013-07-15/pagecontent.xsd">
    <Metadata>
        <Creator>prov=University of Rostock/Institute of Mathematics/CITlab|PLANET AI GmbH/Gundram Leifert/gundram.leifert@planet-ai.de:name=German_Kurrent_XVI-XVIII_M1(htr_id=19584)::::v=2.6.7
prov=University of Rostock/Institute of Mathematics/CITlab|PLANET AI GmbH/Tobias Gruening/tobias.gruening@planet-ai.de:name=de.uros.citlab.module.baseline2polygon.B2PSeamMultiOriented:v=2.6.7
prov=University of Rostock/Institute of Mathematics/CITlab|PLANET AI GmbH/Tobias Gruening/tobias.gruening@planet-ai.de:name=/net_tf/LA73_249_0mod360.pb:de.uros.citlab.segmentation.CITlab_LA_ML:v=2.6.7
Transkribus</Creator>
        <Created>2020-10-05T21:58:27.755+02:00</Created>
        <LastChange>2022-09-09T15:48:30.255+02:00</LastChange>
        <TranskribusMetadata docId="1334821" pageId="52360893" pageNr="180" tsid="114642669" status="IN_PROGRESS" userId="9570" imgUrl="https://files.transkribus.eu/Get?id=BCAOJKOAPFTKICVTLSCPFQBQ&amp;fileType=view" xmlUrl="https://files.transkribus.eu/Get?id=BTSDTCPPEPGIKOOKIJFUEACY" imageId="16091917"/>
    </Metadata>
    <Page imageFilename="IMG_9193.jpg" imageWidth="1173" imageHeight="2960">
        <ReadingOrder>
            <OrderedGroup id="ro_1687513771619" caption="Regions reading order">
                <RegionRefIndexed index="0" regionRef="r1"/>
            </OrderedGroup>
        </ReadingOrder>
        <TextRegion orientation="0.0" id="r1" custom="readingOrder {index:0;}">
            <Coords points="30,0 30,2929 1109,2929 1109,0"/>
            <TextLine id="r1l1" custom="readingOrder {index:0;}">
                <Coords points="1000,30 1020,27 1040,34 1054,29 1061,32 1065,28 1067,31 1085,29 1093,34 1104,30 1105,-1 1087,5 1062,-23 1031,3 1001,-1"/>
                <Baseline points="1007,17 1037,16 1067,17 1097,21"/>
                <TextEquiv>
                    <Unicode>N.</Unicode>
                </TextEquiv>
            </TextLine>
            <TextLine id="r1l2" custom="readingOrder {index:1;} place {offset:4; length:9;}">
                <Coords points="620,96 746,80 810,88 844,71 1051,78 1053,30 909,41 863,23 825,44 758,19 715,56 662,19 616,19"/>
                <Baseline points="625,81 651,79 677,78 704,77 730,75 757,74 783,72 810,70 836,69 862,68 889,66 915,65 942,64 968,63 995,63 1021,62 1048,62"/>
                <TextEquiv>
                    <Unicode>von Melchnauw,</Unicode>
                </TextEquiv>
            </TextLine>
            <TextLine id="r1l3" custom="readingOrder {index:2;} person {offset:0; length:14;}">
                <Coords points="60,203 85,178 136,199 189,154 261,175 292,131 371,107 419,127 437,112 476,114 501,101 495,70 414,56 347,74 286,55 228,106 179,115 114,94 65,134 46,131"/>
                <Baseline points="62,178 87,172 112,166 138,158 163,152 189,146 214,139 239,134 265,127 290,122 316,118 341,114 366,110 392,107 417,105 443,104 468,103 494,103"/>
                <TextEquiv>
                    <Unicode>Selren filinge</Unicode>
                </TextEquiv>
            </TextLine>
            <TextLine id="r1l4" custom="readingOrder {index:3;} person {offset:8; length:17;} person {offset:38; length:9; continued:true;}">
                <Coords points="27,297 291,222 948,188 1071,141 846,125 808,158 433,171 344,141 266,196 21,242"/>
                <Baseline points="33,289 84,272 136,257 187,244 239,233 291,224 342,215 394,208 446,202 497,197 549,193 601,189 652,185 704,182 756,180 807,176 859,172 911,169 962,165 1014,159 1066,154"/>
                <TextEquiv>
                    <Unicode>Nachdem Barbara Villinger, pürtig von Melchnann</Unicode>
                </TextEquiv>
            </TextLine>
            <TextLine id="r1l5" custom="readingOrder {index:4;} person {offset:0; length:16; continued:true;}">
                <Coords points="39,339 313,256 1067,234 1116,210 1110,152 572,224 291,222 35,295"/>
                <Baseline points="45,326 98,308 151,294 204,281 257,271 310,261 363,254 417,247 470,242 523,238 576,234 629,231 682,228 735,226 789,223 842,220 895,216 948,212 1001,207 1054,200 1108,193"/>
                <TextEquiv>
                    <Unicode>Heürich Steiners von Frauw ehewyb mynen gh</Unicode>
                </TextEquiv>
            </TextLine>
            <TextLine id="r1l6" custom="readingOrder {index:5;} place {offset:33; length:15;}">
                <Coords points="35,386 403,291 941,255 1016,286 1080,250 535,238 31,347"/>
                <Baseline points="40,366 91,351 143,337 194,326 246,315 298,305 349,298 401,291 452,285 504,281 556,276 607,273 659,270 710,266 762,263 814,261 865,258 917,255 968,251 1020,248 1072,243"/>
                <TextEquiv>
                    <Unicode>woberen, durch dero amptsman von frauwenbrunenen</Unicode>
                </TextEquiv>
            </TextLine>
            <TextLine id="r1l7" custom="readingOrder {index:6;}">
                <Coords points="45,439 298,360 507,337 571,366 843,306 958,324 1085,299 1080,249 836,264 805,294 647,275 512,318 420,293 39,380"/>
                <Baseline points="49,409 100,396 151,384 203,373 254,364 306,355 357,348 409,341 460,335 512,331 563,326 614,322 666,318 717,315 769,312 820,308 872,305 923,302 975,298 1026,293 1078,289"/>
                <TextEquiv>
                    <Unicode>hengklichenn überschickt. Ist sy hieruff uß ir geben</Unicode>
                </TextEquiv>
            </TextLine>
            <TextLine id="r1l8" custom="readingOrder {index:7;} person {offset:42; length:14;}">
                <Coords points="66,472 451,385 497,408 798,352 1028,364 1084,351 1079,300 677,350 550,329 61,421"/>
                <Baseline points="71,449 121,438 171,428 221,418 272,410 322,402 372,395 422,388 473,383 523,378 573,373 623,369 674,365 724,361 774,358 824,355 875,351 925,348 975,344 1025,340 1076,336"/>
                <TextEquiv>
                    <Unicode>ich durch iren geliebtenn mithrath Herren Ulrichen Bitzu</Unicode>
                </TextEquiv>
            </TextLine>
            <TextLine id="r1l9" custom="readingOrder {index:8;} person {offset:5; length:18;}">
                <Coords points="45,512 533,425 1078,396 1055,338 1024,372 831,359 711,391 670,366 512,413 467,385 40,468"/>
                <Baseline points="51,503 104,490 158,477 211,466 265,457 319,448 372,441 426,434 480,428 533,423 587,419 640,415 694,411 748,407 801,404 855,400 909,397 962,394 1016,390 1070,386"/>
                <TextEquiv>
                    <Unicode>vorm Jacob Schurmeister, vnd Herren Großweibell</Unicode>
                </TextEquiv>
            </TextLine>
            <TextLine id="r1l10" custom="readingOrder {index:9;}">
                <Coords points="39,468 51,467 59,473 65,472 61,437 53,438 44,431 43,433 42,431 35,432"/>
                <Baseline points="46,465 58,464"/>
                <TextEquiv>
                    <Unicode></Unicode>
                </TextEquiv>
            </TextLine>
            <TextLine id="r1l11" custom="readingOrder {index:10;}">
                <Coords points="28,579 353,493 1085,472 1085,405 653,454 471,436 23,536"/>
                <Baseline points="32,557 84,542 137,530 189,519 242,509 294,501 347,493 399,486 452,480 504,475 557,471 609,468 662,464 714,461 767,459 819,456 872,453 924,451 977,448 1029,444 1082,441"/>
                <TextEquiv>
                    <Unicode>werden, Ires lebwesenns halbenn ernst-wortlich</Unicode>
                </TextEquiv>
            </TextLine>
            <TextLine id="r1l12" custom="readingOrder {index:11;}">
                <Coords points="39,612 545,522 1057,522 1081,464 308,505 36,577"/>
                <Baseline points="45,597 96,585 148,573 199,563 251,553 302,546 354,540 405,533 457,529 508,524 560,521 612,518 663,515 715,512 766,510 818,507 869,505 921,502 972,499 1024,495 1076,491"/>
                <TextEquiv>
                    <Unicode>mminiert und befragt worden, die hat nun uff mitwuchen</Unicode>
                </TextEquiv>
            </TextLine>
            <TextLine id="r1l13" custom="readingOrder {index:12;}">
                <Coords points="31,672 248,606 974,574 1100,555 1107,520 680,551 545,522 484,561 356,548 27,615"/>
                <Baseline points="36,646 89,633 142,623 195,613 249,605 302,599 355,592 408,587 462,583 515,578 568,576 621,572 675,570 728,567 781,565 834,562 888,560 941,556 994,553 1047,549 1101,544"/>
                <TextEquiv>
                    <Unicode>demet martii diß lauffenden 164tg jars bekent und ver</Unicode>
                </TextEquiv>
            </TextLine>
            <TextLine id="r1l14" custom="readingOrder {index:13;}">
                <Coords points="37,733 87,706 111,707 134,686 166,694 233,666 307,678 347,655 372,659 385,653 379,610 332,622 275,608 255,628 190,630 137,660 80,651 27,663"/>
                <Baseline points="38,696 64,690 90,684 116,678 142,673 168,669 194,665 221,661 247,657 273,655 299,652 325,650 351,649 378,647"/>
                <TextEquiv>
                    <Unicode>sihten ein salget</Unicode>
                </TextEquiv>
            </TextLine>
            <TextLine id="r1l15" custom="readingOrder {index:14;}">
                <Coords points="24,780 741,696 1087,709 1113,644 595,687 440,653 22,737"/>
                <Baseline points="30,759 86,752 143,744 200,737 257,731 313,725 370,720 427,715 484,710 541,707 597,704 654,701 711,698 768,696 825,694 881,693 938,692 995,691 1052,690 1109,690"/>
                <TextEquiv>
                    <Unicode>gemann und sy habint sich disem vergangnen winter vast durch</Unicode>
                </TextEquiv>
            </TextLine>
            <TextLine id="r1l16" custom="readingOrder {index:15;} person {offset:7; length:12;} place {offset:34; length:14;}">
                <Coords points="29,834 552,760 1105,758 1102,707 928,697 818,735 739,697 617,740 492,713 434,749 26,781"/>
                <Baseline points="34,808 87,800 140,793 193,786 246,781 299,775 352,770 406,766 459,762 512,759 565,755 618,753 671,750 724,749 778,747 831,745 884,744 937,743 990,743 1043,742 1097,741"/>
                <TextEquiv>
                    <Unicode>ust by Georg Mönsti dem krämer zu Frauwenbrunnen uff-</Unicode>
                </TextEquiv>
            </TextLine>
            <TextLine id="r1l17" custom="readingOrder {index:16;}">
                <Coords points="52,883 243,826 1062,816 1085,758 835,746 780,778 718,750 561,792 353,767 205,818 48,811"/>
                <Baseline points="57,855 108,847 159,840 210,833 261,827 312,822 363,818 415,813 466,810 517,807 568,804 619,801 670,799 721,797 773,796 824,794 875,793 926,791 977,790 1028,788 1080,786"/>
                <TextEquiv>
                    <Unicode>ehalten, allwo der mann deß bemelten krämers rost und rych</Unicode>
                </TextEquiv>
            </TextLine>
            <TextLine id="r1l18" custom="readingOrder {index:17;}">
                <Coords points="28,918 386,865 684,854 739,885 791,849 1097,852 1076,805 590,809 462,845 176,841 26,887"/>
                <Baseline points="34,904 86,896 139,889 192,883 245,877 297,873 350,868 403,864 456,860 508,857 561,854 614,851 667,849 719,847 772,845 825,844 878,842 930,840 983,838 1036,836 1089,834"/>
                <TextEquiv>
                    <Unicode>gefuret, sy die frauw aber habe sich mit sonmen ernehert,</Unicode>
                </TextEquiv>
            </TextLine>
            <TextLine id="r1l19" custom="readingOrder {index:18;} place {offset:36; length:6;}">
                <Coords points="26,967 467,910 630,940 709,902 1053,900 1060,870 880,845 822,878 357,872 22,911"/>
                <Baseline points="32,952 83,945 134,938 185,932 236,927 287,922 338,918 389,914 440,911 491,908 543,905 594,903 645,901 696,899 747,897 798,896 849,894 900,893 951,891 1002,889 1054,887"/>
                <TextEquiv>
                    <Unicode>verschinen donstags seye ir man gan Murten, alda er ein</Unicode>
                </TextEquiv>
            </TextLine>
            <TextLine id="r1l20" custom="readingOrder {index:19;} place {offset:48; length:9;}">
                <Coords points="26,1027 288,973 1094,945 1091,899 611,940 569,905 24,986"/>
                <Baseline points="32,999 84,991 137,984 190,978 243,973 295,968 348,964 401,961 454,958 506,956 559,954 612,952 665,950 717,948 770,947 823,945 876,943 928,941 981,939 1034,935 1087,932"/>
                <TextEquiv>
                    <Unicode>gwüste schuld zeuorderen, sy die frauw aber gan Burgdorff zu</Unicode>
                </TextEquiv>
            </TextLine>
            <TextLine id="r1l21" custom="readingOrder {index:20;}">
                <Coords points="27,1058 315,1017 1086,1003 1075,950 1026,977 646,956 495,995 104,994 26,1034"/>
                <Baseline points="34,1047 86,1039 138,1033 190,1027 242,1022 295,1018 347,1014 399,1011 451,1008 503,1006 556,1004 608,1002 660,1001 712,1000 764,998 817,997 869,995 921,993 973,991 1025,989 1078,986"/>
                <TextEquiv>
                    <Unicode>marckt gangen, der meinung daselbstenn etwaß wyßen mals</Unicode>
                </TextEquiv>
            </TextLine>
            <TextLine id="r1l22" custom="readingOrder {index:21;}">
                <Coords points="256,1057 263,1056 269,1060 270,1058 271,1060 274,1060 283,1056 287,1060 290,1060 295,1055 302,1055 300,1029 292,1031 280,1031 279,1029 267,1032 261,1028 254,1028"/>
                <Baseline points="263,1053 295,1051"/>
                <TextEquiv>
                    <Unicode>d</Unicode>
                </TextEquiv>
            </TextLine>
            <TextLine id="r1l23" custom="readingOrder {index:22;}">
                <Coords points="297,1085 438,1070 500,1095 562,1060 659,1084 739,1058 860,1078 1081,1046 1080,1023 1005,1001 953,1032 401,1016 296,1054"/>
                <Baseline points="303,1070 341,1069 380,1067 418,1066 457,1064 495,1062 534,1061 572,1059 611,1058 649,1057 688,1055 727,1054 765,1053 804,1051 842,1050 881,1049 919,1047 958,1046 996,1045 1035,1044 1074,1042"/>
                <TextEquiv>
                    <Unicode>gent kindt ze kauffenn, so ouch beschechen, habe</Unicode>
                </TextEquiv>
            </TextLine>
            <TextLine id="r1l24" custom="readingOrder {index:23;}">
                <Coords points="35,1104 88,1111 107,1094 142,1108 182,1094 196,1105 208,1101 241,1113 275,1089 271,1056 243,1044 221,1063 204,1065 165,1066 146,1052 122,1070 94,1058 79,1072 30,1061"/>
                <Baseline points="41,1097 66,1094 91,1091 116,1088 141,1085 166,1082 191,1079 216,1077 241,1076 267,1076"/>
                <TextEquiv>
                    <Unicode>für ir jung son</Unicode>
                </TextEquiv>
            </TextLine>
            <TextLine id="r1l25" custom="readingOrder {index:24;}">
                <Coords points="29,1161 1067,1107 1065,1061 862,1086 740,1060 640,1094 27,1112"/>
                <Baseline points="35,1143 86,1138 137,1133 188,1128 240,1124 291,1121 342,1118 393,1116 445,1113 496,1111 547,1110 598,1108 650,1107 701,1106 752,1104 803,1103 855,1101 906,1100 957,1098 1008,1097 1060,1094"/>
                <TextEquiv>
                    <Unicode>und habe hieruff mit nach einer anderen frauwenn inn mr</Unicode>
                </TextEquiv>
            </TextLine>
            <TextLine id="r1l26" custom="readingOrder {index:25;}">
                <Coords points="308,1159 317,1157 328,1159 330,1157 338,1158 345,1153 351,1153 349,1125 341,1125 339,1127 327,1126 321,1130 306,1131"/>
                <Baseline points="314,1153 344,1151"/>
                <TextEquiv>
                    <Unicode>1</Unicode>
                </TextEquiv>
            </TextLine>
            <TextLine id="r1l27" custom="readingOrder {index:26;} person {offset:0; length:22;}">
                <Coords points="28,1211 437,1162 578,1200 638,1159 1078,1165 1076,1121 968,1106 925,1134 732,1112 26,1160"/>
                <Baseline points="34,1194 85,1189 137,1184 189,1180 241,1176 293,1173 344,1170 396,1167 448,1165 500,1163 552,1161 603,1159 655,1157 707,1156 759,1154 811,1153 862,1152 914,1150 966,1149 1018,1147 1070,1146"/>
                <TextEquiv>
                    <Unicode>Christoffes Kergouwers deß Schärers huß einhalb mas wynn</Unicode>
                </TextEquiv>
            </TextLine>
            <TextLine id="r1l28" custom="readingOrder {index:27;}">
                <Coords points="28,1270 252,1230 322,1257 355,1225 1089,1206 1087,1165 996,1187 897,1159 26,1208"/>
                <Baseline points="34,1242 86,1238 138,1234 191,1231 243,1228 296,1225 348,1222 400,1220 453,1218 505,1216 558,1214 610,1212 662,1211 715,1210 767,1208 820,1207 872,1206 924,1205 977,1204 1029,1203 1082,1202"/>
                <TextEquiv>
                    <Unicode>getrunckenn, als sy nun ust dem hußgewolt, hab sy ein gwüste</Unicode>
                </TextEquiv>
            </TextLine>
            <TextLine id="r1l29" custom="readingOrder {index:28;}">
                <Coords points="37,1297 131,1317 197,1281 773,1256 1072,1275 1090,1227 352,1227 36,1262"/>
                <Baseline points="43,1289 95,1284 147,1280 199,1277 251,1274 303,1271 355,1268 407,1266 459,1264 511,1262 563,1261 615,1260 667,1258 719,1257 771,1256 823,1255 875,1254 927,1254 979,1253 1031,1252 1084,1251"/>
                <TextEquiv>
                    <Unicode>bätler frauw, welche Ursteli heiste ursechenn, das dieselbe ein schön</Unicode>
                </TextEquiv>
            </TextLine>
            <TextLine id="r1l30" custom="readingOrder {index:29;}">
                <Coords points="28,1352 1062,1317 1060,1264 967,1259 560,1299 295,1275 27,1315"/>
                <Baseline points="34,1337 85,1333 136,1330 187,1326 238,1324 289,1321 340,1318 391,1316 442,1314 493,1312 544,1311 595,1309 646,1308 697,1307 748,1306 799,1305 850,1304 901,1303 952,1303 1003,1302 1054,1301"/>
                <TextEquiv>
                    <Unicode>rothwüllin stuck tuch getragenn, dahar sy ira eingebildet, sy</Unicode>
                </TextEquiv>
            </TextLine>
            <TextLine id="r1l31" custom="readingOrder {index:30;}">
                <Coords points="25,1399 1074,1355 1072,1323 638,1345 579,1316 24,1365"/>
                <Baseline points="32,1389 83,1385 135,1380 187,1376 239,1373 290,1370 342,1368 394,1366 446,1363 497,1362 549,1360 601,1359 653,1358 704,1357 756,1356 808,1355 860,1354 911,1353 963,1352 1015,1351 1067,1349"/>
                <TextEquiv>
                    <Unicode>werde daßelbige ohne allenn zwyfel gestolenn habenn, seye Ira</Unicode>
                </TextEquiv>
            </TextLine>
            <TextLine id="r1l32" custom="readingOrder {index:31;}">
                <Coords points="31,1462 1057,1407 1055,1363 933,1387 839,1357 798,1385 405,1373 29,1409"/>
                <Baseline points="37,1436 87,1433 138,1429 188,1426 239,1423 290,1421 340,1419 391,1417 442,1416 492,1414 543,1413 594,1412 644,1411 695,1410 746,1409 796,1408 847,1407 898,1406 948,1405 999,1404 1050,1403"/>
                <TextEquiv>
                    <Unicode>deßwegenn nachgangen und als sy under das thar kommen, hab sy</Unicode>
                </TextEquiv>
            </TextLine>
            <TextLine id="r1l33" custom="readingOrder {index:32;}">
                <Coords points="40,1501 1014,1462 1085,1492 1084,1444 919,1420 39,1457"/>
                <Baseline points="47,1485 98,1483 150,1480 201,1478 253,1476 304,1474 356,1472 407,1471 459,1468 510,1467 562,1465 614,1464 665,1463 717,1462 768,1461 820,1460 871,1459 923,1459 974,1458 1026,1458 1078,1458"/>
                <TextEquiv>
                    <Unicode>sölliches einem kramer so daselbsten hältzine sachn feil gehaltene</Unicode>
                </TextEquiv>
            </TextLine>
            <TextLine id="r1l34" custom="readingOrder {index:33;}">
                <Coords points="34,1536 996,1530 1093,1517 1092,1458 592,1502 176,1483 33,1520"/>
                <Baseline points="41,1533 93,1530 145,1527 197,1525 250,1523 302,1520 354,1518 407,1517 459,1516 511,1514 564,1513 616,1512 668,1511 720,1511 773,1510 825,1509 877,1509 930,1508 982,1508 1034,1508 1087,1507"/>
                <TextEquiv>
                    <Unicode>angezeigt, und als sy dise erylt, hab sy zu irn gesagt, wann</Unicode>
                </TextEquiv>
            </TextLine>
            <TextLine id="r1l35" custom="readingOrder {index:34;}">
                <Coords points="41,1599 435,1564 1072,1575 1095,1538 567,1517 531,1547 39,1547"/>
                <Baseline points="47,1584 99,1580 151,1576 203,1574 255,1571 307,1569 359,1567 411,1565 463,1564 515,1563 568,1562 620,1561 672,1560 724,1560 776,1559 828,1558 880,1558 932,1557 984,1556 1036,1554 1089,1553"/>
                <TextEquiv>
                    <Unicode>sy iro nit auch etwas von disem tuch gebe, so well sy es offenbaren</Unicode>
                </TextEquiv>
            </TextLine>
            <TextLine id="r1l36" custom="readingOrder {index:35;}">
                <Coords points="425,1593 432,1593 437,1598 440,1597 443,1594 450,1594 450,1567 443,1567 439,1563 437,1563 435,1566 432,1567 425,1567"/>
                <Baseline points="432,1590 443,1590"/>
                <TextEquiv>
                    <Unicode>1</Unicode>
                </TextEquiv>
            </TextLine>
            <TextLine id="r1l37" custom="readingOrder {index:36;}">
                <Coords points="37,1652 193,1621 995,1625 1052,1586 929,1560 36,1606"/>
                <Baseline points="43,1627 93,1624 143,1622 193,1619 243,1618 293,1616 343,1614 394,1613 444,1612 494,1611 544,1610 594,1610 644,1609 694,1609 745,1608 795,1608 845,1607 895,1607 945,1606 995,1606 1046,1605"/>
                <TextEquiv>
                    <Unicode>hiemit sy durch dise treüwung so wyth gebracht, daß sy ira</Unicode>
                </TextEquiv>
            </TextLine>
            <TextLine id="r1l38" custom="readingOrder {index:37;}">
                <Coords points="47,1678 952,1663 995,1694 1110,1667 1109,1633 1017,1622 47,1633"/>
                <Baseline points="54,1673 106,1671 158,1668 211,1666 263,1665 316,1663 368,1662 421,1661 473,1660 526,1659 578,1658 630,1658 683,1658 735,1657 788,1657 840,1657 893,1657 945,1657 998,1658 1050,1658 1103,1658"/>
                <TextEquiv>
                    <Unicode>eruen ein stuck welches byden 4. ellenn sein mögen, zuge¬</Unicode>
                </TextEquiv>
            </TextLine>
            <TextLine id="r1l39" custom="readingOrder {index:38;} place {offset:53; length:7;}">
                <Coords points="47,1733 739,1708 1091,1735 1102,1695 955,1666 46,1678"/>
                <Baseline points="53,1718 105,1716 157,1715 209,1713 261,1712 313,1710 365,1709 417,1708 469,1707 521,1707 574,1706 626,1706 678,1706 730,1706 782,1706 834,1706 886,1706 938,1706 990,1707 1042,1708 1095,1708"/>
                <TextEquiv>
                    <Unicode>stelt, mit wellichem seye sy gegen irer Herrberg gan frauwen,</Unicode>
                </TextEquiv>
            </TextLine>
            <TextLine id="r1l40" custom="readingOrder {index:39;}">
                <Coords points="42,1775 1040,1775 1057,1725 42,1732"/>
                <Baseline points="49,1764 99,1762 149,1760 199,1759 249,1758 299,1757 349,1756 399,1755 449,1754 499,1754 550,1754 600,1753 650,1753 700,1753 750,1753 800,1754 850,1754 900,1754 950,1754 1000,1754 1051,1755"/>
                <TextEquiv>
                    <Unicode>brunnen gezogenen, morndrigenn tags seye der krämer so dis</Unicode>
                </TextEquiv>
            </TextLine>
            <TextLine id="r1l41" custom="readingOrder {index:40;}">
                <Coords points="45,1825 1070,1828 1095,1766 45,1770"/>
                <Baseline points="52,1811 103,1810 155,1809 207,1808 259,1807 311,1805 363,1804 414,1803 466,1802 518,1802 570,1801 622,1801 674,1800 726,1800 777,1800 829,1801 881,1801 933,1802 985,1802 1037,1804 1089,1805"/>
                <TextEquiv>
                    <Unicode>tuch elorenn,  auch alda angelangt, habe ira nachgefragt,</Unicode>
                </TextEquiv>
            </TextLine>
            <TextLine id="r1l42" custom="readingOrder {index:41;}">
                <Coords points="38,1872 1097,1875 1097,1826 987,1819 361,1811 179,1847 38,1818"/>
                <Baseline points="45,1859 97,1859 149,1859 201,1858 254,1858 306,1857 358,1856 410,1856 463,1855 515,1854 567,1853 619,1853 672,1852 724,1852 776,1852 828,1853 881,1853 933,1854 985,1855 1037,1857 1090,1859"/>
                <TextEquiv>
                    <Unicode>und als er zu ira kommen, hab sy im den handel erzelt und hie-</Unicode>
                </TextEquiv>
            </TextLine>
            <TextLine id="r1l43" custom="readingOrder {index:42;}">
                <Coords points="42,1913 976,1926 1084,1878 41,1872"/>
                <Baseline points="48,1905 99,1905 150,1905 202,1905 253,1905 305,1904 356,1904 408,1903 459,1902 511,1902 562,1901 613,1900 665,1900 716,1899 768,1899 819,1898 871,1898 922,1899 974,1899 1025,1900 1077,1901"/>
                <TextEquiv>
                    <Unicode>mit das tuch widerumb zugestelt, sy aber seye hieruff für</Unicode>
                </TextEquiv>
            </TextLine>
            <TextLine id="r1l44" custom="readingOrder {index:43;}">
                <Coords points="44,1977 666,1945 1029,1977 1057,1908 43,1923"/>
                <Baseline points="50,1953 100,1953 150,1953 200,1953 250,1952 300,1951 350,1950 400,1950 450,1949 500,1948 550,1947 600,1946 650,1946 700,1945 750,1944 800,1944 850,1944 900,1944 950,1944 1000,1945 1050,1946"/>
                <TextEquiv>
                    <Unicode>den hhr. vogt daselbsten gfürt, starck examiniert und entlich</Unicode>
                </TextEquiv>
            </TextLine>
            <TextLine id="r1l45" custom="readingOrder {index:44;}">
                <Coords points="39,2005 1085,2018 1085,1977 922,1950 39,1974"/>
                <Baseline points="45,1999 96,1999 148,1999 200,1999 251,1999 303,1999 355,1998 406,1998 458,1997 510,1996 562,1996 613,1995 665,1995 717,1995 768,1994 820,1994 872,1994 923,1995 975,1995 1027,1996 1079,1997"/>
                <TextEquiv>
                    <Unicode>mit iren zweyenn kleinen unerzognen kinde, gfengeklich alhar</Unicode>
                </TextEquiv>
            </TextLine>
            <TextLine id="r1l46" custom="readingOrder {index:45;}">
                <Coords points="43,2072 1072,2059 1072,2019 1003,2007 651,2030 542,1998 285,2033 43,2009"/>
                <Baseline points="50,2049 100,2049 151,2048 202,2048 253,2047 303,2047 354,2046 405,2045 456,2045 506,2044 557,2044 608,2043 659,2043 709,2043 760,2043 811,2043 862,2043 912,2044 963,2045 1014,2046 1065,2047"/>
                <TextEquiv>
                    <Unicode>gfürt worden, daß sy aber das bemelte euch selbsten gestolen</Unicode>
                </TextEquiv>
            </TextLine>
            <TextLine id="r1l47" custom="readingOrder {index:46;}">
                <Coords points="45,2106 1076,2116 1086,2058 45,2069"/>
                <Baseline points="52,2101 103,2101 154,2100 206,2100 257,2099 308,2098 360,2097 411,2096 462,2095 514,2094 565,2093 616,2092 668,2091 719,2091 770,2090 822,2090 873,2090 924,2090 976,2091 1027,2092 1079,2093"/>
                <TextEquiv>
                    <Unicode>oder zum wenigesten darzu geholffen habe, deßen hat ess niemalen</Unicode>
                </TextEquiv>
            </TextLine>
            <TextLine id="r1l48" custom="readingOrder {index:47;}">
                <Coords points="46,2153 925,2162 1062,2139 1062,2105 675,2123 587,2089 367,2131 45,2106"/>
                <Baseline points="52,2146 102,2146 152,2145 202,2145 252,2144 302,2143 352,2143 403,2142 453,2141 503,2140 553,2139 603,2138 653,2137 703,2136 754,2136 804,2136 854,2135 904,2135 954,2136 1004,2136 1055,2137"/>
                <TextEquiv>
                    <Unicode>bekentlich sein wellenn, hiemit den lieben gott und inghr und</Unicode>
                </TextEquiv>
            </TextLine>
            <TextLine id="r1l49" custom="readingOrder {index:48;}">
                <Coords points="43,2211 79,2194 134,2219 181,2199 254,2218 281,2194 331,2211 372,2191 427,2219 671,2187 670,2160 620,2149 341,2172 42,2157"/>
                <Baseline points="49,2191 79,2191 110,2191 141,2191 172,2191 202,2190 233,2190 264,2189 295,2188 325,2188 356,2187 387,2186 418,2185 448,2184 479,2184 510,2183 541,2183 571,2182 602,2182 633,2183 664,2183"/>
                <TextEquiv>
                    <Unicode>Oberen, vmbgnad vnd Grzeuhung gebette.</Unicode>
                </TextEquiv>
            </TextLine>
            <TextLine id="r1l50" custom="readingOrder {index:49;}">
                <Coords points="42,2280 730,2246 1072,2277 1109,2228 1059,2198 998,2226 745,2200 665,2232 579,2198 398,2238 205,2203 41,2223"/>
                <Baseline points="48,2255 100,2256 153,2256 206,2256 258,2256 311,2255 364,2254 416,2252 469,2251 522,2249 575,2248 627,2246 680,2245 733,2244 785,2243 838,2243 891,2243 943,2244 996,2245 1049,2247 1102,2250"/>
                <TextEquiv>
                    <Unicode>disere ist uff ein gute censut hin widerumb ledig glaßen</Unicode>
                </TextEquiv>
            </TextLine>
            <TextLine id="r1l51" custom="readingOrder {index:50;}">
                <Coords points="48,2313 363,2319 462,2297 510,2321 553,2298 642,2308 662,2283 564,2255 493,2275 433,2262 393,2287 361,2269 244,2291 200,2270 48,2284"/>
                <Baseline points="54,2302 84,2303 114,2304 144,2305 174,2306 204,2306 234,2305 264,2305 294,2304 324,2303 354,2302 384,2302 414,2301 444,2300 474,2299 504,2298 534,2298 564,2298 594,2298 624,2299 655,2300"/>
                <TextEquiv>
                    <Unicode>worden, den 18. martii ao 1641.</Unicode>
                </TextEquiv>
            </TextLine>
            <TextLine id="r1l52" custom="readingOrder {index:51;} person {offset:0; length:19;} place {offset:27; length:11;}">
                <Coords points="54,2454 621,2462 698,2431 1004,2457 1043,2405 966,2406 903,2356 576,2409 261,2381 176,2409 53,2378"/>
                <Baseline points="60,2443 108,2443 157,2443 206,2442 255,2441 304,2440 352,2438 401,2436 450,2435 499,2433 548,2432 596,2430 645,2429 694,2429 743,2428 792,2428 840,2429 889,2431 938,2433 987,2436 1036,2439"/>
                <TextEquiv>
                    <Unicode>Hagdalena Schwägler uß dem Sölethurner</Unicode>
                </TextEquiv>
            </TextLine>
            <TextLine id="r1l53" custom="readingOrder {index:52;}">
                <Coords points="382,2517 390,2517 409,2495 422,2489 457,2489 487,2509 505,2502 503,2450 487,2455 477,2451 452,2469 429,2458 402,2473 379,2473"/>
                <Baseline points="387,2490 414,2485 442,2484 469,2483 497,2483"/>
                <TextEquiv>
                    <Unicode>gebiet.</Unicode>
                </TextEquiv>
            </TextLine>
            <TextLine id="r1l54" custom="readingOrder {index:53;} person {offset:23; length:18;}">
                <Coords points="29,2582 1109,2585 1108,2524 481,2514 184,2559 28,2492"/>
                <Baseline points="35,2572 88,2572 141,2572 195,2571 248,2570 301,2569 355,2567 408,2565 461,2563 515,2561 568,2559 621,2557 675,2556 728,2555 781,2555 835,2555 888,2556 941,2558 995,2561 1048,2564 1102,2570"/>
                <TextEquiv>
                    <Unicode>Nach dem gegenwirtige) Magdlena Schwägler, würtig von</Unicode>
                </TextEquiv>
            </TextLine>
            <TextLine id="r1l55" custom="readingOrder {index:54;} place {offset:0; length:7;} place {offset:16; length:11;}">
                <Coords points="43,2625 711,2600 1105,2626 1096,2580 859,2566 43,2586"/>
                <Baseline points="50,2619 102,2618 154,2616 207,2614 259,2612 312,2610 364,2608 416,2606 469,2604 521,2602 574,2600 626,2599 678,2598 731,2598 783,2598 836,2598 888,2599 940,2602 993,2605 1045,2608 1098,2613"/>
                <TextEquiv>
                    <Unicode>Bellach ußt dem solothurner gebirt, im wintermonat versihinen</Unicode>
                </TextEquiv>
            </TextLine>
            <TextLine id="r1l56" custom="readingOrder {index:55;} place {offset:13; length:12;}">
                <Coords points="52,2666 666,2643 1065,2682 1099,2631 702,2598 199,2649 51,2621"/>
                <Baseline points="58,2665 109,2662 161,2660 213,2657 264,2655 316,2652 368,2650 419,2648 471,2646 523,2644 575,2643 626,2642 678,2641 730,2641 781,2642 833,2643 885,2644 936,2647 988,2650 1040,2654 1092,2659"/>
                <TextEquiv>
                    <Unicode>1639 jars zu Walekringenn eines kints genesenn, hat sy</Unicode>
                </TextEquiv>
            </TextLine>
            <TextLine id="r1l57" custom="readingOrder {index:56;}">
                <Coords points="40,2720 787,2690 1116,2731 1090,2663 39,2675"/>
                <Baseline points="47,2710 100,2708 153,2707 206,2704 259,2702 312,2699 365,2697 418,2694 471,2692 524,2690 578,2688 631,2687 684,2686 737,2686 790,2686 843,2687 896,2689 949,2692 1002,2696 1055,2701 1109,2707"/>
                <TextEquiv>
                    <Unicode>Inn aller guistt uff beschechens fragenn hin, bekent, daß desel</Unicode>
                </TextEquiv>
            </TextLine>
            <TextLine id="r1l58" custom="readingOrder {index:57;}">
                <Coords points="50,2763 598,2737 1102,2760 1101,2729 1040,2715 839,2700 49,2721"/>
                <Baseline points="57,2758 108,2755 160,2753 212,2749 264,2747 316,2744 368,2741 420,2738 472,2736 524,2734 576,2732 627,2731 679,2730 731,2730 783,2731 835,2732 887,2735 939,2738 991,2742 1043,2748 1095,2754"/>
                <TextEquiv>
                    <Unicode>benm kindts vatter, ir lyblicher schwager seye, inne doch mit</Unicode>
                </TextEquiv>
            </TextLine>
            <TextLine id="r1l59" custom="readingOrder {index:58;}">
                <Coords points="47,2817 755,2779 1091,2824 1090,2769 906,2740 436,2743 139,2790 46,2766"/>
                <Baseline points="53,2806 104,2803 156,2800 207,2797 259,2794 310,2791 362,2787 413,2784 465,2782 516,2779 568,2777 620,2775 671,2774 723,2774 774,2775 826,2776 877,2779 929,2782 980,2786 1032,2792 1084,2800"/>
                <TextEquiv>
                    <Unicode>dem namen nit genamset, allein hernach als sy das kindttanffen</Unicode>
                </TextEquiv>
            </TextLine>
            <TextLine id="r1l60" custom="readingOrder {index:59;} person {offset:17; length:13;} place {offset:35; length:9;}">
                <Coords points="51,2862 686,2818 972,2857 1088,2838 975,2792 843,2811 739,2783 50,2816"/>
                <Baseline points="58,2851 109,2847 160,2844 211,2840 262,2836 313,2833 364,2829 416,2827 467,2824 518,2822 569,2820 620,2818 671,2817 722,2817 774,2818 825,2819 876,2821 927,2824 978,2828 1029,2833 1081,2839"/>
                <TextEquiv>
                    <Unicode>laßtenn. Hatt sy Frantz Matter von Waltschen rohr (doch</Unicode>
                </TextEquiv>
            </TextLine>
            <TextLine id="r1l61" custom="readingOrder {index:60;}">
                <Coords points="60,2918 537,2867 698,2919 840,2865 1090,2886 1089,2855 1010,2836 703,2821 248,2872 59,2857"/>
                <Baseline points="66,2893 116,2891 167,2887 218,2884 269,2881 320,2877 371,2874 421,2871 472,2868 523,2866 574,2864 625,2862 676,2861 727,2860 777,2860 828,2861 879,2862 930,2865 981,2868 1032,2872 1083,2878"/>
                <TextEquiv>
                    <Unicode>darby nit vermeldet, das ir schwäger also heite) für einen varter</Unicode>
                </TextEquiv>
            </TextLine>
            <TextLine id="r1l62" custom="readingOrder {index:61;}">
                <Coords points="913,2919 932,2925 944,2920 961,2930 995,2915 1018,2917 1026,2925 1044,2922 1056,2933 1066,2929 1079,2935 1087,2934 1089,2902 1043,2890 1033,2895 1021,2884 965,2897 958,2889 930,2893 915,2882"/>
                <Baseline points="920,2908 946,2911 973,2913 1000,2914 1027,2915 1054,2917 1081,2919"/>
                <TextEquiv>
                    <Unicode>angebenn</Unicode>
                </TextEquiv>
            </TextLine>
            <TextEquiv>
                <Unicode>N.
von Melchnauw,
Selren filinge
Nachdem Barbara Villinger, pürtig von Melchnann
Heürich Steiners von Frauw ehewyb mynen gh
woberen, durch dero amptsman von frauwenbrunenen
hengklichenn überschickt. Ist sy hieruff uß ir geben
ich durch iren geliebtenn mithrath Herren Ulrichen Bitzu
vorm Jacob Schurmeister, vnd Herren Großweibell

werden, Ires lebwesenns halbenn ernst-wortlich
mminiert und befragt worden, die hat nun uff mitwuchen
demet martii diß lauffenden 164tg jars bekent und ver
sihten ein salget
gemann und sy habint sich disem vergangnen winter vast durch
ust by Georg Mönsti dem krämer zu Frauwenbrunnen uff-
ehalten, allwo der mann deß bemelten krämers rost und rych
gefuret, sy die frauw aber habe sich mit sonmen ernehert,
verschinen donstags seye ir man gan Murten, alda er ein
gwüste schuld zeuorderen, sy die frauw aber gan Burgdorff zu
marckt gangen, der meinung daselbstenn etwaß wyßen mals
d
gent kindt ze kauffenn, so ouch beschechen, habe
für ir jung son
und habe hieruff mit nach einer anderen frauwenn inn mr
1
Christoffes Kergouwers deß Schärers huß einhalb mas wynn
getrunckenn, als sy nun ust dem hußgewolt, hab sy ein gwüste
bätler frauw, welche Ursteli heiste ursechenn, das dieselbe ein schön
rothwüllin stuck tuch getragenn, dahar sy ira eingebildet, sy
werde daßelbige ohne allenn zwyfel gestolenn habenn, seye Ira
deßwegenn nachgangen und als sy under das thar kommen, hab sy
sölliches einem kramer so daselbsten hältzine sachn feil gehaltene
angezeigt, und als sy dise erylt, hab sy zu irn gesagt, wann
sy iro nit auch etwas von disem tuch gebe, so well sy es offenbaren
1
hiemit sy durch dise treüwung so wyth gebracht, daß sy ira
eruen ein stuck welches byden 4. ellenn sein mögen, zuge¬
stelt, mit wellichem seye sy gegen irer Herrberg gan frauwen,
brunnen gezogenen, morndrigenn tags seye der krämer so dis
tuch elorenn,  auch alda angelangt, habe ira nachgefragt,
und als er zu ira kommen, hab sy im den handel erzelt und hie-
mit das tuch widerumb zugestelt, sy aber seye hieruff für
den hhr. vogt daselbsten gfürt, starck examiniert und entlich
mit iren zweyenn kleinen unerzognen kinde, gfengeklich alhar
gfürt worden, daß sy aber das bemelte euch selbsten gestolen
oder zum wenigesten darzu geholffen habe, deßen hat ess niemalen
bekentlich sein wellenn, hiemit den lieben gott und inghr und
Oberen, vmbgnad vnd Grzeuhung gebette.
disere ist uff ein gute censut hin widerumb ledig glaßen
worden, den 18. martii ao 1641.
Hagdalena Schwägler uß dem Sölethurner
gebiet.
Nach dem gegenwirtige) Magdlena Schwägler, würtig von
Bellach ußt dem solothurner gebirt, im wintermonat versihinen
1639 jars zu Walekringenn eines kints genesenn, hat sy
Inn aller guistt uff beschechens fragenn hin, bekent, daß desel
benm kindts vatter, ir lyblicher schwager seye, inne doch mit
dem namen nit genamset, allein hernach als sy das kindttanffen
laßtenn. Hatt sy Frantz Matter von Waltschen rohr (doch
darby nit vermeldet, das ir schwäger also heite) für einen varter
angebenn</Unicode>
            </TextEquiv>
        </TextRegion>
    </Page>
</PcGts>
