<?xml version="1.0" encoding="UTF-8" standalone="yes"?>
<PcGts xmlns="http://schema.primaresearch.org/PAGE/gts/pagecontent/2013-07-15" xmlns:xsi="http://www.w3.org/2001/XMLSchema-instance" xsi:schemaLocation="http://schema.primaresearch.org/PAGE/gts/pagecontent/2013-07-15 http://schema.primaresearch.org/PAGE/gts/pagecontent/2013-07-15/pagecontent.xsd">
    <Metadata>
        <Creator>prov=University of Rostock/Institute of Mathematics/CITlab|PLANET AI GmbH/Gundram Leifert/gundram.leifert@planet-ai.de:name=German_Kurrent_XVI-XVIII_M1(htr_id=19584)::::v=2.6.7
prov=University of Rostock/Institute of Mathematics/CITlab|PLANET AI GmbH/Tobias Gruening/tobias.gruening@planet-ai.de:name=de.uros.citlab.module.baseline2polygon.B2PSeamMultiOriented:v=2.6.7
prov=University of Rostock/Institute of Mathematics/CITlab|PLANET AI GmbH/Tobias Gruening/tobias.gruening@planet-ai.de:name=/net_tf/LA73_249_0mod360.pb:de.uros.citlab.segmentation.CITlab_LA_ML:v=2.6.7
Transkribus</Creator>
        <Created>2020-10-05T21:58:24.971+02:00</Created>
        <LastChange>2022-09-09T15:47:01.275+02:00</LastChange>
        <TranskribusMetadata docId="1334821" pageId="52360528" pageNr="113" tsid="114642291" status="IN_PROGRESS" userId="9570" imgUrl="https://files.transkribus.eu/Get?id=UALAQKMWIRQFVYAKLQFTKBEX&amp;fileType=view" xmlUrl="https://files.transkribus.eu/Get?id=UIXWGBSGMTRRZNKICUBYAPTB" imageId="16091850"/>
    </Metadata>
    <Page imageFilename="IMG_9126.jpg" imageWidth="1169" imageHeight="2890">
        <ReadingOrder>
            <OrderedGroup id="ro_1687513769414" caption="Regions reading order">
                <RegionRefIndexed index="0" regionRef="r1"/>
                <RegionRefIndexed index="1" regionRef="r2"/>
                <RegionRefIndexed index="2" regionRef="r3"/>
            </OrderedGroup>
        </ReadingOrder>
        <TextRegion orientation="0.0" id="r1" custom="readingOrder {index:0;}">
            <Coords points="91,1412 91,1562 103,1562 103,1412"/>
            <TextLine id="r1l1" custom="readingOrder {index:0;}">
                <Coords points="85,1524 95,1525 97,1522 101,1520 102,1521 103,1520 109,1520 109,1495 102,1495 101,1497 100,1495 96,1495 92,1492 91,1493 85,1493"/>
                <Baseline points="91,1512 103,1512"/>
                <TextEquiv>
                    <Unicode></Unicode>
                </TextEquiv>
            </TextLine>
            <TextEquiv>
                <Unicode></Unicode>
            </TextEquiv>
        </TextRegion>
        <TextRegion orientation="0.0" id="r2" custom="readingOrder {index:1;}">
            <Coords points="68,842 68,1002 177,1002 177,842"/>
            <TextLine id="r2l1" custom="readingOrder {index:0;}">
                <Coords points="60,958 100,962 114,978 134,972 157,980 182,979 188,900 177,902 163,890 136,898 114,916 82,914 64,905"/>
                <Baseline points="68,942 95,943 122,944 149,946 177,952"/>
                <TextEquiv>
                    <Unicode>in h</Unicode>
                </TextEquiv>
            </TextLine>
            <TextEquiv>
                <Unicode>in h</Unicode>
            </TextEquiv>
        </TextRegion>
        <TextRegion orientation="0.0" id="r3" custom="readingOrder {index:2;}">
            <Coords points="114,172 114,2848 1133,2848 1133,172"/>
            <TextLine id="r3l1" custom="readingOrder {index:0;} person {offset:0; length:13;}">
                <Coords points="376,208 657,254 718,247 891,292 938,288 949,217 790,179 701,212 583,189 562,166 493,192 437,132 388,124"/>
                <Baseline points="384,199 411,203 439,208 466,211 494,216 521,220 549,223 576,227 604,231 631,235 659,238 686,242 714,246 741,249 769,253 796,257 824,261 851,265 879,270 906,274 934,279"/>
                <TextEquiv>
                    <Unicode>Latrmna Rüber.</Unicode>
                </TextEquiv>
            </TextLine>
            <TextLine id="r3l2" custom="readingOrder {index:1;} person {offset:26; length:12;}">
                <Coords points="141,379 531,392 749,454 945,433 1135,526 1132,445 925,401 880,353 784,384 471,338 375,363 302,345 232,263 156,254"/>
                <Baseline points="150,358 199,364 248,370 297,374 346,378 395,381 444,384 493,387 542,390 591,393 641,397 690,401 739,406 788,412 837,420 886,428 935,437 984,449 1033,463 1082,478 1132,497"/>
                <TextEquiv>
                    <Unicode>Nach dem vor etwas tageen Caterin Robe</Unicode>
                </TextEquiv>
            </TextLine>
            <TextLine id="r3l3" custom="readingOrder {index:2;} place {offset:11; length:8;}">
                <Coords points="170,443 429,452 533,497 587,465 817,478 1109,555 1111,514 1000,490 942,431 883,461 717,422 669,448 537,407 381,427 337,397 175,390"/>
                <Baseline points="177,430 223,436 269,440 316,444 362,448 408,450 455,452 501,454 547,456 594,458 640,460 686,462 733,466 779,470 825,475 872,481 918,489 964,498 1011,509 1057,521 1104,536"/>
                <TextEquiv>
                    <Unicode>bürtig von Wyllsauw by meinen hetren einem</Unicode>
                </TextEquiv>
            </TextLine>
            <TextLine id="r3l4" custom="readingOrder {index:3;} organization {offset:9; length:10;}">
                <Coords points="155,518 231,556 288,514 418,547 511,531 552,565 613,525 647,553 744,536 872,585 1007,569 1132,623 1135,580 981,505 898,523 823,481 584,472 530,500 430,451 303,493 162,441"/>
                <Baseline points="163,503 211,506 259,510 307,512 355,514 404,515 452,516 500,518 548,519 596,520 645,522 693,525 741,528 789,532 837,537 886,544 934,552 982,562 1030,573 1078,587 1127,603"/>
                <TextEquiv>
                    <Unicode>ehrsamen Chorgricht alhier, In edacht kommen, dae</Unicode>
                </TextEquiv>
            </TextLine>
            <TextLine id="r3l5" custom="readingOrder {index:4;}">
                <Coords points="178,575 463,571 508,614 699,587 728,618 781,583 817,617 990,617 1116,676 1120,617 997,572 182,522"/>
                <Baseline points="185,561 231,564 277,566 324,567 370,569 416,570 463,572 509,573 555,574 602,576 648,578 694,581 741,584 787,588 833,593 880,598 926,605 972,612 1019,621 1065,631 1112,643"/>
                <TextEquiv>
                    <Unicode>sy schwanger sein sölle, ist ey deßhalben, dahin</Unicode>
                </TextEquiv>
            </TextLine>
            <TextLine id="r3l6" custom="readingOrder {index:5;}">
                <Coords points="189,625 472,623 668,669 735,636 818,685 881,650 1093,700 1109,671 860,602 817,617 779,583 728,617 700,588 597,610 464,572 412,605 326,563 192,578"/>
                <Baseline points="196,615 241,617 286,619 331,620 377,621 422,622 467,623 513,625 558,626 603,627 649,629 694,631 739,634 784,637 830,642 875,646 920,652 966,659 1011,666 1056,675 1102,685"/>
                <TextEquiv>
                    <Unicode>citiert und darumb zu fredgestelt worden,</Unicode>
                </TextEquiv>
            </TextLine>
            <TextLine id="r3l7" custom="readingOrder {index:6;}">
                <Coords points="156,690 212,720 330,682 543,723 664,693 1037,732 1081,764 1117,753 1120,706 881,651 816,685 734,636 678,674 524,635 392,672 317,630 241,655 160,627"/>
                <Baseline points="163,675 210,678 257,680 305,682 352,684 400,685 447,686 495,687 542,688 590,690 637,691 684,693 732,696 779,698 827,703 874,707 922,713 969,720 1017,727 1064,737 1112,748"/>
                <TextEquiv>
                    <Unicode>Nach dem ey sich auch widerumb von dannes hi</Unicode>
                </TextEquiv>
            </TextLine>
            <TextLine id="r3l8" custom="readingOrder {index:7;}">
                <Coords points="162,779 812,760 1057,795 1137,850 1141,766 1037,731 658,700 594,735 460,692 426,719 165,717"/>
                <Baseline points="171,735 219,741 267,745 315,748 363,750 411,751 459,752 507,752 555,752 603,752 652,753 700,754 748,755 796,757 844,760 892,765 940,771 988,778 1036,787 1084,798 1133,811"/>
                <TextEquiv>
                    <Unicode>wegg, gegen ires hrn hus begeben, hat ey sich w</Unicode>
                </TextEquiv>
            </TextLine>
            <TextLine id="r3l9" custom="readingOrder {index:8;} person {offset:12; length:16;}">
                <Coords points="158,814 238,838 296,811 507,841 658,821 760,873 830,832 1061,897 1123,882 1093,809 995,825 919,773 816,794 734,761 645,791 434,758 159,787"/>
                <Baseline points="165,803 212,806 260,808 307,810 355,811 403,811 450,811 498,812 546,812 593,813 641,813 689,814 736,816 784,818 832,822 879,826 927,830 975,837 1022,844 1070,854 1118,864"/>
                <TextEquiv>
                    <Unicode>wege vor mr Wolffgang Thywys, der gechten</Unicode>
                </TextEquiv>
            </TextLine>
            <TextLine id="r3l10" custom="readingOrder {index:9;}">
                <Coords points="168,883 215,915 291,882 526,889 562,920 666,886 835,912 899,890 1023,961 1134,957 1138,881 1050,898 936,842 901,866 848,836 773,874 709,836 662,863 540,828 457,867 172,808"/>
                <Baseline points="175,869 222,873 270,877 318,879 365,880 413,882 461,882 508,883 556,883 604,883 652,884 699,885 747,886 795,888 842,890 890,894 938,898 985,904 1033,911 1081,919 1129,929"/>
                <TextEquiv>
                    <Unicode>chiffters werckhstatt bernembt, das i </Unicode>
                </TextEquiv>
            </TextLine>
            <TextLine id="r3l11" custom="readingOrder {index:10;}">
                <Coords points="181,954 417,951 473,983 540,947 619,985 826,955 982,995 1035,971 1110,995 1122,964 951,901 705,927 643,899 182,909"/>
                <Baseline points="187,944 233,944 279,945 326,945 372,945 419,944 465,944 512,943 558,943 605,943 651,943 697,944 744,945 790,947 837,949 883,952 930,956 976,961 1023,968 1069,975 1116,984"/>
                <TextEquiv>
                    <Unicode>des chorgrichts, uff ir gethanes fragen hin, mit</Unicode>
                </TextEquiv>
            </TextLine>
            <TextLine id="r3l12" custom="readingOrder {index:11;}">
                <Coords points="168,1016 444,1006 487,1046 526,1016 834,1027 962,1076 1050,1043 1126,1056 1127,1007 1065,985 993,1010 819,954 723,993 351,952 268,991 169,981"/>
                <Baseline points="175,1003 222,1005 269,1006 316,1007 364,1008 411,1008 458,1009 505,1009 553,1010 600,1011 647,1011 694,1012 742,1014 789,1016 836,1018 883,1019 931,1023 978,1026 1025,1031 1072,1035 1120,1041"/>
                <TextEquiv>
                    <Unicode>einer gottslesterlichen andtwort begegnet we</Unicode>
                </TextEquiv>
            </TextLine>
            <TextLine id="r3l13" custom="readingOrder {index:12;}">
                <Coords points="155,1075 234,1100 291,1062 646,1070 809,1124 880,1081 1094,1139 1125,1134 1128,1063 916,1070 834,1026 641,1058 382,1051 327,1021 285,1049 157,1016"/>
                <Baseline points="161,1064 211,1064 261,1065 312,1065 362,1065 413,1066 463,1066 514,1067 564,1068 615,1069 665,1071 716,1073 766,1075 817,1077 867,1080 918,1084 968,1088 1019,1092 1069,1098 1120,1103"/>
                <TextEquiv>
                    <Unicode>dahar dann meine ern eines ehrsammen chorgrüht</Unicode>
                </TextEquiv>
            </TextLine>
            <TextLine id="r3l14" custom="readingOrder {index:13;}">
                <Coords points="173,1136 539,1120 758,1172 957,1135 1125,1185 1127,1124 972,1129 883,1085 761,1116 713,1076 649,1100 557,1069 468,1110 174,1095"/>
                <Baseline points="179,1124 226,1123 273,1123 320,1122 367,1122 414,1122 461,1123 508,1123 555,1124 602,1124 649,1126 696,1127 743,1129 790,1131 837,1133 884,1137 931,1140 978,1143 1025,1148 1072,1152 1120,1157"/>
                <TextEquiv>
                    <Unicode>ursach genommen kchundtschafft darüber generhor</Unicode>
                </TextEquiv>
            </TextLine>
            <TextLine id="r3l15" custom="readingOrder {index:14;} person {offset:35; length:8; continued:true;}">
                <Coords points="157,1210 201,1189 397,1224 483,1186 742,1214 794,1188 863,1216 941,1187 1009,1234 1106,1215 1087,1173 951,1141 758,1172 686,1145 618,1172 535,1119 448,1158 367,1131 316,1156 158,1142"/>
                <Baseline points="163,1179 209,1181 256,1182 303,1183 350,1183 397,1184 444,1184 490,1184 537,1184 584,1184 631,1184 678,1184 725,1185 772,1185 818,1186 865,1188 912,1190 959,1193 1006,1196 1053,1200 1100,1204"/>
                <TextEquiv>
                    <Unicode>haben also hieruff den vorgemelten Wolffgan</Unicode>
                </TextEquiv>
            </TextLine>
            <TextLine id="r3l16" custom="readingOrder {index:15;} person {offset:0; length:5; continued:true;} person {offset:12; length:14;} person {offset:31; length:7;}">
                <Coords points="141,1264 196,1293 336,1249 779,1251 849,1288 898,1257 1011,1262 1098,1304 1099,1252 963,1246 915,1208 807,1230 719,1195 613,1216 485,1187 295,1236 142,1211"/>
                <Baseline points="147,1255 194,1253 241,1251 288,1250 336,1249 383,1248 430,1247 478,1246 525,1246 572,1246 620,1247 667,1248 714,1249 761,1250 809,1253 856,1255 903,1258 951,1262 998,1266 1045,1271 1093,1276"/>
                <TextEquiv>
                    <Unicode>Chywe unndt Steffan kohler ihr Bewlers</Unicode>
                </TextEquiv>
            </TextLine>
            <TextLine id="r3l17" custom="readingOrder {index:16;}">
                <Coords points="145,1337 348,1315 445,1348 538,1312 591,1360 765,1310 1122,1368 1122,1311 1012,1262 947,1286 899,1258 846,1291 780,1251 146,1287"/>
                <Baseline points="151,1318 199,1316 247,1315 295,1313 344,1311 392,1309 440,1307 488,1306 537,1305 585,1304 633,1303 681,1303 730,1304 778,1305 826,1307 874,1309 923,1313 971,1317 1019,1323 1067,1330 1116,1338"/>
                <TextEquiv>
                    <Unicode>Kohlers sohn für ey bescheiden und ey deßge</Unicode>
                </TextEquiv>
            </TextLine>
            <TextLine id="r3l18" custom="readingOrder {index:17;}">
                <Coords points="140,1387 204,1410 240,1380 271,1407 416,1372 474,1404 588,1373 650,1415 747,1374 899,1425 967,1384 1071,1419 1072,1348 1044,1334 981,1369 784,1315 684,1360 493,1328 394,1359 304,1331 241,1353 209,1322 141,1342"/>
                <Baseline points="146,1373 194,1372 242,1372 291,1371 339,1371 387,1371 436,1371 484,1371 532,1371 581,1372 629,1373 678,1374 726,1375 774,1376 823,1377 871,1379 919,1381 968,1383 1016,1386 1065,1388"/>
                <TextEquiv>
                    <Unicode>befragt, die haben nun geredt bed gezüget.</Unicode>
                </TextEquiv>
            </TextLine>
            <TextLine id="r3l19" custom="readingOrder {index:18;}">
                <Coords points="1069,1487 1083,1486 1085,1488 1091,1488 1091,1436 1083,1435 1080,1438 1078,1438 1075,1435 1069,1435"/>
                <Baseline points="1075,1477 1085,1477"/>
                <TextEquiv>
                    <Unicode>4</Unicode>
                </TextEquiv>
            </TextLine>
            <TextLine id="r3l20" custom="readingOrder {index:19;} person {offset:12; length:14;}">
                <Coords points="199,1501 476,1503 523,1548 592,1505 740,1506 772,1536 820,1508 1062,1573 1110,1566 1114,1479 489,1467 202,1425"/>
                <Baseline points="205,1495 250,1495 295,1495 340,1495 385,1496 430,1496 475,1496 520,1497 565,1498 610,1499 655,1500 700,1502 745,1503 790,1506 835,1508 880,1511 925,1516 970,1519 1015,1524 1060,1529 1105,1535"/>
                <TextEquiv>
                    <Unicode>das gesagte Bathrina Räber zu sein mut</Unicode>
                </TextEquiv>
            </TextLine>
            <TextLine id="r3l21" custom="readingOrder {index:20;}">
                <Coords points="153,1568 259,1565 309,1605 397,1565 591,1557 746,1597 811,1577 875,1615 960,1587 988,1615 1034,1586 1109,1600 1110,1572 940,1565 819,1507 781,1540 657,1509 546,1546 476,1504 378,1531 156,1499"/>
                <Baseline points="160,1562 207,1559 254,1557 301,1556 348,1556 395,1555 442,1556 490,1557 537,1558 584,1560 631,1562 678,1564 725,1566 772,1569 820,1571 867,1574 914,1577 961,1580 1008,1583 1055,1585 1103,1587"/>
                <TextEquiv>
                    <Unicode>werckhstatt kommen und daselbst inen ohne eie</Unicode>
                </TextEquiv>
            </TextLine>
            <TextLine id="r3l22" custom="readingOrder {index:21;} place {offset:37; length:6;}">
                <Coords points="151,1645 750,1620 1108,1666 1116,1601 472,1595 436,1564 238,1598 152,1568"/>
                <Baseline points="158,1614 205,1614 253,1615 300,1615 348,1616 395,1616 443,1616 490,1617 538,1617 585,1618 633,1619 681,1619 728,1620 776,1622 823,1623 871,1624 918,1626 966,1628 1013,1631 1061,1633 1109,1636"/>
                <TextEquiv>
                    <Unicode>fangnen anlaß erzelt, man habeiy vor Chorge</Unicode>
                </TextEquiv>
            </TextLine>
            <TextLine id="r3l23" custom="readingOrder {index:22;}">
                <Coords points="151,1682 281,1701 319,1670 464,1693 578,1669 788,1679 868,1716 944,1684 1099,1692 1099,1659 1057,1646 838,1659 746,1623 152,1643"/>
                <Baseline points="158,1670 204,1669 251,1669 298,1669 344,1669 391,1669 438,1669 484,1669 531,1670 578,1671 625,1671 671,1672 718,1673 765,1674 811,1675 858,1676 905,1677 951,1679 998,1680 1045,1681 1092,1682"/>
                <TextEquiv>
                    <Unicode>gefragt, obsey mit dem kind ganget, darüber</Unicode>
                </TextEquiv>
            </TextLine>
            <TextLine id="r3l24" custom="readingOrder {index:23;}">
                <Coords points="145,1724 251,1712 379,1747 466,1715 660,1719 706,1753 747,1724 797,1748 947,1729 989,1756 1098,1741 1099,1700 145,1683"/>
                <Baseline points="151,1715 198,1714 245,1714 292,1714 339,1714 386,1714 433,1714 480,1715 527,1715 574,1716 621,1717 668,1718 715,1719 762,1720 809,1721 856,1722 903,1723 950,1724 997,1725 1044,1726 1092,1727"/>
                <TextEquiv>
                    <Unicode>habe sy geanbtwortet, so sy darmit gange</Unicode>
                </TextEquiv>
            </TextLine>
            <TextLine id="r3l25" custom="readingOrder {index:24;}">
                <Coords points="150,1775 195,1762 225,1792 339,1760 480,1797 599,1765 754,1797 807,1772 929,1807 981,1774 1083,1776 1084,1733 989,1756 855,1728 799,1755 660,1719 600,1751 535,1719 496,1747 151,1728"/>
                <Baseline points="157,1756 203,1757 249,1757 295,1758 341,1759 387,1761 433,1761 479,1763 525,1764 571,1765 617,1766 663,1767 709,1768 755,1769 801,1770 847,1770 893,1771 939,1771 985,1771 1031,1770 1077,1770"/>
                <TextEquiv>
                    <Unicode>so habees org der heilige geist gemacht</Unicode>
                </TextEquiv>
            </TextLine>
            <TextLine id="r3l26" custom="readingOrder {index:25;} person {offset:12; length:15;}">
                <Coords points="151,1815 403,1804 479,1845 784,1809 835,1855 894,1817 1091,1835 1092,1780 1045,1769 929,1806 702,1769 595,1799 534,1765 479,1797 434,1769 152,1775"/>
                <Baseline points="157,1805 203,1805 249,1805 296,1806 342,1806 389,1807 435,1808 481,1809 528,1810 574,1811 621,1812 667,1813 713,1814 760,1815 806,1816 853,1816 899,1817 945,1817 992,1817 1038,1817 1085,1816"/>
                <TextEquiv>
                    <Unicode>und als der Buchßenchiffter sy weiters</Unicode>
                </TextEquiv>
            </TextLine>
            <TextLine id="r3l27" custom="readingOrder {index:26;}">
                <Coords points="150,1885 364,1849 426,1878 507,1856 588,1900 661,1859 719,1887 782,1860 1042,1886 1091,1839 151,1815"/>
                <Baseline points="156,1853 202,1852 248,1851 295,1851 341,1851 388,1851 434,1852 480,1853 527,1854 573,1855 620,1856 666,1858 712,1859 759,1860 805,1861 852,1861 898,1862 944,1862 991,1862 1037,1861 1084,1860"/>
                <TextEquiv>
                    <Unicode>fragt, ob sy ennocht ein sölche andtwort habe</Unicode>
                </TextEquiv>
            </TextLine>
            <TextLine id="r3l28" custom="readingOrder {index:27;}">
                <Coords points="143,1943 280,1905 454,1932 579,1904 632,1946 684,1916 727,1939 819,1918 920,1951 1098,1919 1099,1863 964,1894 644,1866 574,1894 504,1866 439,1888 363,1849 144,1886"/>
                <Baseline points="150,1905 197,1904 244,1904 291,1904 338,1905 385,1905 432,1906 479,1906 526,1907 573,1907 621,1908 668,1909 715,1909 762,1909 809,1910 856,1910 903,1910 950,1910 997,1909 1044,1909 1092,1908"/>
                <TextEquiv>
                    <Unicode>geben dörffen, habe ey repliciert, Ja, vnndt</Unicode>
                </TextEquiv>
            </TextLine>
            <TextLine id="r3l29" custom="readingOrder {index:28;}">
                <Coords points="141,1971 303,1989 560,1958 849,1993 907,1961 1043,1991 1087,1981 1087,1917 1017,1948 817,1917 617,1947 555,1909 410,1936 346,1907 314,1936 270,1911 141,1945"/>
                <Baseline points="147,1961 193,1961 240,1960 287,1960 333,1960 380,1960 427,1961 473,1961 520,1961 567,1962 614,1962 660,1962 707,1963 754,1963 800,1963 847,1963 894,1962 940,1962 987,1961 1034,1960 1081,1958"/>
                <TextEquiv>
                    <Unicode>dürfftig darzu gechworen etc. Als man iy nun</Unicode>
                </TextEquiv>
            </TextLine>
            <TextLine id="r3l30" custom="readingOrder {index:29;}">
                <Coords points="140,2052 322,2023 369,2054 421,2014 558,2061 616,2021 704,2064 966,2024 1092,2053 1092,1975 1003,2010 910,1979 689,2006 560,1958 468,1998 361,1973 202,2005 141,1978"/>
                <Baseline points="147,2024 196,2022 245,2021 295,2020 344,2019 394,2018 443,2018 492,2018 542,2019 591,2019 641,2020 690,2021 740,2022 789,2022 838,2023 888,2024 937,2024 987,2025 1036,2025 1086,2025"/>
                <TextEquiv>
                    <Unicode>hierüber zu red gestoßen, hat ey den heitigen</Unicode>
                </TextEquiv>
            </TextLine>
            <TextLine id="r3l31" custom="readingOrder {index:30;}">
                <Coords points="161,2105 275,2119 339,2085 483,2081 531,2118 592,2081 822,2108 895,2087 977,2120 1069,2095 1069,2056 959,2026 826,2067 787,2043 559,2062 497,2016 300,2063 161,2029"/>
                <Baseline points="167,2082 211,2080 256,2077 301,2076 346,2075 391,2074 435,2074 480,2075 525,2075 570,2076 615,2077 659,2078 704,2079 749,2080 794,2081 839,2081 883,2082 928,2082 973,2082 1018,2081 1063,2080"/>
                <TextEquiv>
                    <Unicode>eist gebrauchet zuthaben nit gestendig sein</Unicode>
                </TextEquiv>
            </TextLine>
            <TextLine id="r3l32" custom="readingOrder {index:31;}">
                <Coords points="135,2156 529,2131 616,2174 857,2145 927,2172 990,2149 1029,2182 1085,2114 902,2134 564,2092 366,2116 337,2091 135,2122"/>
                <Baseline points="141,2143 187,2140 234,2138 281,2136 328,2135 375,2135 422,2135 468,2136 515,2137 562,2138 609,2139 656,2140 703,2142 750,2143 796,2144 843,2145 890,2145 937,2145 984,2145 1031,2144 1078,2142"/>
                <TextEquiv>
                    <Unicode>wellen, so es aber beihachen were, iye es pre</Unicode>
                </TextEquiv>
            </TextLine>
            <TextLine id="r3l33" custom="readingOrder {index:32;}">
                <Coords points="141,2205 303,2194 379,2225 507,2191 779,2206 846,2240 920,2201 1047,2233 1090,2203 1091,2146 1030,2183 990,2149 892,2180 852,2154 582,2180 534,2139 422,2173 182,2151 141,2175"/>
                <Baseline points="147,2197 193,2194 240,2191 287,2190 334,2189 381,2189 428,2190 474,2190 521,2192 568,2194 615,2196 662,2198 709,2199 756,2201 802,2203 849,2204 896,2204 943,2204 990,2203 1037,2201 1084,2198"/>
                <TextEquiv>
                    <Unicode>nit mehr in wüßen, an welche ire versprechen</Unicode>
                </TextEquiv>
            </TextLine>
            <TextLine id="r3l34" custom="readingOrder {index:33;}">
                <Coords points="134,2258 569,2243 734,2258 784,2300 867,2257 1095,2291 1096,2213 975,2234 920,2200 848,2239 776,2206 557,2225 508,2191 135,2223"/>
                <Baseline points="140,2250 187,2245 234,2242 282,2239 329,2238 377,2238 424,2238 472,2239 519,2241 567,2243 614,2245 661,2247 709,2249 756,2251 804,2253 851,2254 899,2254 946,2254 994,2253 1041,2250 1089,2247"/>
                <TextEquiv>
                    <Unicode>aber keiner herrenn eines ehrsammen ehorge</Unicode>
                </TextEquiv>
            </TextLine>
            <TextLine id="r3l35" custom="readingOrder {index:34;}">
                <Coords points="131,2312 576,2300 855,2345 916,2309 1057,2323 1083,2257 785,2297 568,2244 472,2281 369,2245 318,2285 229,2248 131,2280"/>
                <Baseline points="137,2300 186,2298 235,2295 285,2294 334,2294 384,2294 433,2295 482,2296 532,2297 581,2299 631,2301 680,2303 730,2305 779,2307 828,2308 878,2309 927,2309 977,2309 1026,2308 1076,2306"/>
                <TextEquiv>
                    <Unicode>nit komen können, sonders haben sölches meinen g</Unicode>
                </TextEquiv>
            </TextLine>
            <TextLine id="r3l36" custom="readingOrder {index:35;}">
                <Coords points="140,2374 289,2349 485,2398 621,2350 856,2402 961,2362 1063,2398 1097,2382 1098,2309 919,2309 854,2345 599,2304 547,2336 493,2304 428,2333 281,2298 201,2333 141,2314"/>
                <Baseline points="147,2354 194,2352 241,2350 288,2349 335,2348 383,2348 430,2348 477,2349 524,2350 571,2351 619,2352 666,2354 713,2355 760,2356 807,2357 855,2358 902,2358 949,2358 996,2358 1043,2356 1091,2354"/>
                <TextEquiv>
                    <Unicode>hrn und oberen in geseßnem racht fürtragen haßen</Unicode>
                </TextEquiv>
            </TextLine>
            <TextLine id="r3l37" custom="readingOrder {index:36;}">
                <Coords points="121,2424 1082,2425 1082,2396 959,2366 857,2401 621,2350 473,2392 122,2355"/>
                <Baseline points="127,2406 174,2405 221,2404 269,2403 316,2403 364,2403 411,2403 459,2404 506,2405 554,2405 601,2407 648,2408 696,2409 743,2410 791,2412 838,2413 886,2414 933,2415 981,2416 1028,2417 1076,2417"/>
                <TextEquiv>
                    <Unicode>welche dann hieruff befohlen, das in deßwege</Unicode>
                </TextEquiv>
            </TextLine>
            <TextLine id="r3l38" custom="readingOrder {index:37;}">
                <Coords points="128,2468 375,2497 433,2458 529,2487 585,2460 644,2496 690,2461 819,2463 929,2495 1088,2453 1088,2426 943,2442 751,2409 128,2441"/>
                <Baseline points="134,2462 181,2460 228,2458 276,2456 323,2455 370,2455 418,2455 465,2455 512,2456 560,2456 607,2457 654,2458 702,2458 749,2459 796,2459 844,2459 891,2459 938,2458 986,2456 1033,2455 1081,2452"/>
                <TextEquiv>
                    <Unicode>nochmahlen sölle angehört und zur bekthandkent</Unicode>
                </TextEquiv>
            </TextLine>
            <TextLine id="r3l39" custom="readingOrder {index:38;}">
                <Coords points="126,2547 314,2505 1080,2519 1079,2457 937,2499 767,2462 680,2496 573,2460 433,2495 297,2470 254,2493 200,2458 126,2484"/>
                <Baseline points="132,2517 179,2514 226,2511 273,2510 320,2508 367,2507 414,2507 461,2506 508,2506 555,2506 602,2507 649,2507 696,2508 743,2508 790,2508 837,2509 884,2509 931,2509 978,2508 1025,2507 1073,2506"/>
                <TextEquiv>
                    <Unicode>gebracht woen, das ist nun uff frytag, den</Unicode>
                </TextEquiv>
            </TextLine>
            <TextLine id="r3l40" custom="readingOrder {index:39;}">
                <Coords points="126,2606 355,2556 461,2597 647,2556 762,2608 1078,2558 1038,2508 619,2538 556,2505 505,2539 265,2510 125,2549"/>
                <Baseline points="131,2578 178,2571 225,2566 272,2562 319,2560 366,2558 413,2556 460,2556 507,2556 554,2557 601,2558 648,2558 695,2560 742,2561 789,2561 836,2561 883,2561 930,2560 977,2558 1024,2555 1071,2552"/>
                <TextEquiv>
                    <Unicode>julii 1630 bechechenn, die haf hierüberse</Unicode>
                </TextEquiv>
            </TextLine>
            <TextLine id="r3l41" custom="readingOrder {index:40;}">
                <Coords points="120,2648 158,2669 267,2620 403,2645 447,2610 540,2611 725,2652 803,2626 865,2662 936,2620 1090,2640 1089,2578 770,2599 651,2559 461,2597 413,2559 119,2593"/>
                <Baseline points="126,2641 173,2632 221,2624 269,2618 317,2614 365,2611 413,2609 460,2608 508,2608 556,2609 604,2610 652,2612 700,2613 748,2614 795,2615 843,2616 891,2616 939,2614 987,2613 1035,2609 1083,2604"/>
                <TextEquiv>
                    <Unicode>by syn und gegenwürtigkeist der ehrenuesen</Unicode>
                </TextEquiv>
            </TextLine>
            <TextLine id="r3l42" custom="readingOrder {index:41;} person {offset:7; length:24;} organization {offset:36; length:7;}">
                <Coords points="130,2688 358,2708 417,2671 630,2664 731,2699 760,2672 1034,2677 1067,2628 733,2653 536,2610 459,2648 267,2620 221,2657 130,2660"/>
                <Baseline points="136,2688 182,2682 228,2676 274,2672 321,2669 367,2667 413,2665 459,2664 506,2664 552,2664 598,2664 644,2665 691,2666 737,2666 783,2667 829,2668 876,2668 922,2667 968,2667 1014,2665 1061,2663"/>
                <TextEquiv>
                    <Unicode>Herren Johanns Rudolff Steigers des kleinen</Unicode>
                </TextEquiv>
            </TextLine>
            <TextLine id="r3l43" custom="readingOrder {index:42;} person {offset:0; length:14;} organization {offset:19; length:12;} person {offset:33; length:8; continued:true;}">
                <Coords points="126,2743 325,2718 383,2748 495,2715 609,2751 691,2752 741,2714 950,2739 1063,2716 1063,2669 746,2701 675,2667 594,2703 455,2673 185,2715 126,2690"/>
                <Baseline points="132,2734 178,2728 224,2724 270,2719 317,2717 363,2715 409,2715 455,2714 502,2715 548,2716 594,2717 640,2718 687,2719 733,2720 779,2721 825,2721 872,2721 918,2720 964,2719 1010,2717 1057,2713"/>
                <TextEquiv>
                    <Unicode>Daniel schmits des großen rahts, daid von</Unicode>
                </TextEquiv>
            </TextLine>
            <TextLine id="r3l44" custom="readingOrder {index:43;} person {offset:0; length:6; continued:true;} organization {offset:7; length:11;}">
                <Coords points="108,2798 384,2767 416,2796 693,2780 761,2819 840,2796 1045,2823 1083,2798 1083,2702 894,2743 734,2720 690,2753 549,2724 466,2752 327,2726 287,2755 108,2747"/>
                <Baseline points="114,2790 162,2783 210,2776 258,2772 306,2769 354,2768 402,2767 451,2767 499,2768 547,2768 595,2770 643,2772 691,2774 739,2775 788,2776 836,2777 884,2777 932,2776 980,2774 1028,2772 1077,2767"/>
                <TextEquiv>
                    <Unicode>Beüren großweibels etc. bekhendt unnd ks</Unicode>
                </TextEquiv>
            </TextLine>
            <TextLine id="r3l45" custom="readingOrder {index:44;}">
                <Coords points="117,2843 138,2854 169,2838 216,2837 264,2870 314,2846 394,2849 390,2766 375,2776 333,2770 260,2808 225,2794 206,2811 178,2796 161,2812 115,2818"/>
                <Baseline points="123,2837 149,2835 175,2834 201,2832 228,2831 254,2829 280,2828 307,2827 333,2826 359,2825 386,2825"/>
                <TextEquiv>
                    <Unicode>wie volget.</Unicode>
                </TextEquiv>
            </TextLine>
            <TextEquiv>
                <Unicode>Latrmna Rüber.
Nach dem vor etwas tageen Caterin Robe
bürtig von Wyllsauw by meinen hetren einem
ehrsamen Chorgricht alhier, In edacht kommen, dae
sy schwanger sein sölle, ist ey deßhalben, dahin
citiert und darumb zu fredgestelt worden,
Nach dem ey sich auch widerumb von dannes hi
wegg, gegen ires hrn hus begeben, hat ey sich w
wege vor mr Wolffgang Thywys, der gechten
chiffters werckhstatt bernembt, das i 
des chorgrichts, uff ir gethanes fragen hin, mit
einer gottslesterlichen andtwort begegnet we
dahar dann meine ern eines ehrsammen chorgrüht
ursach genommen kchundtschafft darüber generhor
haben also hieruff den vorgemelten Wolffgan
Chywe unndt Steffan kohler ihr Bewlers
Kohlers sohn für ey bescheiden und ey deßge
befragt, die haben nun geredt bed gezüget.
4
das gesagte Bathrina Räber zu sein mut
werckhstatt kommen und daselbst inen ohne eie
fangnen anlaß erzelt, man habeiy vor Chorge
gefragt, obsey mit dem kind ganget, darüber
habe sy geanbtwortet, so sy darmit gange
so habees org der heilige geist gemacht
und als der Buchßenchiffter sy weiters
fragt, ob sy ennocht ein sölche andtwort habe
geben dörffen, habe ey repliciert, Ja, vnndt
dürfftig darzu gechworen etc. Als man iy nun
hierüber zu red gestoßen, hat ey den heitigen
eist gebrauchet zuthaben nit gestendig sein
wellen, so es aber beihachen were, iye es pre
nit mehr in wüßen, an welche ire versprechen
aber keiner herrenn eines ehrsammen ehorge
nit komen können, sonders haben sölches meinen g
hrn und oberen in geseßnem racht fürtragen haßen
welche dann hieruff befohlen, das in deßwege
nochmahlen sölle angehört und zur bekthandkent
gebracht woen, das ist nun uff frytag, den
julii 1630 bechechenn, die haf hierüberse
by syn und gegenwürtigkeist der ehrenuesen
Herren Johanns Rudolff Steigers des kleinen
Daniel schmits des großen rahts, daid von
Beüren großweibels etc. bekhendt unnd ks
wie volget.</Unicode>
            </TextEquiv>
        </TextRegion>
    </Page>
</PcGts>
