1157 3165
7 1231 37 1286 e
1013 26 1130 92 105
86 47 1050 258 zuten zwen schon bekhendten gestolen kein
86 147 1109 328 offen und etwas fleisches abkhaufft haben
82 222 1132 391 dißer aber darumb sy zu Verneren dieb¬
82 289 1111 467 Alen angewisen habe, deßen hat sy ihn
81 371 1148 566 iemahlen bekhentlich machen können, also das
76 453 1072 650 eues selgten inzwyfftln gezogen, allein hat
76 548 1047 735 angezeigt, der Jenige Vffsatz so er lyser
75 634 1084 785 it Irer Muttter zetuschet, den habe er Vnd
61 732 1116 871 der zingerichtete andres Sattler, eines gweßen
71 805 1113 931 irnen, das buren catheyn genampt, welche
61 860 1063 1027 eieser auch veilher geschleipfft habe, Im
63 929 1121 1098 eimberg gestolen, deßen er aber keines wegen
58 1022 1119 1165 gestendig sein wollen, sonders angezeigt, waß
58 1092 1137 1239 den Vffsatz belange, denselbigen habe er ershauft
55 1165 1129 1281 drumb werdent michtl nach der stifftol
48 1239 1125 1367 Vnd einer, den man den Schnyder Vli name,
48 1325 1121 1460 Im Heimberg geseßen, gezengen wußen, hingeg
46 1386 1077 1518 zeigte vilgesagte Maria Müllerin an, dise
45 1464 1121 1592 drenn seyen eben so gut alß er Lyser, Vndt
47 1538 1076 1665 so seines wir der ander hiernt kheiner nit
50 1630 372 1742 sih besonders.
40 1716 1097 1802 Vnd obwol night hierrüber beuolchenn, das Ir g beide die¬
44 1797 1075 1840 ner hrr großweibel und grichtschryber, der einte
41 1831 1104 1904 gan Bollingenn und der ander gan Muri sich vrfügen und da-
47 1871 1100 1960 selbsten seine thalbenn enere infermastion ufnemmen söllend
41 1918 1078 2015 welches auch beschechenn, Es ist aber seiner halben nüt ver-
41 1965 1090 2071 ners oder tädtliches bezüget worden, weßwegen dann might und
40 2028 1053 2110 Oberen inne uffgnad hin von ir g statt und landt
51 2076 797 2177 wisenn den 7. decembris ano 1640.
236 2189 1071 2338 Mohel Schnyder von Mundigen
310 2282 1026 2405 auß der Marggrafschafft Hochberg.
66 2420 1092 2529 Nach dem derselbig schon zum anderen mahl, Usparg¬
43 2502 1130 2586 worhin, gfenckhlich alhar gebracht, einsmahls in das schal
51 2542 1105 2656 enwercke geschmit und doch glichwohl jeder zeitsohne
59 2598 1137 2722 yit der gefangenschafft erlaßen und in sein hennat
50 2660 1083 2756 ewißen, So ist er dennoth mit hienachgemelten
45 2704 1079 2804 wen seiner gspanen Von dem freyweybel von
41 2756 1107 2862 münsigen widerumb gefenckhlich alhar geschiekst, und
47 2819 1102 2924 folgener durch meine hochgeehrte herren, hernn
49 2890 1072 2982 Hans RudolffLamouw des kleinen Herren
40 2926 1097 3032 Abraham im Hosfes großen rachts und herren
31 2993 1099 3104 Großweybel Terberen seines umb schweissenden
