1173 3045
992 44 1089 114 102.
160 58 1044 193 Hanß Rüffenacht im kem
195 153 779 271 der Kilchhori Vechingen.
13 343 1109 471 sie wreilen meinen gnedigen htaren und Oberen, durch
44 411 1080 536 withelm Eyser ( ietzmahligen droben verhafften)
31 482 1104 583 genamen und von wegen hrsn Rudolff Achmüllers
50 555 1115 655 predicanten zu Sigerißwyl, supplicando fürgebracht
48 619 1093 716 daß ermeltem Hen achmüller durch Hans Rüf
36 681 1050 783 fenacht im Rein der kulhöre Bechingen ein
27 735 1066 846 ungültige gultuerschrybung verkhaufft worden.
43 792 1009 901 haltnt hochgedacht ir gt für gut angesechen,
47 883 1091 965 vnd hiemit beuolchen, Sowol ermelten Ruffenacht,
34 926 1095 1040 Alß auch Joseph Houßi als welcher in anzoge
43 988 1086 1090 nem brieff für einen bürgen eingesetzt und ernem,
47 1050 1114 1170 set worden) Hierumb ernstwörtig de examinieren
41 1112 1041 1234 welches dan auch den 2. novmbr 1690 durch
42 1175 1076 1305 meinen hochehrenden herren Wilhelm Hirtzen, deß
31 1250 1002 1353 rahts unnd herren amman von Graffenrits
38 1308 232 1403 beschechen.
21 1435 1049 1544 Da dann ertlich Hanß Rüffenacht, sagt, wie
41 1515 1089 1600 wohl er in disem obangtregten 45 cronnen insal
38 1563 1048 1654 tendren gultbrieff, durch Christen wyler von
43 1620 1047 1715 verhingen, als hauptschuldner, ( welcher aber
42 1674 1055 1777 dißmahlen nit mehr im landt, sonderen daruß
43 1749 1023 1833 entwichen seye) für einen gleübiger ingesetzt
38 1800 999 1905 und genauset Sowüße er doch gantz und gar
40 1873 1097 1975 mitzit daruon, sonderen derselb seye ihme hinder
46 1938 1056 2032 rucks und unwüßent uffgericht worden, habe
39 1998 1025 2100 auch nitmahlen khein ansprach an denselben gehart
32 2045 1083 2152 Veblaoringr, daß er sich gegen ime sölte pobligiert
35 2111 1097 2230 und verchrybte haben. Waß aber die uff inne lauther
38 2194 1087 2294 be übergaab, des ermelten urgwönigen brieffs
46 2253 1077 2340 belanget seye zwar nit weniger, dann das
44 2313 1101 2411 er fürgedachten Christen Wyler gegen hr Rudolff
32 2362 1013 2494 achmüller umb 45 burg gesein und währschafft
37 2438 1118 2568 getragen verprochen, darumb er ihme auch uß gewißen
40 2506 1066 2606 unegt und bezalt habe, volgendts uff das redt und
54 2578 1099 2685 sein Christen wylers begehren hin die bemelte uber
46 2619 1102 2744 gab laßen uffrichten, darzu er dann auch an das
56 2687 1034 2814 sigel glopt und Hierumb währschafft ze tragen
42 2732 1074 2879 versprochen, allein seye ihme nit zu sinn khomen, daß
53 2822 1097 2942 er Cchristen Wyler mit sölchen gefehrden umbgehte und
965 2908 1037 3000 also
