2448 3264
171 2062 243 2112 21
202 1487 259 1565 9
211 1798 275 1856 2
179 726 242 789 b
164 1152 249 1244 18
239 244 303 317 1
382 259 1194 466 Oberthalb olthen im gaur habe
380 334 1196 539 er vr einer stuben ein mannenrock
375 416 1163 608 welchen er umb e halben guldn Item
368 482 1135 633 ein rysein fürtuh, so er einem
365 527 1166 706 batther Meyotli umb 4bazen ver
376 594 1009 733 kaufft, hinweg genommen.
359 699 1168 932 zu Belmundt bey Nydamr ps
385 810 1134 981 einer stuben ein bar rystin hoßen
343 902 1159 1072 Gleych obenthalb Urberg ein gipper
375 1004 1130 1114 die er einer frauwen umb 1 lb
383 1046 666 1163 verkaufft
362 1151 1165 1299 zu Kerherz habe er uß einem
324 1254 1178 1367 prauren hauß. Ell rgstin such umb
369 1315 1190 1450 welches erslb erbset erloßt, ent
381 1376 557 1480 znckt.
375 1484 1159 1575 Vor dißem allem aber habe er mit
378 1550 1173 1658 einem seines gleichen der mitz genandt
385 1612 1164 1719 d gepppen von welcheren sy 3 lb ge
374 1663 850 1772 loßt, stalen helffen.
370 1762 1130 1877 In einem ihme unbekhandten ohrt
371 1820 1172 1931 im freyburger geprt habe er uß einen
358 1891 1115 1976 patwren hauß 3 par soh nch genömmen.
353 1941 1163 2059 die er geseß umb 8 batzen verkaufft
355 2025 1176 2136 vndt zu heiter Riedi Anckenballen,
382 2108 1111 2207 undt i stucki käß, so er genoßen
337 2183 1136 2360 Wyl nun dißer hierüber mit anderen
367 2269 1164 2414 seynen gespanen zu chwartzen,
364 2345 1137 2476 burg ergriffen meyern ge ihre undt
375 2397 1175 2532 oberen gefencklichen zugeschikt worden.
349 2451 1151 2618 habent ihr gr Rhaahsam befunen
354 2531 1155 2683 daß er uber alle vorantkogne punten
366 2583 1155 2728 nochmahlen mit nothwendiger marter
363 2615 1167 2786 folle befragt und examiniert
351 2688 1156 2850 werden, welches dan auch beschechen.
331 2755 1149 2935 Oder hat uun in bey sein undt gegen
2211 152 2326 228 23.
1359 251 2318 505 wertigkheit der hochgeachten eherenvesten
1374 351 2195 570 kömmen fürnemmen fürsichtigen undt
1366 417 2207 621 wyßen herren hrren Burckhart
1366 481 2286 705 Fischern Jacob Kochen beid deß kleinen,
1388 546 2293 738 undt gaiell Gchundts deß großen
1360 635 2137 829 Shaagß Garidtß von Beüren
1388 701 2191 853 Groß weibelßgsambt anderen
1380 758 2253 918 meher gehr und oberen dieneren
1354 823 2233 975 der weyblen mehr alle hievor an
1366 891 2208 1041 zogne Posten und Artickell alhier
1379 965 2228 1105 zn marzli mit und ohne marter
1374 1040 1970 1191 erkhendt vnd bestattiget
1350 1141 2316 1256 diser ist den 10. augustii 1689 mit hienachge
1387 1208 2313 1301 meltenn zweyen personen, Andres Vattler
1379 1254 2303 1349 vnd Elßbech Bischler, mit dem chweit zing¬
1387 1333 1615 1409 richtet worden.
