2448 3264
50 179 110 229 wie
44 220 134 286 uch sy
143 95 1176 314 destenn ungferdt sy einer fronen gwesen abgenommen
171 146 1168 356 und wie sy erachten könne, den morndrigen tag grzert
167 192 1155 385 Zunsten habe ir man (ires wüstens halben niemand
171 246 1163 443 nchts veruntreuwet, Pette aber ein gnedige Eber
152 288 1195 492 keit, die wolle sich Irn, vnd Ires arnen Jung krancken
150 340 537 438 kints erbarmen etc.
112 456 1199 663 endtlichen als inen allen fürghaltenn worden, ob so ni
166 534 1194 704 von dem gelt welches man einem gwüsenn geeger
151 556 1182 753 von Solothurn, inn einem kratten hinden ab dem tägen
135 613 1170 791 Wrigggenommen, wüstenschafft oder villichter ein theil
118 684 1179 845 darnen bekommen habint. Haben sy all gleichlautentge
148 741 1169 904 antwortet nei, es sye auch derselbe man seithero zu
131 780 1184 956 Hindelbanck da sy gefangen auffbehalten worden) by zun
141 853 1169 999 gewißen, der habe sy alle besichtiget und entlich gredt
132 893 1068 1054 es syr deren keiner sy hiemit lediggsprochenn.
143 959 384 1048 so es glohren.
646 1056 752 1117 mant
137 1054 1158 1214 Ann diser obgemelten dreyen und einer wybspersohn.
136 1127 1140 1247 gethanes versprechenn, siadt myn 9 h die räth kommen,
142 1179 1152 1273 und habenn sy mit versprechung, das ein jede an das orth wo sy
142 1219 1150 1333 dahenm sich begebenn, daselbstenn verbleibenn, sich mit ehrlich
136 1266 1166 1376 handtarbeit erweren und iro gefangenschafft an nie¬
142 1319 1156 1426 mandts enhenm wölle, der banden ledig gelaßen und
141 1377 1081 1452 uff freyenn fust gestelt, den 30. octobris 1638
140 1473 1090 1569 Caspar Stierli der kürßnes vonn
517 1549 854 1635 Schaffhausenn
1029 1586 1090 1636 e
127 1610 1163 1701 Ist auch den 30. octobris 1638 seiner gefangenschafft
137 1677 1141 1728 erlaßenn, und abes (bist das er s Maritz schnellen umb
115 1717 1149 1786 den für zun ustgelegten costenn, so er seinet halben einer
117 1777 1164 1852 geüsten schmachsach wegenn, welche in des grichtschey¬
132 1798 1135 1896 bers ührodel zefinden ist, erleiden müßenn vernügt und
132 1849 1135 1943 bezalt habenn wirt mit dem eydt von ir g statt
129 1922 697 2009 und landt verwsenen worden
95 2001 1135 2133 Hans Müller von Bießbach und Steffan
534 2085 695 2157 Marti.
526 2127 1146 2222 sy an Barbara vhommet mr
117 2137 519 2228 indt wegenn das
107 2186 1153 2290 Matys Thommets deß zimmermans uß der kilchöri wolen
118 2227 1144 2345 tochter ein grese schandthat begangen und hiemit ein
119 2276 1139 2401 große ergernuß erwerkt zwo stundt lang an das halb
110 2329 1075 2467 sisenn gestelt worden den 16. novembris 1638
106 2382 1145 2564 Hans Jacob Krauwer uß dem Zürich gebet
95 2477 1108 2636 Ist von wegen dest mit zwifacher ehe und anderen
115 2543 1129 2680 bubenstüeklman bübtenn schantlichen betrugs, seine
109 2606 1113 2732 ersten tirnen nach mit dem eydt von statt und land
103 2657 715 2784 verwisen worden, Actum verstath
100 2677 1143 2865 Maria Affholter uß dem soloturnergebiel
93 2752 1133 2920 Ist gleichfals von begangnen vierten zuren fälers wegen
109 2799 1132 2971 mit dem eyd von statt und landt bwisen worden,. Actum
107 2935 286 3013 11 sutra
2318 52 2368 112 3
1241 169 2375 432 Ischwigenn er daselbstenn im underen wirtshuß grett, es sye
1251 240 2353 473 kein biderman der nit mit einer huren hußhalte und wann
1257 283 2380 525 ednit schon eine hette, so wolte er doch umb eine lugen. Item
1266 323 2363 552 id wolle eine huren nemmen, sich mit derselben ennschene
1264 388 2299 594 und 2 oder 3 mannen zusachen laßen, mun damit er von
1261 431 2377 654 seiner frauwen kommen möge, nach dem er zuuor am uferen
1268 484 2350 691 vattrechten alhie ein offentliche entschlachnus gethan, nit
1251 540 2344 739 dem eydt von ir 9 statt und landt. Item der herrschafft
1251 599 2350 805 murtenn ewesen worden, Den 21. novembris anno 1638.
1261 698 2370 906 Ubillix zwicker Burger alhie vnd Katryna
1397 829 1796 933 Egger sein ehewyb
1279 890 2314 1054 Nach dem dieselbigenn von underscheidenlichenn klagtenn
1244 974 2323 1085 wegenn, welche ires böses läbwesenns halbenn, über sy en
1256 1018 2332 1160 gängen für ein ehrsam chorgricht alhie beschickt, deßhalb
1251 1072 2358 1212 zu red gestoßenn und entlich mit kuntschafften so weith über
1242 1132 2305 1239 wisenn worden, daß man handtgrifflich gespüren müsten
1239 1188 2289 1298 das namlich er der man nebenn vilenn bösen bschißenen
1249 1251 2281 1354 und betrügenn, die er gegenn riben ehrlichenn lüten eübt,
1262 1319 2309 1407 auch das an die handt genommen, das er sein frauw, als welche
1246 1377 2304 1468 der Küpplerey anklagt gewesenn, selbs heißenen einen ab-
1255 1441 2274 1511 mitt nemmenn, nur damit er sy könne srüffenn laßen
1259 1494 2309 1598 und hernach die hienachgemelte Anna Sterchi, mit derenn
1258 1551 2305 1647 ind sich kniescht und gleich wie ehelüth schon gelebt haben
1265 1602 2331 1700 soll könte ehelichenn, wie er dann auch albereith einen aurffbrieff
1265 1662 2292 1766 ußgebracht hatte, welcher aber nach dem der betrug gespärt
1252 1714 2283 1835 worden widerumb ufgehebt worden. Die frauw dann das
1249 1780 2294 1880 dieselbe mit vilenn vnderschidenlichenn Kupplereyen, vnd an¬
1251 1819 2315 1941 deren schantlichenn unkeüschen dingenn umbgelagen. haben
1243 1881 2263 1988 die hrr chorrichter iro gantze sachen für mein g z. die
1239 1934 2244 2055 räth getragenn, die habenn hieruff erkent, das man sy
1246 1981 2277 2117 beyde Eemöntschen, wie zugleich auch die hienachgemelte Am
1233 2045 2234 2180 Stirchi mit lutenn außstreichenn und hernach mit dem
1248 2097 2251 2237 eydt von ir gn statt und landt verweisenen sölle, daß ist
1250 2154 2279 2310 den 14. decembris ao 1638 an inen erstattet worden
1225 2224 1556 2339 Anndt Sterchi
1281 2317 1892 2447 wihnen goldvorbeiters ehewyb,
1827 2307 2260 2440 dierers des vsge.
1203 2360 2332 2610 Ist wie hinobenn angehört von jers ehergerlichen und bosen
1246 2433 2280 2634 hantlichen hurenwesenswegen, mit den obgemeltem
1237 2476 2310 2691 ehemöntschen mit kuten außgeschmeits und mit dem eydt von
1247 2529 2250 2774 statt und landt vwisenen worden actum 1t sutra.
1244 2591 2290 2858 Docolbea Vuteschlegel Hanß diuonen deß wirts
1292 2692 2032 2880 zum Leütz alhie, eheliche Hußfrauw.
1226 2752 2269 3005 Ist wegenn ires ehrgerlichen lebens und das sy der herey
1240 2804 2293 3061 und Tabrnchs dergstaltenn verdächtig gerosen, das myn s h
1225 2837 2278 3100 uß den ehürti kieetschafftenn, welche zwar die that nit ein
1224 2892 2252 3149 gentlich bezagten anders nit erkennen können, dann das sie
