1173 3104
140 23 1152 269 uff sölliche syne deß gesagtenn ansenn Gfellers bekeen
146 92 1136 294 bekante diebstäl böse und schwere mishandlungenn, haben
144 143 1154 348 hochgedacht mahr und oberen H Schultheist rath und b
139 199 1141 369 diser freyenn und loplichen statt Bürn, uff iren eydt zu
141 239 1160 424 recht erkent und gesprochenn, daß man inne den nachricht
141 290 1156 459 beuelchen, der jnn oben ist uffgwohnliche richtstatt fer
146 350 1152 524 daselbstenn das haupt abschlachen und also mit den schm
149 386 1160 568 vom liben zum tob, nach dem keyserlichen rechten hine
149 438 257 520 solle,
137 519 1143 644 Den 12. septembris 1640 ist dise ertheil an imme erstattet
146 593 282 668 worden.
47 714 334 843 a alß namlichen
316 775 1083 949 Petter Horsch von Schupffen,
121 911 1146 1070 Sadhdem vor etwas abgelossnen tagen, mein
147 1024 1144 1127 nem hochehren den Herren Seckhelmeister Guder
139 1091 1139 1199 ein ihnno uß des Weyd gestollen, nach Frybur
140 1152 1150 1269 getriben, daßelbsten verkhaufft, der eine th
137 1216 1141 1330 abershieruber ergriffen, gefencklich yngezogen,
134 1282 1113 1390 und mit zimliches marter zur bekhandtnus ge
139 1333 1133 1455 bracht worden. Habent wolgemelte herren von
142 1401 1126 1522 Tryburg deßen might undt oberen, fründt
125 1464 1132 1589 nachpurlich verstendiget weßwegen dann ir g
124 1536 1130 1648 sy als ire gefrungen lieben bydtgnoßen, mit
133 1598 1129 1714 burger und bruder ersucht, ihnen uff ein rel
137 1675 1123 1783 lusse sin, bemelten Peten Hörschen gwahr samnlich
147 1734 1124 1869 zuzeschicken, welchem sy auch wurcklich statt
131 1796 1133 1930 aethani, Woruff nun hochgemelt zr g beuohle
109 1873 1132 2035 dan er hierumb noch Verners vnd weiters
131 1940 1129 2068 solle exammert und befragt worden, das
107 2005 1117 2156 ist auch hernach den 28. jchmen Herpstmonats
124 2081 1118 2233 durch herren Abraham Bitzio des kleinen
115 2137 1135 2299 Herren Cchristoffel Hackbreth und hre feromit
129 2194 1126 2359 von Grofenwied, Aman anstatt hrren groß
112 2266 1126 2426 weybel werbers, des Großen Richts, bes
114 2350 1125 2524 scheisen, des hat aber nitzit anders, alß er
106 2402 1123 2565 er schon lienor zu Fryburg sprachen bekennen
87 2494 1126 2644 wellen Vnd zu zwegen vnderschidenlichen tagen
101 2565 1096 2740 mit uffgezognen steinen an der marter er¬
89 2620 1103 2797 halten, bekhennen wollen, Namlichen er habt
102 2650 1128 2849 mit einem, so sich bendicht breith namst und i
98 2725 1123 2930 dem ampt thun bürtig seye, alhier in der stat
94 2812 1100 3012 gebruncken, vnd seye darnach mit demselben
100 2863 1111 3081 nach Fryburg gegangen, underwegs gange diße
