1256 3264
1023 161 1112 222 66.
209 211 778 345 Bartli Fischer ein schwab
23 215 1122 427 nachtem lgenwertiger) Bartli Fischer von Althaumb by Tillingen
46 275 1071 457 aub schwaben anfangs augstmonets im verschinen 1638 jar von
34 297 1120 508 Sichwartzenburg mit anderen seines gleichenn mehr gfengeklich alhar
39 342 1103 557 gbracht und darrüber seines thun und laßens halben examiniert
37 378 1113 590 worden hater domalen einiche böse that begangenn ze haben nit bekene
29 420 1111 627 wollen, derwegen ings und oberen inne der banden erlaßen und mit syner
40 455 1094 669 heeinre, welche Anna Tedi heißt und uß dem Guggisperg püntig, die
50 493 1120 698 gkurtz daruor geehelichet, heimb in sein vatterland gewesen, demselben
56 553 1108 739 ver aber nit nachkommen, sonders ist mit anzogner söner frauwem
48 586 1104 789 und wider im landt dem müßiggang und bätel nachgezogen, auch
46 640 1111 820 lagenentes begangnen diebstals ergriffen und wideumb inmonets
43 673 1089 875 heist darnach gfengeblich alhar gfürt und darrüber eraminert
38 741 1088 900 worden der hat hieruff mit und ohne marter bekent wie volget,
28 792 1102 964 eistliche als er us tringender hungers nach uß seiner heimet, welches
39 847 1112 1002 durch das kriegswesenn gantz einniert worden, hinwegg gezogenn
47 889 1115 1048 und alhar inn die tidtgnaschafft kommen. Habe er erstlichen zu Bür
47 951 1108 1086 an im Zürichgebiet us einem stall ein var wulthosen ein hembdt
58 984 1093 1139 und ein par schuch genommen, das selbige angelegt und seine herrist
55 1056 795 1191 am bösen kleider an derselben statt gelaßenn
63 1137 1109 1249 u Mollhusenn inngleichem gebiet uß einem tisch 2 leib broth
18 1211 51 1255 2
67 1225 558 1305 vndt kaß, welches er genoßenn,
54 1273 1117 1364 deßelbenn gleichenn zu langenthal, einleib broth, vnd ein hußkäß
64 1339 321 1421 der auch geeßenn
25 1384 1051 1489 sy heiterwiet im hryburger gebiet, habe er uß einem huß zu
56 1452 812 1531 dem venster us 1 leib broth und 1 käß gezogen,
17 1511 1111 1602 den einem anderen orth inn gleichem gebieten 2 alte parscuch ein
56 1570 727 1654 hut leib broth und 4 käß, so er genößenn
47 1641 1040 1734 Nitwyth von dannen ein alt varlynhoßenn, so er hernach
60 1689 221 1762 getragenn.
56 1752 1086 1859 Inn gleicher rener ein wüllin wamsel, das er ouch angelegt,
27 1778 1090 1907 uff dem lengenberg ein nideren hut und einalt parschuch.
19 1861 1109 1962 zu Wieningenn im solothurner gebiet leib broth und ein
70 1904 266 1983 stückli käß.
28 1960 1052 2130 . Inn der herrschafft Murtenn, habe er mit einem stecken
59 2033 1091 2180 daran ein hägli gwesenn zu einem venster hinyn griffen und
52 2058 1034 2213 2. leib broth, herauß gezogenn vnd seye daruff zu dem
63 2113 1103 2267 pineren uff dem schorrenn kommen, by dem er creüerent
61 2153 590 2282 gemelden) der schwynen gehütet,
22 2212 1036 2409 Nach dem er sich nun mit diser seiner frauwen lhelichet,
51 2274 1102 2449 habe er im Ouggisperg ein alte Gippenn genommen und dieselbe
60 2332 739 2480 diser syner frauwenn ze tragen gebenn,
53 2408 1088 2594 Item als er mit derselbenn und irer multer seiner schwiger
66 2461 1058 2637 sampt seiner frauwenn unehelächen sohn, welcher ungfert
69 2505 1094 2677 by den 98. jaren alt uff der allmeint by dießbach zu eines
56 2548 1066 2719 puren huß kommen und niemants darrinen gspurth, habe
68 2605 1073 2770 yn schwiger, dien synen unehrlichen stieff sohn heißen
63 2671 1065 2827 zu dem benster hinyesteggene, der haben selbigers auch
57 2718 1074 2881 gethann, die schlußel an einem trog gefunden, denselbenn
65 2761 1063 2926 geoffnet, einnenn seckel darrinen 3 u geweßenn und
67 2808 1039 2983 uß der stubenn ein parschuch genommen, mit dem seynen
68 2855 1067 3022 sy hinwegg gangen, man habe inen aber nachgeylt und seye
64 2904 1058 3079 er darob gfencklich angenommen und alhar gfürt worden. Syn
63 2941 1110 3130 schwiger frauw und dero eintaber, seyenn daruonn kommen
73 3026 392 3120 landt verwesen worden
72 2988 1080 3168 veßwegern er domalenn mit dem eydt von ir gen statt und
