1152 2913
1019 47 1097 99 4
51 96 1076 295 mit hilff gemelter seiner muter und hr9
63 174 1000 339 sambt einen kleinen knaben zu rehingen
40 256 1040 400 us einem spyßgadenn etwas käses broths,
51 326 1020 507 zsancken und 3 lb fleis stellen helffen.
48 455 1082 630 In der Wolenkilch�ri habe er und sein frauw
49 564 988 688 geßeinen schafft12 leibbroth genomen.
40 663 1016 804 Nitweith darum hieseits der ahren mit
45 735 1071 885 hilff seiner fre uß einem huß 4 lb ansegen
42 838 270 954 undtzinset.
70 911 985 1059 den begangnen diebstal zu Niderhüningen
56 983 1025 1119 kernemet ergrützlich ungracht er in bewüßen,
58 1067 1009 1188 schreiben mit tauff und zunamen beschriben.
31 1173 980 1303 zu selten sollothurner gebiets mit einem
49 1268 990 1402 nammens Joggi Ußemang gaden 2 brot stälen.
54 1326 206 1427 holffen.
22 1413 951 1555 zu Okingen mit 2 meitlenen in ein huß
42 1503 988 1637 gangen, daruß i broth und etwas fleischs
45 1589 257 1657 genomen.
23 1693 988 1838 zu halten habe er ußenem huß 3 flb anken
35 1755 837 1898 undetwan ein gundi mut gestollen.
25 1857 1005 2013 Sunst habe er auch jederweil etwas wenig,
32 1909 578 2042 ähinger spysß genommen.
33 1998 1008 2171 und letstlichen syr er unlangeß zu grichtrach in
46 2078 984 2209 einem burenhuß übernacht glegen, da grad
43 2140 1034 2314 aller nechß die vorgende verdechtige geselschafft
36 2215 1036 2348 ire herberg hatten und obwol er kein gmein
37 2252 999 2412 schafft deßbegangnen diebstals halben mit
10 2322 1032 2467 imen gehabt, sye er doch gleichwol eben sowol alls
24 2389 982 2545 vrgernktlichen angenomen und alhar gefurt
27 2473 201 2543 worden.
30 2515 977 2647 Diser ist das erste mal lähr, das 2 mal mit dem
34 2570 1016 2728 kleinen und as3 mal mit 2 seinen ufgezogen.
29 2608 263 2732 worden etc.
20 2683 1030 2843 diser sol in das schallenwerck geschmit und mit gantzen
25 2748 1029 2891 harten streichenn zur arbeit ghalten werden. Aotu 8 feb 1640
