1122 2942
971 -56 1058 22 83
31 55 1008 282 stuck so man bey jhra funden dem jenigen
25 120 1014 353 abgenommen, von dannen syen sy durch das
17 223 953 421 land Underwalden über den Brünig
27 264 1067 508 gegen Brientz gangen, daselbst habent sy am
26 378 1029 560 morgen früe die 2 mannen sampt jhren
24 437 1064 649 wyberen, so mit jhnen nach Thun geuahren,
24 547 1052 733 angetroffen, jhnen gefangen worden, weliche
30 610 1010 803 sy sonsten zuuor niemahlen weder gekhent
17 691 1038 876 noch gesechen, angetroffen, mit denen syen sy
20 796 1069 961 zuo schiffer gangen und nach Thun gefahren
17 848 1056 1025 und wyl der einte under denselben synes kandt¬
25 946 1002 1081 werckss ein schnyder sye, habe sy thuoch zuo
21 1019 1014 1155 einem rock, den sy noch antrage khoufft,
17 1106 998 1229 denselbigen habe jhra der gedachte schnyder
39 1177 1037 1310 gmacht, das sye also die erste khundtschafft
32 1259 1013 1376 die sy zuo dem einen und anderen gehabt
40 1328 1044 1435 habe. alss sy nun verschinen sambstags den
22 1390 993 1484 8. diss monatss mit einanderen zur statt
24 1480 975 1589 Thun hinuss gewolt und gesechen, das man
25 1560 1017 1662 jm leststen huss bey dem bernthor wyn
36 1637 1014 1733 ussgebe habint sy jhnen auch einen trunck
24 1692 977 1816 bringen lassen und sey wyl die wynschencki
38 1781 1021 1889 gantz gelb und bleich ussgesechen, habint sowol
26 1841 1009 1956 jhr man, alss sy die fr. dieselbige gfragt,
25 1917 1060 2018 wz jhren gepresten möchte, und ob sy nit mit
24 1972 1045 2085 der gälsucht behafftet syge, so das were, woltind
27 2047 1038 2169 sy jhra etwz geben, darab sy trincken und den
39 2118 1012 2229 noch etwas anderss, so sy anhencken müeste, das
40 2180 1006 2296 wurde jhra helffen, dessen sye sy zuofriden
40 2240 1080 2360 gwesen und darüber sye jr man sy selbsten
27 2302 1058 2423 und jhra gsellschafft mit einanderen nach Steffiss¬
29 2364 1018 2499 burg gezogen daselbsten übernacht glegen
33 2449 1041 2537 und morndrigen tags am sontag widerumb
45 2511 1057 2613 hinein nach Thun eben zuo derselben wynschenckin
34 2560 1082 2675 gangen und etliche derglychen mittell mitgenommen
46 2628 1013 2741 alss zuo dem tranck, rebarbara, kriesskrut,
39 2688 989 2787 steinbrech, damarischgen krut und gmeine
44 2742 1041 2880 benedickten mitgenommen, sampt anderen sachen
