1167 3042
118 93 1146 234 Daniel Keller übergebenn wordenn sein, die mögene
136 140 707 227 nun hierumb befragt werden.
103 216 1150 371 Als nun sein gewesne berr und er von Bastl linne
139 285 1142 406 gewolt, habe inen h burgermester daselbsten
141 338 1142 436 einen postillidn zugebene, mit benulch, das er mit
121 380 1147 482 ihnen bis nach Zürich rytenn sölle, sy sagent aber und
123 434 1133 526 darwegs by keinfelden wie bewüstt) gfangeklich
146 466 1153 572 angenommen und volgents alhar gefürt worden.
116 557 1150 679 entlichen als imme Heinrichen ouch fürghalten worden.
150 631 1142 701 worumb er seiner frauwen erst Jetz da man Inne
148 661 1163 785 pfengeklich eingesetzt, benölchen habe, das sy wynen g
144 726 1147 833 sölle nachgahn und denselbigen anmelden, er ir man
141 779 1140 871 seye gantz übel an den füßten an welchen er
127 837 1157 931 Inn der gfangenschafft die ysenn gehabt verwent, man
134 877 1145 970 derhalbenn warth und schärer, hat er daruff ge
141 933 1141 1012 antwortet, er wüste von disem allem nichts sein
142 978 1142 1074 frauw seye auch seithero niemalen bey imme gwesenen,
140 1041 1143 1121 vnd so sy derhalbenn etwas dergleichenn gethan habe,
144 1094 1137 1167 so komme es nit von im, sonders von iren selbsten und
145 1150 1128 1222 seye allein darumb von ira beschechene, das sy auch
141 1205 1109 1267 gern inne als iren Eheman ledig gemacht hete
132 1241 1125 1328 Pette also ir g wollenn ira sölliches, wie zugleich
132 1292 1139 1365 honne, das er sich so lang by synem geweßnen herren
143 1349 1131 1415 auffgehalten, (welches er wie er hoch betüre nit böß
139 1392 1133 1469 gemeint) zu argen nit denten, sonders alles gnedig
140 1446 441 1528 kich verzeichenn.
118 1821 1131 1941 Ester Canner von trauw, deß gewoßnen
354 1891 824 1985 Seckelmeisters Köchi.
93 1967 1128 2046 Ist gfeicher gstalten, was sy von irem gewesnen
149 2026 1124 2112 Harren, vnd seinen sachenn, wo das ein vnd ander
141 2077 1111 2160 hinkommen seye, befragt worden, Daha die hat
143 2121 946 2200 hierüber nachvolgenden bscheidt gebenen
110 2191 1123 2251 So baldt derselbe hinwegg Zeittenn namlich Ir ge¬
125 2220 1143 2300 weßne h hinwegg gritttenn, habe deßelben frauw
123 2285 1125 2349 faa und noch 2 anderen magten. jetwederen ein
141 2330 1130 2398 korb voll silbergschir auffgebenen, daß habint sy zu
124 2375 1130 2446 ires dochtermans, daniel Kellers hus getragenn
133 2419 1123 2501 daselbste habe Johan Phillig Grobeti, sölliches inn
147 2463 1129 2550 wen läderne seck eingerackt, die habe sy und noch
149 2513 1133 2590 ein andere magt imme hernach inn sein huß getragen
141 2553 1127 2643 von dannen habe er daßelbige nach viel geschaffet
126 2605 1131 2697 das seye auch alles zusamen dorten zen ein festli wide
116 2648 1131 2738 darumb eingeschlagen und h heitknecht übergeben
107 2695 1128 2805 worden, sunstenn habe sy nützit uß dem haß getr
102 2742 1130 2852 Daß trögli aber worrinnen die gültbrieffen und
132 2811 1126 2909 frauwen gürtes und mester gewesenn, das habe da
148 2859 1134 2947 andere magt, so jotz by H stägr deß rahts dn
