1952 2903
859 21 1925 143 Ires Temans ablyben, geuolget, vnd habe also disem
861 80 1238 151 gesellenn behaltenn.
845 120 1929 233 Inn verschiner korn ärndt nun, als sy die witfrauw
865 183 1919 281 an einem sontag inn der morgen predign gewesen
863 230 1914 332 und ire schwester Marin neben den kueden eintzig
866 287 1919 387 zu haus verblibenn und disem Johan Caillirt sein
863 318 1927 426 rath machenn wollenn, komme derselb zu Ira In die
859 377 1921 481 rameren, stoste sy vff dzs beth, vnd begere mit Ira vn¬
881 438 1920 537 ncht ze tryben, sy zwar habe nit daryn bewilligen
868 485 1907 589 rellenn, als er Ira aber die ehe versprochen, vnd sy sich
871 547 1897 609 synen ohne das nit wol erweheren mögen, habe sy es
877 583 1917 682 wid geschechen laßen, Ey wellichem es auch erblibenn
871 637 1914 728 und habe er süithero kein gemeinschafft mehr mit
863 699 1093 771 fra gehabt.
860 755 1923 853 Iun etwas zeits hernach, als man den haber eingesamlet
881 830 1900 888 sprecht er der gemelte Cilliet, auch die meistere
878 868 1903 954 und witfrauw hierumb an, und wyl nun dieselbe von
874 913 1917 996 dem was er mit irer schwester fürgenomen, mitzit
877 963 1931 1052 gewüßt, er ira auch die ehe und das er sich von der pati
888 1014 1917 1097 stischen beligiag zu der reforniert religien begnemen
878 1057 1914 1143 sich dorten zu Endorhin einsetzen und also mit hrand
881 1132 1901 1198 lich hußhaltenn wolle. Hab sy im auch inn seinem be
883 1173 1878 1250 geren gewilfaret, ja saut also sy darzu platz und
888 1226 1905 1295 einen finden könden, doch habe sy von irer schwester
886 1263 1911 1347 und hingegen dieselbe von ira nützit gwihst, bis ent
888 1315 1910 1405 lichen, das sy die witfrauw gspürt, das sy schwanger
889 1368 1919 1451 seye, habe sy sölliches bemelter irer schwester groffen
892 1432 1903 1496 baret, welche hernach (als die tag irer zugent wegen
895 1464 1926 1544 schwanger zesyne sich nit befunden wilweniger anderr
898 1511 1910 1592 lüthfragenn dörffen) imme disem blutschander
895 1582 1920 1654 angehalten, er sölle doch sein eltere schwester ehrlich
892 1611 1918 1698 so er zwar versprochenn, wie aber die jungene herr
900 1658 1899 1738 nach auch gespürt, das sy von disem böstwicht schwanger
900 1695 1929 1788 seye und hiemit solliches zern schwester geofferbart
867 1752 1905 1811 welche dann beiden zugleich disem blut schänder diß
907 1785 1925 1880 alles bittterlich Cristenen, seye er zwar darab ve
900 1836 1873 1939 schuuet und wyl im sünsten ohne das für chorgricht
896 1880 1933 1974 gebotten worden an einem morgn feüe, da sy die schwester
901 1921 1932 2026 nütit daruon gewüst, hinwegg gezagen. Nun mih
905 1985 1925 2065 nnt und konnent sy wol erkennen, das sy hiereinen an
898 2013 1922 2107 das gesatz gottes sich gröblich vergriffen habint, sy gekent
909 2068 1908 2156 aber den lieben gott und myn gt h umb gnadt und
905 2106 1086 2188 ezeichuug.
874 2212 1910 2290 Dise zwo schwesterenn sindt mit abtrag eostens und
919 2263 1902 2344 uff ein glübt hin ire leibsfrücht ordenlich zueheren
917 2293 1899 2368 geziechenn. Item wo man Iren weiters bigereng
917 2333 1907 2421 wurde, sich widerumb einzestellenn, darumb dan den
920 2388 1902 2485 hr landtvogt von Wifflissnen zugeschriben ledig
924 2437 1781 2519 gelaßenn worden, den 33 januarii 1640
901 2516 1904 2631 Hans Ryser von Dürren rolh und Marix
1109 2597 1694 2684 sigerest sein vermeihlet Wys
915 2621 1900 2728 sindt umb das ein jedes under inen sich mit zweye
936 2691 1881 2808 sonderbaren persohnen ehelichen epfrichtet ghang
