1133 3167
146 61 1118 339 er man und der gemelte Barthli habentach
147 144 1100 365 Im Fryburg piet, drey maß gsoldnen aufer
159 235 1087 438 gnommen daruß gUlli Schregerß Huß
140 310 730 456 zweymahl küechlet, d
189 360 1087 605 deßglychen habe ihr man zu Thurneme
165 453 1085 656 etwaß kocheten schwgingen fleichß gnommen
139 557 1109 767 Item bey der staltzenmüli in Heini Rißli
153 629 1062 804 Hnß weger leiben brott, die er ihra und
136 705 747 842 die khundtbotti gebracht.
150 779 1064 964 So sye sy auch darbey gwesen wie er vor
149 896 1058 1030 disens etwaß geltß ohngflert bey den
154 959 1066 1107 2. F. vff vß einem Huß bey dießbach
149 1044 1067 1159 genomen hab, darumb er auch domahlen
120 1109 1054 1254 gfencklichen angenomen und alhar gshn
145 1183 625 1287 bern gfhüert worden.
148 1292 1084 1416 Letschlichen synes war, das sy mit der hienat
147 1366 1044 1498 gemelten frauwen und ihr beidersythß
141 1417 1062 1548 khinderen bey dem fheür geßeßen, wie der
129 1496 1050 1625 vorgedachte alte und ihr man barthten mit
139 1558 1042 1686 einem jungen knaben so zu ihnen khomen
136 1645 1037 1745 gegen ober Eychi gangen und den gemelte
139 1709 1018 1814 diebstahl verrichtet, sy die wyber aber
139 1772 1055 1871 habindt hiernan nüt gwüst, gotten hiemit
139 1833 1011 1931 den nieben gatd und maht umb
132 1896 406 1997 vychung.
745 1926 865 2015 a
117 1965 1048 2070 Ist das erste mahl lär und das andermahl mit
129 2032 1044 2134 dem kleinenstein uffgezogen werdenn,
86 2086 1054 2215 Dise ist mit euten ußgeschmeitzt, gezeihnet und mit
116 2169 1054 2259 einer glübt an eydtsstatt dahin gewisenn worden,
117 2203 1047 2289 das sy sich mit irem jungene kindt us ighr landt
120 2252 705 2354 begebe, den 13 Apo 160. d
714 2277 968 2358 erh
