1233 3045
131 1305 198 1397 4
133 1604 192 1664 5.
128 69 1173 214 2. anno 1639. am pfingst marit zu Solathnen
212 169 1209 300 seye sy zu dem vorgemelten Hanßen gfell
215 228 1195 356 komnen, mit demselbigen trunckhen, vnd so
223 298 1214 433 weith kundtschafft mit ime gemacht, daß es
216 381 1211 514 zra versprochen, er wolle sy kirchen führe
217 448 1210 581 Woruff sy mit imme im landt umbhau gezegen
221 514 1206 634 und noch biß hiehero kein kirchen nächt in
209 586 598 703 Iren gethan
138 656 1178 816 3. Uff welches habe sy mit hilff einer wybß
214 749 1169 867 person so angneßzeiße und zu Afflingen
224 817 1195 951 wohnhafft seye, alhit an der Augken wagg,
217 885 1199 1009 ein Angkenballen von Vngefehrd 5 oder b
204 966 1194 1080 Es nemen helffen, die Ira aber widem
217 1025 1196 1153 abgenomen, sy darüber gfeneklich yngezogen
211 1102 1190 1225 und uff einzeitlang in das schallenwarcken ge
204 1187 561 1287 schmit worden.
213 1264 1194 1392 mit hilff irey gleichen, haben sy zu Burg
201 1342 1182 1468 dorff einem kramer 3 elen grnen gut
207 1407 1185 1535 tch nemen helffen, daruan ira zu Iren
208 1488 762 1601 theyl ein olen gezogen.
207 1567 1175 1678 mit hilff eines gwüßen murers frauwen,
213 1645 1186 1743 so auch im landt umbher ziehe, habe sy aber
218 1697 1191 1812 mahlen zu Burgdorff 5 slen Gatit hef
214 1760 1169 1880 nemen, daruon aber Ira nit mehr, alß
212 1833 645 1918 b batzen worden.
193 1904 1170 2033 Im Guchiberg habe sy uß einem huß ein
191 1985 1165 2097 halben leib bradt getragen und mit irem
186 2053 526 2153 Kindt geeßen.
820 2061 968 2152 hurig
129 2124 1159 2253 7. Zu ganggenried, habe sy imme uß einem
183 2202 1106 2321 gaden ein leib brodt, vnd Vngenahrd
193 2260 1129 2381 6 lb. gsottnen Augken entfrömbden
175 2346 383 2453 helffen.
115 2402 1179 2514 S. zu Hochstetten habe derselbe vß einem offen
181 2480 1153 2588 K�lles ein leib brodt genommen, sy aber
179 2524 1159 2665 habe hinzwüschen by irem zeug gewartet
99 2615 1167 2747 Daß aber ermelter gfeller habe der fesso
91 2694 1158 2819 9. Daß sy zu Solothurn einem krämen stlee
157 2748 1147 2876 zug nemen, hernach denselbig verkauffen
163 2834 1168 2940 helffen, darvon fra 1 g worden wye, ger
179 2884 1166 3016 bescheche jra zu kurtz und er seye grad de
216 2974 303 3026 16
