2448 3264
253 182 1181 387 ungeacht er dißmalen ersttich mit einem hernach
240 237 1205 427 2 und zum dritzmal mit5 steinen ufgezogen worden.
241 272 1208 463 doch mit verners bekantlich sein wollenn) volgents den
247 312 1204 505 26 widrumb gan Marzili gefürt und daselbsteng
239 364 1213 549 weiters peinlich examinirrt worden. Der hat nun uber
238 410 989 552 die vorganden artickel nach dise bekent
237 452 1216 661 lanzlichen es habe er und noch einer so by imme gent
239 537 1215 703 sann, ungfert vor 4 jaren wie im Thurnburchd
246 590 1199 745 B35. ufgericht am 282. bat zu suchenn) am sri
241 647 1200 781 ancken ballenn u käst und 2 leibenn broth genommen
225 700 1203 836 welches by inen funden wordenn, dahar man sy auch ge
236 731 1203 878 klich annemmen und alhar füren laßen. Weil sy aber
247 795 1193 921 beidsamen ungeacht der angewenten man
234 841 1200 964 nit bekennen wollen, das sy sölliches gestolen habent, sonder
242 893 1188 1009 allein angezeigt es were inen umb 2 v und 1 dieken
228 930 1199 1071 verkaufft worden, ußgenommen, das er uttungr bekantlichs
229 999 1190 1111 der mit hilff andres Gugelmans und Ulli Struche
229 1040 1206 1171 zu Herblingenn uß einem spycher, etliche rörk und hin
242 1095 1193 1203 uch entfrömbdet, darfür er zu synem theil 3 pbe
235 1133 1177 1241 kommen. Seye er domalenn iun das schallenwerck an
229 1199 1203 1295 ein kettin gethann worden. Uß wellichem er sich ledigge
230 1235 1187 1338 macht und seye also daruon kommen. etwas mehr alsz
227 1293 1196 1386 einem jar darnach, seye er by Rydauw inn ein kelten
226 1360 1189 1431 gebrochene. Darus hab er 6 mas wyn und 6 leibenn
239 1402 1202 1488 broth nemmen helffenn, uff wellicher that er auch ergeiben
233 1461 1190 1520 nach nydauw und von dannen abermalen alhar gefürt
229 1493 1187 1584 und inn das schallenwerck geschmit worden, Er seye abe
223 1553 1196 1622 nit lang drinnen verblibenn, sonders es habint myn sh
230 1604 1193 1668 und oberen, inne widrumb sohne zwynet, das er zeg
221 1649 1178 1724 seinethalbenn mehrrerer und böserer sachen werden
221 1700 1192 1767 berichtet worden sein, daruon er doch nüteit wüsten wile
224 1738 1175 1801 Inn die gfangenschafft und in ein kasten legen
227 1795 1162 1851 laßenn, da er auch mit noch anderen gfangnen ußge
235 1831 908 1911 brochenn und hiemit ledig worden.
292 1908 340 1951 ist
217 1890 1181 1984 diser nachdem er an der tortur zu 4. vnderschiden
220 1960 1174 2019 lichen malen, als zum ersten einen zum 2 zwen, unds
214 2002 1170 2085 fort an, alle vier steinen ufgezogenn und anders nüt
220 2042 1165 2133 bekennen wollenn, widerumb Inn dz schallenwerck
205 2097 886 2190 geschmidet worden Den 27. ap 1639.
200 2136 1171 2245 als man in auch hieerüber befragt, warumb er al
601 2196 755 2238 en versachen
215 2181 1164 2278 ustbrochene sye und wormüb er dißmalen als er geb
219 2230 1153 2333 klich alhar gefürt worden, seinen nammen verlaugnet d
218 2276 1156 2387 sich bendicht Freyhertz genamset, hiemit einen falth
214 2320 1165 2423 namen angeben habe, hat er angezeigt, diß alles sy
204 2367 1172 2487 ust forcht der marter beschechen, darby er auch verbliben
221 2459 1134 2581 Galli Mulles von Undersowene
168 2546 1160 2654 Nachdem derselbe von seines müßig gehenden lebens
193 2582 1153 2693 alhar inn das schallenwerck gefürt den ein zeithlang
192 2631 1156 2740 darinnen enthaltenen und entlichenn ledig gelaßen worden.
182 2662 1156 2781 der meinung er wurde sich darab besteren, so hat es aber
201 2709 1143 2825 an imme soit nit erschosenn, dann das er gleich wie die
200 2762 1150 2871 vorgenden seine gspanen zu kirchtorff ob dem diebstaler
198 2802 1144 2916 griffenn, alhar gfürt und durch vorermelte hr den 20.
175 2836 1152 2973 f zu Marzili examiniert worden. Der hat nun bekenn
209 2872 1151 3028 3 sith das er ust dem schallenwerck kommen, habe er nach
195 2965 682 3064 folgende diebstäl bekent,
2314 175 2391 244 12
1294 230 2392 440 Erstlichen habe er mit Hansen Hafer an einem imme vi
1309 278 2337 513 bekantenn orth ein par hosenen und ein leib brothnemmen
1287 370 2307 615 Ien Hapckeren habe er mit hilff verter schmits eines
1295 488 1391 557 helffen
1300 417 2383 650 frömbdenn landtsctreichers us einem huß 3 käsen (welche
1301 503 2191 700 sy mit einanderen genoßenn) entragene helffenn
1288 551 2352 757 by Wolhausenn im Lützerner gebiet, sey uff einem
1298 589 2321 790 Joh heiters tags inn ein huß gestigen und uß einem
1290 692 2320 877 u Sigeristwyl seye er inn ein nebentgade gschlüffenn
1292 728 1651 832 eb 6 h gnommen.
1279 733 2305 934 und habe 2 parschuch 18 bz inn gelt, vnd etwas shysen
1289 884 1470 979 entragenn
1278 831 2344 1013 zun lutterbrunnen, habe er ust einer stuben ein wamselb
1277 942 1805 1068 vnd 2. hembder entfrombdet,
1268 1000 1846 1125 Im Murttenpiet ein tuchin lyblin
1279 1007 2312 1179 Item nit hilff eines frömbden ußhendischen knaben, den
1290 1076 2277 1199 man den cauaten namse, habe er uff einem hof zm
1280 1122 2306 1252 Unterbachgrabenn ust einem bachofenn 2 leiben broth.
1281 1233 1433 1307 genommen,
1296 1241 2353 1350 denne mit hilff einistin der christen heißt by Großhöch
1284 1314 2321 1401 stettenn under ein nebentgaden grabenn helffen, daruf sy ein
1285 1356 2352 1442 herinen hafenn und ein kübeli voll ancken genommen, welche
1288 1393 2298 1488 sy by dießbach umb 4 l verkaufft, daruon imme der halbe
1273 1484 1465 1541 theil worden.
1273 1536 2320 1619 Den 26. dito hat er nach verners bekent, das er zu Rychigen
1279 1583 2329 1650 mit hilff seines gspanen der Marx genampt, Inn einen kellen
1270 1624 2319 1715 gebrochen, i käst und in kübel vollancken, darus getragenn.
1272 1659 2303 1751 welches syn gspan verkaufft und imme ein cronen zu Bnem
1271 1717 1593 1788 theil gegabenn habe,
1261 1786 2322 1906 Diser ist den 20. das erste mal lär, das ander mit einem und das 3
1276 1860 2338 1958 nahmit 2 steinen, den 26. aber das erste mal mit einem und so
1262 1880 2317 2003 fort an bis uff das 3. mal mit 3 steinen uffgezogen, hierauff
1266 1940 2268 2061 mit ruten ußgestrichene und das mit dem eydt von jr g
1270 1962 2299 2117 statt und landt ewisenen worden, den 23. aprilis 1639.
1236 2040 2277 2197 Daniel Hertig der Schuchmacher uff dem
1421 2103 1798 2190 Weyer im Oberholtz,
1258 2114 2292 2308 Nachdem derselbe von etlichen gefangnen prsonen, sonderlich von
1255 2176 2265 2332 dem letsthingerichten Hans Hofer zu underschidenlich milen
1259 2217 2278 2385 angebenn wordenn, als ob er inen allerley diebstäl abnemme
1252 2254 2256 2423 dieselbigen inen abkauffe oder doch die verordnung thüeye
1252 2298 2301 2469 das sy die ekauffenn känden. Ist er uß beuelch m gl h und oberen
1248 2340 2256 2520 gefengeklich eingezogenn und gegenn obgemeltem hofer den
1250 2393 2274 2562 27. aprillit confrontiert worden. Da hat zwar gesagter
1246 2424 2291 2626 Haher imme hertigen undermunts erhalten, das er und syne
1252 2481 2251 2675 gesellenn, syn hofers frauwenn, uff ein mal ein kübeli voll
1253 2515 2266 2721 anckenn umb 22 l item ein güippen umb 12 bz und etwa
1259 2545 2293 2772 leisches umb 10 bz verkaufft und noch darzu letstlichen ein kuß
1254 2588 2266 2807 znbehalten gebenn habnet, so syent sy auch etliche mah im
1258 2622 2287 2858 seinem hüstli beherberget worden, es seye aber er hertig nie
1252 2667 2303 2912 malen anheimsch, sonders uff der stör gewesenn, ob er nun et
1240 2719 2258 2943 was darunn gewüßt habe, könnee er nit sagen, und weil nun
1233 2745 2259 2997 derselbdeßenn nit gestendig sein wollen, ist er uff ein gute
1242 2793 2176 3018 Dhur und das er und sein weib sich der fulen einzugen
1239 2831 2284 3095 dkünfftige müßigen söllind, nach ußgestandnen der tegkgen
1239 2881 2038 3093 gefangenschafft widerumb ledig gelaßen worden.
