1134 2991
1032 27 1098 115 8.
23 41 1049 249 Ihren habt gesagte sein dirnen zu Burg dorff
23 124 1092 279 m einem marit mit eines gwüßen Murers
43 206 1054 349 frauwen, 3. eln grnen quotuch nemen
26 288 1101 446 halsen, daruon ime  drite thegen worden.
28 371 1061 557 Verchinen Winters habe gedachte sein dirnen
40 459 1024 620 einem Kramer zu Solotuen etlichen Zeug
39 547 1077 673 nemen helffen, den Sy hernach widerumb Ver¬
38 629 1081 786 lauff und für iren theyl a 15 6g daruß
35 718 307 842 gelos habe.
29 793 1064 934 ebenmäßig habe sy an einem orth im solo-
41 862 1075 1007 hurner gepiet uß einem gaden 4 pfundt
29 956 454 1083 tagken genommen,
16 1015 1020 1169 Gleichfals hals gesagte sein dirnen, mit
48 1106 1049 1229 hilff seiner anderen, so Angueßzeiße, vnd zu
23 1169 1018 1295 Ahling wohnhafft sege, alhie In der Statt an
33 1233 1070 1386 der Anckhen Waag, ein ballen Augken, nemen
43 1291 1089 1430 helffen, welliche innen aber widem abgenommen
40 1377 1068 1501 worden und sy darüber in daß schallen,
39 1468 374 1560 werckhkommen,
30 1502 1010 1658 Vff ein ander mahl habe diße sein dirnen auch
46 1584 1014 1702 ein Käß nemmen, Vnd er denselben meß
48 1684 196 1768 helthen.
43 1705 1086 1879 Item zu Solothurn, einem frömbden schuemach
31 1798 1051 1930 so daßelbsten an einem märit fey gehalten
24 1911 511 2003 2eucs parshue.
18 1962 1095 2103 Vnuthr von Dannen s einem Kaller einhalben
40 2066 320 2148 leib brodt.
13 2128 1069 2276 . Jannethin mit hilff der vorgedachten muhreren
14 2192 1093 2356 zu Burgdorff einem Kramer, 5. Elen Gatit
14 2292 1044 2455 So habe er, Vnd dise sein dirnen sampt einem
39 2382 1068 2490 frambden Bättlerman, vnd seiner frauwen
26 2441 1058 2592 gu murten etwas tluchs genommen, so sy ver¬
43 2525 1044 2642 kufft, daruon Ime zu seinem theyl ein
44 2605 591 2716 halben guldin worden.
34 2629 1062 2787 Im Solothurner gepiet, habe sein dienen iß einem
37 2685 1010 2841 osfnen Käller dein gantz leib und ein stuckh
50 2815 402 2931 rodt genommen.
