1137 2872
145 164 1100 357 sy hette jhnen auch alles das jenige gebenn,
144 303 1096 463 wz man jhra nur hete anmuoten khönnen,
144 390 1074 509 wie es sich dan hernach wol beschinnen,
115 446 1101 592 uff welches sye dess einten wyb, so dissmahlen
128 535 1080 668 droben in der gfangenschafft lige jhr
131 611 1102 728 man aber alss man jhnne gfencklich an¬
140 683 1092 822 nemmen wellen, ussgerissen, zuo jhra der ge¬
139 752 1085 899 zeügin hinab in keller khommen und habe sy
151 833 1082 960 heyssen mit jhra hinuff in die stuben gahn,
150 906 1042 1037 sy welle jhra etwz anzeigen, das habe sy
149 1002 1080 1114 gethan, jnzwüschen haben die anderen jhre
155 1069 1084 1186 magd in keller geschickt und noch ein mas
162 1139 1080 1255 wyn ziechen lassen, woruff spreche die ge¬
165 1229 1050 1337 dachte frouw zuo jhra der gezügin,
159 1285 1074 1393 es seye ein merckliches gäldt drunden jnn
166 1349 1075 1466 jhrem keller vergraben, wan sy jhra
162 1434 1053 1538 welte allerley nothwendige mittell
159 1496 1079 1615 darzuo geben, so welte sy dasselbige gelt
159 1570 1081 1677 herfürbringen, uff welches antworte sy
170 1648 1097 1757 gezügin, sy mögindt machen wz sy wöllind,
163 1717 1082 1820 gangindt hiemit widrumb mit einanden
146 1792 1047 1892 die stägen hinab zuo den anderen, die
162 1865 1078 1970 habindt jnzwüschen die mass wyn, so sy durch
145 1939 1049 2048 der gezeügen magd ziechen lassen, uss¬
148 2022 1049 2126 truncken ghann, also das sy jhnen noch die
138 2083 1063 2196 dritte mass holen müessen, alss sy nun die¬
127 2145 1063 2262 selbige hinuff gebracht, seye vilanzogne
133 2220 1060 2323 frouw mit sampt ihrem man widerumb
141 2286 1045 2406 mit ihra gezeügin hinuff in die stuben
147 2378 1044 2478 gangen, das huss hinder ihra zuogethann
145 2438 1031 2552 und angefangen von dem vergrabnen
133 2494 1061 2636 grossen schatz und wie sy denselben jnnert
129 2577 1064 2691 14 tagen wellend herfür bringen zuoreden
127 2660 1038 2775 allein das sy die gezügin hierzuo die er¬
125 2720 1060 2867 forderlichen mittell herschiesse, haben also
