1170 2852
998 -7 1105 47 44
134 32 891 258 e det i en de
334 148 607 255 von lielfir
52 146 1092 380 Nachdem derselbe, als ob er ein wüstenschafft haben solte
56 191 1090 435 Aer die jenigen so dem bruemer zu Regi eingebrrchenn.
73 249 1056 462 und vil sachen henregg getragenn hetten, seyen, ist ern
66 266 1067 501 deßwegen gfengeklich eingezogen und ust beuelch mght
64 326 1036 553 durch ju Ulrich Bitzig deß richts und sr Großweibes
82 384 1041 579 von Buren, deßhalbenn examiniert, Weil er aber
70 425 1046 623 daruon nit wüßen wollen, anders darn das ser gleich ob
475 480 1055 591 als er daselbst dem Hameren
79 513 1090 719 etliche flickarbeit gemacht von dreyen bätler buben, so uff
69 568 293 683 snlet
73 566 1077 759 Nothweltsch mit einanderen grett, welches er bstanden, Geß
85 625 1078 809 ghüt, das sy gesagt habent, sy habeit aller nechsty Bern
73 667 1093 860 zu Engi vil sachenn gestolann, er kenne aber denen keiner
81 747 1038 918 ist er den 3. decmbris 1640 widerumb ledig gelaßen worden.
117 939 863 1082 Hanß Maffli von Oberwichtrach
60 1047 1113 1179 Weil derselbe von dem Freyweibel von Münsingenn ingh
91 1109 1120 1223 gfengeklich überschickt worden, umb das er mit hilff eines jung
85 1161 1109 1277 votherbubenn, den er hierzu bestelt hatte, Hanßen Gunge
90 1225 1083 1305 sich im Muracher, als er gerschinen alten samstags mit
93 1248 1079 1356 synem gsindt zu thun zu markt gewesene, inn sein huß
89 1315 1072 1412 gangenn und uß demselben gadn nachbeschribne sachen hin¬
77 1356 1062 1455 Wegg genommen und heimb inn sein huß getragen, da es
84 1420 1109 1500 such durch den so es verlohren gefunden und widerumb hinwegg
90 1458 1088 1549 getragenn wordene. namlichenn ein müs kuß  ander
94 1534 1084 1603 stücki käste in hammer 1 ribstücki i magenwurst 8 ell
91 1584 1080 1642 zwilch vnd 2. wullent tuch, Ist er darumb, vs bauelch
94 1625 1096 1682 inght durch hr. Burherrenn Hanß h Vallentyn Fride
94 1679 1072 1742 rich und hr großweibel von Buren befragt und als ein
94 1714 1103 1807 nun mehr alter und dißmalen kranckner dieb, nur mit dem
90 1770 1088 1846 Lumysenn gefëckt, und wyl er nützit wyters bekennenn
75 1825 1060 1902 wellenn mit rutenn usgeschmeitzt, und mit dem eydt
84 1867 799 1939 gwisenn worden, den 4. februarii 1640.
74 1949 1109 2124 Magdlena Obergfell sunst genampt Knöri
349 2062 600 2125 von Weren.
80 2076 1101 2236 Ist wegenn vilfaltiger begangner fäleren, In Juren
87 2174 1089 2280 und sehebruch, mit euten ußgeschmeitzt und mit dem eydt
88 2205 1074 2328 von statt und landt verwisenen worden Den 12. martii
909 2293 1072 2373 610
87 2298 929 2448 vetherzwalen uß dem Guggispärg
65 2367 1112 2552 Ist wregenn begangnen deiten fälers inn Hurey und ehr-
90 2452 1099 2602 bruch mit dem eydt nit nur von ir g statt und landt-
97 2498 1076 2651 sonderen auch von denen mit der statt kryburg besitzen den
87 2548 1105 2707 gmeinen kempteren verwisenn worden, Den 13. martii
913 2662 1084 2736 1650
