1199 2976
194 161 1171 324 So mundtlich, so lang er sich vor ihnen zeueren
212 246 1171 370 ten begerdt angehört unndt vernommen, Es wäre aber
220 304 1166 420 ere sein sechste rechnung an die vorgende unnd
211 360 1181 495 allweg ie eine an die andere dergstalten annenig
207 424 1178 553 unndt damit verwigket gsin, das ohne durchshaue
211 489 1180 627 der vorgenden uf diser sechsten, kein rechtere
223 561 1172 666 ater grund nit hette mögen verfasset werden.
221 608 1145 703 halber die herrenn auch, dieselben vorgenden und
220 658 1168 779 onderbarem beuelich für die handt genommen. Als
212 728 1177 824 nun er früschhertz gespürt unndt erfahren, let
214 768 1175 877 sich derselben best seines vermögens osponiert und
211 830 1174 924 us strafft seiner inhanden habender quitant
203 873 1172 977 dahin ringen unndt tringen wollen, das selbige hein
212 934 1174 1024 gende rechnungen, alls ein ratificierte, approbus
209 988 1170 1083 destwegenn usgemachte vnndt erörterete sach alls
221 1039 1165 1136 elichen unberürt vebliben sohlindt unndt uff solle
219 1108 1179 1200 hin vnndt sonderlichen auch dzs die Committierten zu
211 1150 1180 1234 ihmme zur parthey gemacht, unndt also von der conm
207 1215 1174 1290 sion abgestan getrungen wurdent. Hatte er sy mit
200 1253 1182 1337 ungüttlichen ungegrundth worten gemeint unndtane
203 1300 1171 1399 das dannenhar so vursachet worden, söliches voralle
208 1360 1172 1455 der commission hochgedacht ir gle klagtweis fürgebet
200 1403 1146 1496 vnndt vmb gnädigen schutz vnndt schirm Zegittenn
211 1465 1166 1552 Worüber denen beliebt der verichtung halb einge
167 1512 1167 1583 gefassen, vnndt y auch irer ehrenhalb woluerwerdt
208 1562 1172 1647 gen zu erkhennen, darneben aber derglichen ungeben
203 1605 1169 1701 für gekommen, ihme früschbertzen zu beuelchen, sich
217 1652 1171 1752 einem hut unndt hanm zu endthalten, dasselbig ihm
202 1716 1152 1814 zum schaffen vnndt schärmen dienen zelassen,
207 1778 1172 1844 setzet ir g seinen an andren orten bedürfftig syn
192 1817 1171 1888 dindt, unangesechen aber disers oberkeitlichen beuf
197 1867 1170 1951 wäre er Früschhartz nach arth seines gefasseten bat
191 1911 1164 1998 muts unndt eigenrichtiger fürgesetzter ungehorsamme
197 1954 1170 2047 also bald hin vnndt här in der statt spariert sicht
193 2003 1178 2094 spoff gantznutzit abhalten lassen, sunderen Iebu
195 2063 1164 2159 In der that war sein erzeigt, was er zuuor mit
194 2123 1177 2199 ubgesprochen, namlichen das er ussert gotff den b
200 2180 1163 2269 keinen obren in diser wäldt erkenne, glahe
195 2226 1167 2307 hette er by sich selbs ermässen khönnen, das diser
205 2281 1172 2361 seiner hochenn oberkeit erzeigter tratz, endtlich m
193 2323 1171 2414 nach seinem wunsch usschlachen möchte, zu dem ma
191 2375 1171 2471 fenlich sein gewüssen inne seiner untrüng übe
194 2423 1163 2508 get, also das er imme selbstemn nit mehr trüwen
191 2468 1158 2558 dörffen, hette deswegen am vierten tag nach diser
185 2533 1168 2621 verpoff, wie woll von niemandts beuelchnet get
189 2580 1168 2672 auch getrungen, disere statt unndt landt vliße
191 2626 1162 2739 sich selbst ander gan Bieb retiriert, also flücht
184 2671 1168 2792 us gesetz unndt landtrüwig worden. Nach dem ht
183 2714 1173 2843 sacht ir gre disers seines abtrits vergwüssert
188 2762 1163 2889 den hertend y denselbigen underscheidenlich
184 2824 1173 2966 lassen, sich uber die wider inne gestelee klage
