1248 3169
257 93 1206 307 Nielauß Ochss von Studen uß der Graffen
434 182 1036 284 schafft Rydauw ein junger übell
522 230 850 308 bekleiter knab.
238 308 1225 486 Ist mit dem vorgemelten Bartl Fischer und den hr
255 356 1207 509 nachgeschribnen zweyenn wybs personen, gfengelt
253 422 1198 549 alhar gebracht und ouch durch die vorgemelten hierzu
240 465 1208 596 verordnetenn herrann eraminiert worden, der hat
245 506 1172 634 nun hierrüber bekent und liächenn wie olget,
227 558 1206 688 Es seye zwar nit weniger dann, das er zu Lauppenen
238 608 1213 744 fürgeben habe, er habe zun Franckreich gedient und sein
240 668 1208 802 erst vor acht tagen heimb kommen, dem seye aber nit alhe
233 706 1195 831 sonders er habe drinnen zu der Nüwonstart ann
233 751 1203 879 Gienffer see dem stitelmeister daselbsten und andern
243 818 1204 931 mehr bschinen jars zun den räben gwerchet, ouch helbe
232 858 1212 975 läsenn, hernach seye er disen bschinen winter widerm
225 911 1197 1029 herus kommen und dem allmesen nachgezogen, hab sich am
231 955 1189 1064 irsmontag zu Höchstertenen, allwo die wanwrenn
233 1006 1182 1111 umbgezogene, befunden, daselbsten seye er von dem wirch
227 1049 1177 1163 mit naßem papyr gescheßenn worden, welches zun dann
222 1106 1178 1186 gar übel gschant, sye auch noch zu diser stunt darname
217 1162 1175 1254 nit volkommen geheilet, maßenen er als ein armer jung
214 1213 1171 1291 gesell, sich dahar vollkommen zun bätel ergeben müßenen
211 1251 1187 1337 habe auch wol wo er gekönt, ein stuck broth genommen er
220 1293 1178 1384 melten zinstags aber, seye er zu dem gesagten Bartli g
204 1346 1154 1433 dem anzognen alten man und 2 wyberen kommen, die
225 1393 1163 1478 abmit ein fürr inn einem holtz gehabt, von wellichen
209 1457 1177 1522 beiden manspsonen, er sich überreden laßenn, das er mit zm
205 1504 1162 1570 gan obereichen gangen, daselbsten habint die beibe dem
208 1543 1167 1617 bekant diebstal erichtet, er aber habe vor deß Buren
210 1589 1163 1661 hus gehütet, von wellichem seye im anganz ein stuck käse
206 1652 1151 1722 und zu Nüwenegg ein guldi worden. Smnsten habe er ander
205 1679 1150 1759 nützig begangen rette hiemit gott und ngzt und obere
200 1734 640 1807 vmb gnadt vnd verzeichung
193 1801 1143 1865 Ist das erstemallar, das ander mit einer und das drite mi
202 1835 750 1921 mit 2 steinen ufgezogenen worden.
192 1907 1141 1961 diser ist den 13. aprilis 1640 zür arbeitt und inn
192 1941 806 2008 sein heimet gewisenn worden
386 2321 761 2502 Anna das
217 2464 1128 2574 Us dem Haggisperg deß vorgenembten
200 2531 794 2634 Barthli Fischerß ehewyb.
155 2604 1090 2725 Ist glyihergstalten daheßend tagß vorstadt
169 2688 1082 2780 xaminiert worden, die hat bekhent, wie
156 2749 1089 2856 volget. Eß seye zwar nit weniger, dan
137 2811 1089 2923 sy sich in ihaer zugendten leider anf Buren
