1060 2842
110 143 1048 304 müesse er sich nackend ussziechen, das fhür¬
104 210 1037 349 thuoch für das angesicht nemmen, uff denn
108 280 1037 422 mantell sitzen und die sachen in dem krütz
98 355 1042 510 weg vergraben und wil allerley gspenst
100 444 1044 569 sölches werden wellen verhinderen, müesse
107 510 1024 651 er sich mit dem tägen erwehren, diss
98 592 1058 714 alles habe sy gezeügen jhme ( jedoch anstat
87 657 1039 795 dess schwartzen thuochs) einen schwartzen
92 722 997 865 mantell zuogestelt und nachdem sy
100 819 1017 921 gezügin einmahl von jhnen getruncken
94 880 1040 993 ghan, habe sy jhnen nützit abschlachen khönnen,
92 956 1035 1086 daruff habe der man jhra gezeügin
103 1039 982 1170 auch ein herdthaffen ghöüschen, den sy
92 1121 1005 1241 ihme glychergstalten zuokhommen lassen und
99 1186 1009 1293 habe ihme mit einem liecht inwendig
112 1263 1010 1378 hinab jn keller zünden müessen, daselbsten
101 1334 1014 1451 habe er an das orth, wo er gesagt, da der
70 1406 1027 1522 schatz lige, einen kasenlumpen gespreitet
107 1485 1007 1592 ein schlangen hut und vil andere sachen,
100 1554 995 1665 mit 2 batzen daruff gethan und denn
106 1618 1004 1739 haffen darüber geweltzet, drüberhin
99 1711 1004 1825 sye er in all eggen dess kellers gangenn,
114 1774 1009 1875 habe sekltzame zer ceremonien ver¬
102 1832 934 1964 üebt und wort gesprochen, die sy nit
70 1922 1027 2038 verstechen mögen, woruff habe sy gezeügin
100 2019 1011 2110 ihnen beiden noch ein mas wyn gebenn,
85 2064 1024 2185 die habinds sy mit ihnen hinweg getragen,
99 2149 1032 2265 am montag morgens seyen sy beide man
102 2197 963 2338 und weib widerumb zuo ihra gezeügin
108 2271 1009 2399 khommen und ihren angezeigt, sy habindt
90 2371 982 2480 das vergraben und gar grosse geuahr
91 2432 983 2528 darbey ussgestanden, also das der mann
91 2493 992 2606 gemeint, es seye umb ihme geschechenn,
88 2565 974 2675 ess sye jhme ein man mit einem hochen
85 2634 981 2750 silbernen becher in der handt: item einer
86 2704 962 2822 mit einem gantz guldinen kendlin, ein
