1219 3140
25 2518 114 2626 er
98 1005 148 1079 7.
90 38 1193 290 3. Ermelter sein gspan habe Ihm auch bekhendt, das
195 160 1181 338 er nachts hind meines g herren schultheißen un
177 210 1166 399 erlachs behisung gar villstrangen dachten garn
194 276 653 389 hinweg genommen habe.
91 330 1180 549 6. Und obgleichwohln er hellg domahlen nit darbey gigg
178 417 1171 567 so habe Ihme doch sein gstan ein theyl daruon heue¬
191 480 1165 638 khauffen geben, mit vermeldn die jeingefrauw, so
160 539 1157 668 daß vorige verkhaufft, seye ein alte frauw, die habe
184 602 1170 741 ein sohn und seye an der Matßenzehuß, sy habe im
187 660 1166 806 nit mehr abnemen wollen, Bforcht es möchts
191 738 1159 861 khomen, Also habe er hollg den berret, so noch be¬
172 781 1159 923 28 lb gsyn einer gremplerin und dem zeitgloggen
188 855 1160 961 thurn Margareth Gering genampt, das  v
182 917 1154 1019 4. bz. verkhaufft, daruon seye Im ein dicaten worden
286 967 409 1044 hann
162 990 1138 1120 Vnd habe er hellg eintzig, die hieuor gedachte
177 1073 1151 1191 77 strange garn hinder dem Falcken hinweg gende
182 1135 1121 1251 nach fryburg getragen und 6 f 3 bz Daruß
185 1201 341 1286 erlöt.
167 1274 1127 1381 letstlichenn hat er auch inn abwesen vorgemelter
169 1347 1132 1415 bekent, das er eines morgens gegen tag, als er die we
176 1396 1141 1484 gehabt, vor den vensteren zu den schiffleüten ein h
179 1446 1137 1520 meßige kanten mit wyn nemmen uff den kirchhofftea
173 1487 862 1571 und daselbstenn tstrincken helffenn.
153 1741 1127 1826 Weiln aber hochgedacht ingh und oberen, ust ursachen
155 1801 1127 1876 das nach ußerth vorgenden paßen, nach vil andere sachen
159 1835 1125 1903 meher hin und wider inn der statt entfrömbdet wor
155 1883 1125 1948 an dise syn deß Folgenn bekantnuß nit kommen welen
136 1932 1104 2007 Ist er volgents den 17. septembris durch vor und
135 1975 1129 2050 wolermelt mynen hochgeert s müller zu Hanß
135 2020 1125 2109 werchmeister und hrr Grostweibel Leerbar, weite
151 2072 1115 2156 hierrüber craminiert und obgleich wol drselbe das
146 2126 1086 2208 mal lär und das andere mil mit dem kleinsten stein
147 2165 1117 2265 gezogenen worden. So hat er doch anders mit dem 19tag
150 2223 1106 2310 obenn geschribenn stath bekennen wellen, das alles aber
143 2255 1107 2363 syie im von grundt seines hertzens leidt wete deß
124 2317 1103 2420 wegen den lieben gott nicst und oberen und welche
143 2360 1107 2455 alle die Jenigen denen er etwas entfrombdet habe,
137 2431 630 2515 umb gnad vnd berzeichung,
121 2489 1109 2565 Uber dis habenn zr g bewolchen, das er nochweiters mit nothwen
137 2526 1103 2603 marter sölle befragt, das ist volgents auch 8 morndrigen tags
132 2560 1102 2648 schochen. Insonderheit aber was er noch für vernerr gspanen, wegen
127 2600 1091 2698 Im zu den begangnen diebstälen geholffen ad anlas darzu gebey
134 2653 1077 2742 hebt habe. Der hat aber anders nüt bekent, dann als er eine
131 2664 1096 2767 mit dauid weerli eimen zu den chuchmacheren einen trunck
131 2715 1097 2825 than, sage derselb es habe im Tywri der schuchmacher anzeigt
122 2742 1099 2866 an der frungasten inn einem undern stübli am frauw zhust, die habe d
122 2813 1052 2893 einer truken vil gelt, das könte ira wol genommen werden, es sey
117 2823 1104 2933 nützit darus ervolget. Item wan die weltsichen wynlich uff
114 2859 1103 2992 olaß wyn feil ghan, das  gmeinlich die eüffenden wechsen
118 2897 1085 3020 ersten uff den frstenn. hernach auch er und andere mehr uß den jah
120 2953 1082 3076 getruncken, aber keinen, seines wüstens hinweg getragen. Ist mit dem
990 3030 1090 3091 161
130 2974 1097 3115 eys von jr 9ten statt und lamdt vewisen worden, Den 25. t
1118 2706 1186 2805 hi
1141 2847 1217 2933 zut
1166 1122 1209 1172 In
1176 787 1221 870 sr
1178 959 1225 1015 si
