1825 3264
713 144 756 240 5
721 1694 786 1748 12.
776 165 981 294 Wolsf,
1013 166 1767 302 Ihne Burth Hatfals Haar
777 249 1764 408 Ein schwartz wannst unndt wyß zoosen hen
718 387 1796 560 6. Jacob Der nitverehelichet, doch nit als
766 486 1488 591 auch ein frauwen barth hat.
730 584 1748 733 h. Corpp Jaggli mit einem frauwen Barß
801 667 1364 766 vnd schwartzen Fleideren.
711 776 1741 905 s. Schwob Bartli dorzum andrem mahl zu
786 860 1319 962 resn pfenklich snzagl.
728 970 1794 1112 9. Joggli uß dem Prystgauw ohne barth überal
790 1052 1214 1162 weiß bekleidet.
727 1144 1789 1329 10. clans facht ime an einfalb Bärtli zu wachen
787 1234 1384 1349 Im Lantzeüw anheimbsch.
709 1358 768 1438 11
792 1320 1755 1481 Hans, Ist ein kurtze personen, facht imme
821 1416 1783 1540 amn schwartzbärtli zuwacht, ist überall
805 1481 1782 1641 schwartz leing ze sressen bekleidet undt sich
806 1554 1132 1660 sich vil alha.
811 1663 1779 1790 Caspar legt Wyßreisen Hos undt faht
804 1744 1785 1835 iine ein rotbartli an wahs, ist ein zinlich
794 1794 1121 1885 lange person.
792 1900 1788 2032 Jodet Spengler der geweßne Couffter,
751 2004 1793 2093 Nachdem derselbe Inn zweyenn vnderschidenlich
810 2070 1808 2146 mahen zu Seedorff by Frienischberg, etliche war
798 2128 1800 2183 als wann myn 93 s und oberen, irem geweser
796 2159 1797 2236 seckelmeister Johan Feischhertzenn, überthan heten
790 2235 1800 2305 Ist er deßwegenn uß beuelch ir g durch myne
792 2247 1811 2347 Hachgeerten Herren JoHans Rudolff zernder, s dann
793 2315 1796 2394 Garwer und h Großweibel von Buren, den 6. tag
781 2364 1803 2458 hanner dis yngenden 1640. jans darumb zured gesteen
807 2431 1789 2516 ei und examiniert worden. Der hat sich zwar
799 2480 1800 2569 mit vibersey ungrunden glümpfflichn vsprechen wollen
779 2523 1788 2624 Weil er aber durch mitell der knntschafften, welche
793 2577 1803 2670 deßwegen durch die Ampptluch zu Sydame vnd Fri¬
800 2639 1803 2723 eisperg ufgenommen und mynen g h und oberen über
788 2686 1789 2776 schickt, deß einen vnd anderen vberwisenn worden
788 2740 1773 2820 haben hochgemelt ir g von diser seiner sntrüw
791 2758 1784 2864 vnd lesterung wegenn, Inne seines diensts entsel
790 2847 1767 2941 vnd neben einer starck Censer widerumb ledig
793 2914 994 2993 gelaßenn,
