2448 3264
587 336 1108 507 Wer dr de
586 423 1134 580 Bller pten dilisan
771 528 954 614 gexiet
425 744 1192 895 ath dem (gegenwurtiger) andreß
362 789 1199 960 Satler bürtig von Bellach use dem Sollothurten
379 879 1205 1037 gepret, vor etwas abgeloffner sylt vmbspnt
390 942 1154 1073 mußigen vmbsgweiffenden Lebenst halben
369 996 1147 1151 zu Buren gfengklich yngezogen, deßhalben
359 1082 1183 1209 sexaminiert und befragt worden, hatt er
362 1130 1154 1274 damahlen sonil bekenndt, das mahl unnd
385 1202 1092 1341 oberen inne zur züchtigung in daß
347 1252 1190 1417 Shallenwerck schmiden lasen, der Hoffnung
360 1342 1185 1487 er warde sich dergstalten beßßern, das synet
398 1400 1182 1517 halben kein weytere klag geseürt wurde
383 1479 1175 1591 glych wie er aber von nalhur gantz lycht
378 1539 1185 1679 wertig hat er diß alles in windt geschlagen
396 1622 1142 1735 ist  nit nur vomselben orth ussage,
389 1681 1187 1812 ri�en sunders noch darzu etwas wenigst
372 1747 1172 1854 seits darnach widrumb gfengklich alhar
384 1818 1113 1920 gebracht, jedoch uf sein gethaneß
362 1889 1125 1991 Endtschuldigen hin der gfangenschafft
402 1946 1132 2042 erlaßen unnd mit dem eydt von r
339 2014 1164 2117 B statt unnd landtverwisen worden
384 2082 1134 2158 Und wyl er nun kurtz verrinkter tag
384 2141 1132 2241 mit und neben andren seines gleichenn
374 2200 1160 2309 zu Schwarzenburg gfengklich angenommen
348 2263 1137 2389 und mnghl und obren überschickt worden.
363 2333 1142 2448 hat er is bysein vor unnd wolermelter
377 2396 1130 2521 inghl. von Rathen vnnd Burgern alhie
371 2464 1114 2586 zu Margili mit unnd ohne marter
366 2500 1129 2651 erkenndt vnnd verrachen, wie Volget¬
297 2658 1087 2793 Er sye vorrngferdt 25 jahren zu dem
371 2733 1082 2839 vor etwaß gyttß alhie hingerichten
331 2793 1152 2906 Rudi Gottenberg komen, zu dem habe
1266 946 1316 1015 3
1284 1237 1325 1292 4
1284 724 1330 775 2.
1288 1481 1333 1562 5.
1283 1912 1370 2023 6
1303 2211 1342 2314 1
1396 243 2191 469 Er sich gesellet, vnnd sye also erstlichen von
1438 309 2206 494 demselbigen verfürt worden unnd im
1431 374 2235 550 das erste mal zu Kirshbrunen usseeinen
1419 471 2009 619 K�ller ein brothnemmen gelegen.
1397 529 2206 751 Vnuehr von disen orth habindt yne gestanen
1427 636 2228 816 In seinen bysein ein Wansel endtfrbin¬
1430 740 2015 880 det und ime zutragen geben.
1386 829 2213 1000 daß er aber vß dem Schallenwerck vßige,
1429 921 2213 1070 ri�en, darzu habe ime ein wybsbildt
1419 983 2217 1104 von Kappellen die fylen gebracht, dar
1424 1067 2040 1183 mit habe er sich ledig gemacht.
1393 1157 2216 1293 So habe er mit Kilff einesin der sich muri
1411 1253 2159 1353 Hanß namk zu Bernlingen uß einem
1404 1312 2136 1427 Këller heiters tags ein blalten mit
1433 1374 2207 1493 leisch und ein stücki kuß nemmen helffen.
1431 1487 2212 1602 ben mit desselben hilff habe er Nachts
1436 1559 2118 1659 zu Mulern mit einem schrötysseinen
1420 1624 2185 1742 K�ller uffbrachtnhelffen, daruff habind
1396 1662 2173 1789 sy 2ösen unnd i leib brot genomen.
1426 1746 2152 1859 in theil daruo gee�en und das uber
1437 1796 2128 1942 blibend verkaufft, darvan ime
1397 1853 1991 1985 zu seinen teil 10 hz worden.
1412 1953 2151 2131 buermassen habe fmne gesagter Muri
1409 2027 2105 2171 Hauß unnd nocheiner den man den
1410 2104 2174 2243 louaten namset zu Äschli s leib brot
1421 2153 1683 2257 nemmen gelßen.
1379 2207 2197 2403 Desglichen zu Schuttbach spindt pnachts
1402 2300 2173 2467 In ein spycher gebrochen, und hab indt
1404 2357 2180 2549 daruß etwas koru� genomen, welches sy
1409 2417 2217 2638 Nielisdauweter von Ramseren zugetragen,
1388 2479 2189 2683 der inen soliches abgekauffen und eigen
1402 2538 2189 2761 lich gwüset habe, das eß gstalen worden pe
1363 2600 2196 2826 daruon ime zu seinen theil in 20 tz.
1400 2678 1580 2768 worden.
2226 142 2338 219 24
