<?xml version="1.0" encoding="UTF-8" standalone="yes"?>
<PcGts xmlns="http://schema.primaresearch.org/PAGE/gts/pagecontent/2013-07-15" xmlns:xsi="http://www.w3.org/2001/XMLSchema-instance" xsi:schemaLocation="http://schema.primaresearch.org/PAGE/gts/pagecontent/2013-07-15 http://schema.primaresearch.org/PAGE/gts/pagecontent/2013-07-15/pagecontent.xsd">
    <Metadata>
        <Creator>prov=University of Rostock/Institute of Mathematics/CITlab|PLANET AI GmbH/Gundram Leifert/gundram.leifert@planet-ai.de:name=German_Kurrent_XVI-XVIII_M1(htr_id=19584)::::v=2.6.7
prov=University of Rostock/Institute of Mathematics/CITlab|PLANET AI GmbH/Tobias Gruening/tobias.gruening@planet-ai.de:name=de.uros.citlab.module.baseline2polygon.B2PSeamMultiOriented:v=2.6.7
prov=University of Rostock/Institute of Mathematics/CITlab|PLANET AI GmbH/Tobias Gruening/tobias.gruening@planet-ai.de:name=/net_tf/LA73_249_0mod360.pb:de.uros.citlab.segmentation.CITlab_LA_ML:v=2.6.7
Transkribus</Creator>
        <Created>2020-10-05T21:58:28.469+02:00</Created>
        <LastChange>2022-09-09T15:48:57.609+02:00</LastChange>
        <TranskribusMetadata docId="1334821" pageId="52360985" pageNr="197" tsid="114642762" status="IN_PROGRESS" userId="9570" imgUrl="https://files.transkribus.eu/Get?id=IQHOAPUYSGLCOQRAHCGEBZLY&amp;fileType=view" xmlUrl="https://files.transkribus.eu/Get?id=GPAUWAZCFODGWDEIWTOHLCCZ" imageId="16091934"/>
    </Metadata>
    <Page imageFilename="IMG_9210.jpg" imageWidth="1171" imageHeight="2373">
        <ReadingOrder>
            <OrderedGroup id="ro_1687513772239" caption="Regions reading order">
                <RegionRefIndexed index="0" regionRef="r1"/>
            </OrderedGroup>
        </ReadingOrder>
        <TextRegion orientation="0.0" id="r1" custom="readingOrder {index:0;}">
            <Coords points="27,31 27,2330 1129,2330 1129,31"/>
            <TextLine id="r1l1" custom="readingOrder {index:0;}">
                <Coords points="1011,70 1048,71 1057,64 1072,67 1084,59 1095,64 1109,62 1107,31 1085,29 1078,24 1074,27 1063,20 1055,24 1049,19 1039,28 1029,24 1025,27 1009,25"/>
                <Baseline points="1017,57 1045,56 1073,54 1101,53"/>
                <TextEquiv>
                    <Unicode>122.</Unicode>
                </TextEquiv>
            </TextLine>
            <TextLine id="r1l2" custom="readingOrder {index:1;}">
                <Coords points="59,230 376,150 498,169 689,129 760,159 861,114 896,138 1103,109 1053,66 968,94 896,61 773,102 523,71 55,167"/>
                <Baseline points="64,201 115,188 167,176 218,167 270,158 322,150 373,144 425,139 476,135 528,132 580,129 631,127 683,125 734,123 786,121 838,120 889,118 941,116 992,114 1044,111 1096,107"/>
                <TextEquiv>
                    <Unicode>eine tragenetwortet, es seye etwas derglich zwar todt</Unicode>
                </TextEquiv>
            </TextLine>
            <TextLine id="r1l3" custom="readingOrder {index:2;}">
                <Coords points="60,281 222,223 444,202 530,229 870,176 960,201 1052,159 1049,129 762,162 697,135 638,165 591,138 484,180 405,150 56,228"/>
                <Baseline points="65,253 114,241 163,231 212,222 261,214 310,208 359,203 408,198 457,194 506,191 555,188 604,186 653,183 702,181 751,179 800,176 849,174 898,171 947,168 996,164 1045,159"/>
                <TextEquiv>
                    <Unicode>uamt ohne läben von ira geschoßen, sy habe aber selbiges</Unicode>
                </TextEquiv>
            </TextLine>
            <TextLine id="r1l4" custom="readingOrder {index:3;}">
                <Coords points="67,310 686,244 1095,257 1127,201 940,216 867,180 532,237 389,210 65,283"/>
                <Baseline points="73,298 125,289 177,282 230,275 282,269 335,263 387,259 439,255 492,251 544,248 597,246 649,244 701,242 754,240 806,239 859,237 911,235 963,234 1016,232 1068,230 1121,227"/>
                <TextEquiv>
                    <Unicode>reuerenter vor e G. zmelde) neben das ehrhüßlin vergraben,</Unicode>
                </TextEquiv>
            </TextLine>
            <TextLine id="r1l5" custom="readingOrder {index:4;}">
                <Coords points="64,372 254,319 372,344 417,313 1120,288 1105,248 789,247 718,283 526,252 475,288 61,308"/>
                <Baseline points="69,348 121,340 173,331 225,325 277,319 330,314 382,309 434,306 486,303 538,300 591,298 643,297 695,295 747,294 799,292 852,291 904,289 956,287 1008,284 1060,282 1113,278"/>
                <TextEquiv>
                    <Unicode>sich hiemit an das orth, wo es ligen söllen, gefüert, die habe nun</Unicode>
                </TextEquiv>
            </TextLine>
            <TextLine id="r1l6" custom="readingOrder {index:5;}">
                <Coords points="47,422 384,369 446,400 661,355 1119,362 1117,320 1049,295 44,359"/>
                <Baseline points="53,401 105,394 158,387 211,380 264,375 317,370 370,366 423,363 476,360 529,358 582,356 634,354 687,352 740,351 793,350 846,348 899,347 952,345 1005,343 1058,341 1111,338"/>
                <TextEquiv>
                    <Unicode>mit einem meßer darzuo gegraben, undt aber glichwohl kein</Unicode>
                </TextEquiv>
            </TextLine>
            <TextLine id="r1l7" custom="readingOrder {index:6;}">
                <Coords points="51,461 420,420 652,441 770,400 1121,414 1119,372 1069,355 1028,381 662,354 468,400 393,369 212,418 133,393 50,434"/>
                <Baseline points="57,449 109,443 162,437 215,431 268,426 321,422 373,418 426,415 479,412 532,409 585,407 637,405 690,403 743,402 796,401 849,400 901,399 954,399 1007,398 1060,397 1113,397"/>
                <TextEquiv>
                    <Unicode>wortzeich nit finden können, das graß seye auch amselben platz</Unicode>
                </TextEquiv>
            </TextLine>
            <TextLine id="r1l8" custom="readingOrder {index:7;}">
                <Coords points="57,519 150,491 342,512 407,479 605,501 695,461 914,485 975,450 1030,480 1094,434 998,400 860,430 770,404 699,445 507,419 247,453 216,427 55,479"/>
                <Baseline points="63,495 114,490 165,487 216,483 268,479 319,476 370,473 421,470 473,468 524,466 575,463 626,461 678,459 729,458 780,456 831,455 883,454 934,453 985,452 1036,452 1088,451"/>
                <TextEquiv>
                    <Unicode>mehr dan ein spangen hoch gsyd, also das es kein ansec khan,</Unicode>
                </TextEquiv>
            </TextLine>
            <TextLine id="r1l9" custom="readingOrder {index:8;}">
                <Coords points="46,565 1136,515 1134,458 1025,481 971,450 876,491 833,464 666,502 45,520"/>
                <Baseline points="53,550 106,545 160,541 214,537 268,533 322,530 375,527 429,525 483,522 537,520 591,518 644,516 698,515 752,514 806,513 860,512 913,511 967,510 1021,510 1075,509 1129,508"/>
                <TextEquiv>
                    <Unicode>as etwas dorten were vergraben wordenn, derhalben sy dise</Unicode>
                </TextEquiv>
            </TextLine>
            <TextLine id="r1l10" custom="readingOrder {index:9;}">
                <Coords points="48,637 394,578 603,611 865,567 1060,588 1133,545 1061,515 899,547 848,516 675,558 555,526 457,563 412,529 368,560 45,565"/>
                <Baseline points="53,600 106,596 160,592 214,588 267,585 321,582 375,579 428,576 482,575 536,573 590,571 643,569 697,568 751,566 804,565 858,564 912,562 965,561 1019,560 1073,558 1127,557"/>
                <TextEquiv>
                    <Unicode>ihre dochter noch ernstiger befragt, wo sy doch mit disem iren</Unicode>
                </TextEquiv>
            </TextLine>
            <TextLine id="r1l11" custom="readingOrder {index:10;}">
                <Coords points="48,686 129,651 1089,631 1129,618 1128,569 45,619"/>
                <Baseline points="53,654 106,651 159,648 213,645 266,642 320,640 373,637 427,635 480,633 534,631 587,629 640,627 694,625 747,624 801,623 854,621 908,620 961,618 1015,617 1068,616 1122,614"/>
                <TextEquiv>
                    <Unicode>ich mit möchte hinkommen syn. Die habe ira entlich geantwortet,</Unicode>
                </TextEquiv>
            </TextLine>
            <TextLine id="r1l12" custom="readingOrder {index:11;} person {offset:33; length:13;}">
                <Coords points="55,737 152,695 1108,683 1107,649 839,629 763,669 652,639 439,673 382,643 54,688"/>
                <Baseline points="61,702 113,699 165,696 217,694 269,692 321,691 373,689 425,688 477,687 529,686 581,685 633,685 685,684 737,683 789,681 841,680 893,679 945,677 997,675 1049,672 1101,668"/>
                <TextEquiv>
                    <Unicode>sy seye in meines hochgeehrten h Ullrich Bitzi hus allwo</Unicode>
                </TextEquiv>
            </TextLine>
            <TextLine id="r1l13" custom="readingOrder {index:12;}">
                <Coords points="51,787 328,746 383,787 448,749 812,781 895,745 1119,744 1118,704 816,678 654,724 306,691 50,740"/>
                <Baseline points="57,761 109,756 162,753 215,749 268,747 320,745 373,743 426,743 479,742 531,742 584,742 637,742 690,741 742,741 795,741 848,740 901,739 953,737 1006,735 1059,732 1112,728"/>
                <TextEquiv>
                    <Unicode>sy genägt, die stägen hinabgfallen, undt seye hiemit etwas</Unicode>
                </TextEquiv>
            </TextLine>
            <TextLine id="r1l14" custom="readingOrder {index:13;} place {offset:36; length:7;}">
                <Coords points="40,818 617,800 650,827 770,796 919,827 1099,790 1098,747 815,782 443,750 396,788 332,749 40,796"/>
                <Baseline points="46,811 98,809 150,807 202,805 255,804 307,802 359,801 412,800 464,799 516,798 569,797 621,796 673,796 725,795 778,793 830,793 882,791 935,789 987,788 1039,786 1092,784"/>
                <TextEquiv>
                    <Unicode>von Ira geschoßen, das habe sy nach Bolling getragen undt</Unicode>
                </TextEquiv>
            </TextLine>
            <TextLine id="r1l15" custom="readingOrder {index:14;}">
                <Coords points="53,879 707,857 776,890 954,856 953,821 794,798 541,840 486,813 52,838"/>
                <Baseline points="59,864 103,861 147,859 192,858 236,856 281,855 325,854 369,853 414,853 458,852 503,852 547,852 591,851 636,851 680,851 725,850 769,850 813,849 858,848 902,847 947,846"/>
                <TextEquiv>
                    <Unicode>uff dem kilchhoff vergraben, anders wüße sy nüt.</Unicode>
                </TextEquiv>
            </TextLine>
            <TextLine id="r1l16" custom="readingOrder {index:15;} person {offset:0; length:15;}">
                <Coords points="20,1013 831,1014 892,1044 1100,1008 1100,968 928,990 800,951 674,986 376,937 272,977 20,960"/>
                <Baseline points="27,1003 80,1001 133,1000 187,999 240,999 293,999 347,999 400,999 453,1000 507,1000 560,1001 613,1002 667,1002 720,1003 773,1003 827,1004 880,1004 933,1004 987,1004 1040,1003 1094,1002"/>
                <TextEquiv>
                    <Unicode>Andres Tgginanß eines schuhmachers frauw, welcher</Unicode>
                </TextEquiv>
            </TextLine>
            <TextLine id="r1l17" custom="readingOrder {index:16;} person {offset:10; length:16;}">
                <Coords points="41,1064 1055,1068 1055,1034 949,1012 721,1041 436,1003 356,1038 262,1038 197,997 41,1016"/>
                <Baseline points="48,1053 98,1052 148,1051 198,1051 248,1050 298,1050 348,1050 398,1050 448,1051 498,1051 548,1051 598,1051 648,1052 698,1052 748,1052 798,1053 848,1053 898,1053 948,1053 998,1052 1048,1052"/>
                <TextEquiv>
                    <Unicode>jetz in h Teronini Gerings matten wohnt, zeigt aun</Unicode>
                </TextEquiv>
            </TextLine>
            <TextLine id="r1l18" custom="readingOrder {index:17;}">
                <Coords points="43,1092 211,1127 1103,1114 1103,1077 960,1053 795,1089 43,1064"/>
                <Baseline points="50,1094 102,1094 154,1094 206,1094 259,1094 311,1094 363,1095 416,1095 468,1096 520,1096 573,1097 625,1097 677,1097 729,1097 782,1097 834,1097 886,1097 939,1096 991,1095 1043,1094 1096,1093"/>
                <TextEquiv>
                    <Unicode>die gegangne seye ira belehantlich worden, das sy mit dem</Unicode>
                </TextEquiv>
            </TextLine>
            <TextLine id="r1l19" custom="readingOrder {index:18;}">
                <Coords points="54,1156 536,1140 836,1171 1095,1158 1113,1120 54,1124"/>
                <Baseline points="61,1140 113,1140 165,1140 217,1140 270,1139 322,1139 374,1139 426,1139 479,1139 531,1139 583,1139 635,1140 688,1140 740,1141 792,1141 844,1142 897,1143 949,1144 1001,1145 1053,1146 1106,1148"/>
                <TextEquiv>
                    <Unicode>schnit gange, undt das sy gëgen michäli darnach gnäsen werde.</Unicode>
                </TextEquiv>
            </TextLine>
            <TextLine id="r1l20" custom="readingOrder {index:19;}">
                <Coords points="21,1183 139,1224 184,1193 588,1221 638,1190 712,1228 867,1196 1042,1227 1119,1211 1120,1171 597,1142 483,1173 409,1142 195,1174 22,1139"/>
                <Baseline points="28,1182 82,1183 136,1185 190,1186 245,1187 299,1187 353,1188 407,1188 462,1188 516,1189 570,1189 624,1189 679,1190 733,1191 787,1191 841,1193 896,1194 950,1195 1004,1197 1058,1200 1113,1203"/>
                <TextEquiv>
                    <Unicode>Item sy empfinde, das sehnnt, das es sich mächtig rüere, hernach hab</Unicode>
                </TextEquiv>
            </TextLine>
            <TextLine id="r1l21" custom="readingOrder {index:20;}">
                <Coords points="31,1264 330,1233 1065,1273 1103,1215 31,1206"/>
                <Baseline points="38,1233 90,1233 143,1234 196,1234 249,1234 302,1235 355,1235 407,1236 460,1236 513,1237 566,1237 619,1238 672,1239 725,1239 777,1240 830,1242 883,1243 936,1244 989,1246 1042,1248 1095,1250"/>
                <TextEquiv>
                    <Unicode>sy auch iren der gezügin mann, als derselb sy gfragt</Unicode>
                </TextEquiv>
            </TextLine>
            <TextLine id="r1l22" custom="readingOrder {index:21;}">
                <Coords points="36,1289 82,1319 298,1285 594,1317 698,1294 731,1321 799,1293 850,1326 1057,1308 1057,1263 971,1277 934,1243 859,1276 739,1248 369,1265 328,1234 280,1272 36,1264"/>
                <Baseline points="43,1281 93,1282 143,1283 194,1283 244,1284 294,1284 345,1285 395,1285 445,1286 496,1286 546,1286 596,1286 647,1287 697,1287 747,1287 798,1288 848,1288 898,1289 949,1289 999,1290 1050,1290"/>
                <TextEquiv>
                    <Unicode>wo sy mit dem khindt hinkönen seye, bekhent, sy habe es</Unicode>
                </TextEquiv>
            </TextLine>
            <TextLine id="r1l23" custom="readingOrder {index:22;}">
                <Coords points="63,1361 1108,1365 1088,1308 63,1316"/>
                <Baseline points="70,1340 121,1341 173,1342 224,1343 276,1344 328,1344 379,1344 431,1345 482,1345 534,1345 586,1345 637,1345 689,1345 740,1345 792,1345 844,1345 895,1345 947,1346 998,1346 1050,1347 1102,1348"/>
                <TextEquiv>
                    <Unicode>nder einem zun vergraben, worüber er sy geschalten undt</Unicode>
                </TextEquiv>
            </TextLine>
            <TextLine id="r1l24" custom="readingOrder {index:23;}">
                <Coords points="49,1419 344,1397 647,1437 915,1401 1070,1440 1096,1383 903,1384 865,1350 623,1388 452,1355 291,1377 238,1347 49,1367"/>
                <Baseline points="56,1393 107,1394 159,1396 210,1396 262,1397 314,1398 365,1399 417,1400 469,1400 520,1401 572,1401 624,1401 675,1402 727,1402 779,1402 830,1401 882,1401 934,1401 985,1400 1037,1399 1089,1398"/>
                <TextEquiv>
                    <Unicode>gesagt, sy sölle es dorrten hinweg nemmen undt uff einem</Unicode>
                </TextEquiv>
            </TextLine>
            <TextLine id="r1l25" custom="readingOrder {index:24;}">
                <Coords points="43,1459 143,1469 161,1453 261,1483 307,1457 432,1449 432,1415 336,1415 294,1430 200,1415 181,1428 161,1415 43,1424"/>
                <Baseline points="49,1445 74,1445 99,1445 124,1445 149,1445 174,1445 199,1445 224,1445 250,1445 275,1445 300,1445 325,1445 350,1445 375,1445 400,1446 426,1446"/>
                <TextEquiv>
                    <Unicode>kilchhoff vergrabenn.</Unicode>
                </TextEquiv>
            </TextLine>
            <TextLine id="r1l26" custom="readingOrder {index:25;} person {offset:0; length:7; continued:true;}">
                <Coords points="66,1565 101,1563 119,1572 149,1565 174,1578 185,1568 218,1577 246,1559 269,1569 270,1485 247,1483 171,1530 154,1530 129,1513 85,1523 66,1518"/>
                <Baseline points="72,1554 99,1556 126,1557 153,1557 181,1556 208,1556 235,1557 263,1558"/>
                <TextEquiv>
                    <Unicode>Margret</Unicode>
                </TextEquiv>
            </TextLine>
            <TextLine id="r1l27" custom="readingOrder {index:26;} person {offset:0; length:8; continued:true;} person {offset:19; length:13;}">
                <Coords points="344,1569 436,1570 469,1595 572,1564 772,1586 911,1571 966,1598 1090,1568 1091,1533 826,1504 587,1552 526,1509 428,1525 344,1496"/>
                <Baseline points="350,1557 386,1558 423,1559 459,1560 496,1560 533,1561 569,1562 606,1563 643,1563 679,1564 716,1565 753,1565 789,1565 826,1565 863,1566 899,1566 936,1566 973,1566 1009,1565 1046,1565 1083,1564"/>
                <TextEquiv>
                    <Unicode>Brangart, Weilmndt Hans Rycharts</Unicode>
                </TextEquiv>
            </TextLine>
            <TextLine id="r1l28" custom="readingOrder {index:27;} place {offset:11; length:12;} place {offset:25; length:7;}">
                <Coords points="75,1618 1079,1658 1080,1603 1036,1593 754,1613 313,1559 76,1581"/>
                <Baseline points="82,1606 131,1607 181,1607 230,1608 280,1609 329,1610 379,1611 428,1612 478,1613 527,1615 577,1616 627,1618 676,1619 726,1621 775,1623 825,1624 874,1626 924,1627 973,1628 1023,1629 1073,1630"/>
                <TextEquiv>
                    <Unicode>eligen von Heinißwyllen, wittwen, welche jetz in</Unicode>
                </TextEquiv>
            </TextLine>
            <TextLine id="r1l29" custom="readingOrder {index:28;} place {offset:0; length:11;}">
                <Coords points="46,1677 938,1681 1059,1718 1081,1667 848,1639 725,1662 670,1625 493,1657 47,1624"/>
                <Baseline points="53,1663 104,1663 155,1663 206,1663 257,1664 308,1665 359,1666 410,1667 461,1668 512,1670 563,1671 614,1672 665,1674 716,1675 767,1676 818,1678 869,1679 920,1680 971,1681 1022,1681 1073,1682"/>
                <TextEquiv>
                    <Unicode>Wyllerwohnt, zeigt ann, der gefangnen muter seye in</Unicode>
                </TextEquiv>
            </TextLine>
            <TextLine id="r1l30" custom="readingOrder {index:29;}">
                <Coords points="54,1711 987,1765 1086,1754 1088,1697 454,1671 397,1697 277,1666 55,1692"/>
                <Baseline points="61,1706 112,1707 163,1707 214,1709 265,1710 316,1711 367,1713 418,1714 469,1716 520,1718 571,1719 622,1721 673,1722 724,1724 775,1725 826,1726 877,1727 928,1728 979,1728 1030,1728 1081,1728"/>
                <TextEquiv>
                    <Unicode>allem yfer zur tra khommen, undt habe sy gefragt, ob</Unicode>
                </TextEquiv>
            </TextLine>
            <TextLine id="r1l31" custom="readingOrder {index:30;}">
                <Coords points="72,1776 116,1752 411,1787 534,1763 983,1804 1052,1762 74,1712"/>
                <Baseline points="80,1745 128,1747 176,1749 224,1750 273,1752 321,1753 369,1755 417,1756 466,1758 514,1759 562,1760 610,1762 659,1763 707,1764 755,1766 803,1767 852,1769 900,1771 948,1773 996,1775 1045,1778"/>
                <TextEquiv>
                    <Unicode>yeit wüße, man sage ir dochter seye schwanger gsyn,</Unicode>
                </TextEquiv>
            </TextLine>
            <TextLine id="r1l32" custom="readingOrder {index:31;}">
                <Coords points="77,1801 989,1846 1066,1842 1068,1777 980,1805 482,1763 78,1780"/>
                <Baseline points="84,1793 132,1795 181,1796 230,1798 279,1800 328,1801 376,1803 425,1804 474,1806 523,1808 572,1809 620,1811 669,1812 718,1813 767,1814 816,1815 864,1816 913,1816 962,1817 1011,1817 1060,1817"/>
                <TextEquiv>
                    <Unicode>umb das kindt kommen, undt habe söllich es an einem gwüßen</Unicode>
                </TextEquiv>
            </TextLine>
            <TextLine id="r1l33" custom="readingOrder {index:32;}">
                <Coords points="57,1843 956,1895 1092,1857 59,1798"/>
                <Baseline points="65,1828 118,1832 172,1835 225,1838 279,1840 333,1843 386,1845 440,1848 494,1849 547,1851 601,1853 654,1855 708,1856 762,1858 815,1859 869,1861 923,1862 976,1864 1030,1866 1084,1867"/>
                <TextEquiv>
                    <Unicode>orth vergraben. Dise seye nun mit fra gangen, daßelbige</Unicode>
                </TextEquiv>
            </TextLine>
            <TextLine id="r1l34" custom="readingOrder {index:33;}">
                <Coords points="671,1888 679,1888 683,1892 690,1890 696,1891 703,1895 721,1892 721,1862 714,1862 707,1868 705,1865 702,1865 699,1868 691,1861 686,1867 671,1869"/>
                <Baseline points="677,1884 714,1884"/>
                <TextEquiv>
                    <Unicode>nit</Unicode>
                </TextEquiv>
            </TextLine>
            <TextLine id="r1l35" custom="readingOrder {index:34;}">
                <Coords points="52,1897 392,1930 477,1899 691,1934 1092,1921 1013,1875 758,1897 604,1858 379,1882 54,1844"/>
                <Baseline points="59,1882 110,1883 161,1885 212,1886 264,1888 315,1889 366,1892 418,1893 469,1895 520,1897 572,1899 623,1901 674,1903 725,1905 777,1907 828,1909 879,1911 931,1913 982,1914 1033,1916 1085,1917"/>
                <TextEquiv>
                    <Unicode>gsucht, undt aber einiches wortzeichen, finden könden, entlich</Unicode>
                </TextEquiv>
            </TextLine>
            <TextLine id="r1l36" custom="readingOrder {index:35;} place {offset:45; length:10;}">
                <Coords points="49,1951 1102,1989 1065,1946 877,1923 761,1946 477,1899 359,1935 313,1899 51,1897"/>
                <Baseline points="56,1932 108,1935 160,1938 212,1940 264,1942 316,1944 368,1946 420,1947 472,1949 524,1950 576,1952 628,1953 680,1955 732,1956 784,1958 836,1960 888,1963 940,1965 992,1968 1044,1972 1096,1975"/>
                <TextEquiv>
                    <Unicode>habe sy die gefangne bekent, sy habe es gahn Bollingein</Unicode>
                </TextEquiv>
            </TextLine>
            <TextLine id="r1l37" custom="readingOrder {index:36;}">
                <Coords points="70,1998 680,2007 749,2046 867,2022 920,2053 1076,2034 1077,2004 887,1996 849,1959 778,1996 661,1964 71,1970"/>
                <Baseline points="78,1983 127,1985 177,1988 226,1990 276,1991 325,1993 375,1995 424,1997 474,1998 523,2000 573,2001 623,2003 672,2005 722,2006 771,2008 821,2010 870,2012 920,2014 969,2017 1019,2020 1069,2023"/>
                <TextEquiv>
                    <Unicode>uff dem kilchhoff getragen undt daßelbsten vergraben,</Unicode>
                </TextEquiv>
            </TextLine>
            <TextLine id="r1l38" custom="readingOrder {index:37;}">
                <Coords points="45,2068 157,2047 215,2078 271,2048 418,2081 480,2058 600,2061 601,2011 557,2004 514,2035 476,2013 335,2020 309,1996 270,2024 153,2004 111,2020 67,1984 48,1993"/>
                <Baseline points="53,2036 80,2036 107,2036 134,2036 161,2037 188,2037 215,2038 242,2039 269,2040 296,2041 323,2042 350,2042 377,2044 404,2045 431,2046 458,2048 485,2049 512,2051 539,2052 566,2053 593,2054"/>
                <TextEquiv>
                    <Unicode>by wellichem es auch verblibenn</Unicode>
                </TextEquiv>
            </TextLine>
            <TextLine id="r1l39" custom="readingOrder {index:38;}">
                <Coords points="32,2139 1074,2184 1007,2125 144,2103 36,2059"/>
                <Baseline points="39,2122 90,2122 141,2123 193,2124 244,2125 296,2126 347,2128 398,2129 450,2131 501,2133 553,2135 604,2138 655,2141 707,2143 758,2147 810,2150 861,2154 912,2158 964,2163 1015,2167 1067,2172"/>
                <TextEquiv>
                    <Unicode>Wyl nur dise obgemelten sachenn allerdingen zwyfelhafftig,</Unicode>
                </TextEquiv>
            </TextLine>
            <TextLine id="r1l40" custom="readingOrder {index:39;}">
                <Coords points="38,2182 1075,2219 1060,2183 834,2180 799,2150 742,2174 40,2137"/>
                <Baseline points="46,2169 97,2169 148,2169 199,2170 250,2170 301,2171 352,2171 403,2172 454,2174 505,2175 557,2177 608,2179 659,2182 710,2184 761,2187 812,2191 863,2194 914,2198 965,2203 1016,2208 1068,2213"/>
                <TextEquiv>
                    <Unicode>Als habenn ir g erkent, das man dise wybs persohn, inn das</Unicode>
                </TextEquiv>
            </TextLine>
            <TextLine id="r1l41" custom="readingOrder {index:40;}">
                <Coords points="46,2230 1065,2263 1012,2217 904,2232 807,2196 755,2219 48,2181"/>
                <Baseline points="53,2216 103,2215 153,2215 203,2215 254,2215 304,2215 354,2216 404,2216 455,2217 505,2219 555,2220 605,2222 656,2225 706,2227 756,2230 806,2233 857,2237 907,2241 957,2246 1007,2250 1058,2256"/>
                <TextEquiv>
                    <Unicode>challenwerck schneiden und dorten so lang inthaltenn solle</Unicode>
                </TextEquiv>
            </TextLine>
            <TextLine id="r1l42" custom="readingOrder {index:41;}">
                <Coords points="43,2295 203,2266 766,2290 830,2332 1064,2314 989,2252 936,2282 751,2237 46,2241"/>
                <Baseline points="52,2264 102,2263 152,2262 202,2262 253,2262 303,2262 353,2263 404,2264 454,2265 504,2266 555,2268 605,2270 655,2273 705,2276 756,2278 806,2282 856,2286 907,2290 957,2294 1007,2299 1058,2304"/>
                <TextEquiv>
                    <Unicode>bißmann die sach znn beßere erfarenheit bring könne, actim</Unicode>
                </TextEquiv>
            </TextLine>
            <TextLine id="r1l43" custom="readingOrder {index:42;}">
                <Coords points="39,2344 77,2355 98,2337 138,2329 167,2329 223,2354 288,2328 340,2340 349,2338 349,2291 326,2279 226,2283 205,2268 177,2286 161,2278 127,2294 38,2297"/>
                <Baseline points="45,2314 72,2317 99,2318 126,2319 153,2319 180,2318 207,2317 234,2317 261,2316 288,2316 315,2317 343,2319"/>
                <TextEquiv>
                    <Unicode>Den 17. julii 1647.</Unicode>
                </TextEquiv>
            </TextLine>
            <TextEquiv>
                <Unicode>122.
eine tragenetwortet, es seye etwas derglich zwar todt
uamt ohne läben von ira geschoßen, sy habe aber selbiges
reuerenter vor e G. zmelde) neben das ehrhüßlin vergraben,
sich hiemit an das orth, wo es ligen söllen, gefüert, die habe nun
mit einem meßer darzuo gegraben, undt aber glichwohl kein
wortzeich nit finden können, das graß seye auch amselben platz
mehr dan ein spangen hoch gsyd, also das es kein ansec khan,
as etwas dorten were vergraben wordenn, derhalben sy dise
ihre dochter noch ernstiger befragt, wo sy doch mit disem iren
ich mit möchte hinkommen syn. Die habe ira entlich geantwortet,
sy seye in meines hochgeehrten h Ullrich Bitzi hus allwo
sy genägt, die stägen hinabgfallen, undt seye hiemit etwas
von Ira geschoßen, das habe sy nach Bolling getragen undt
uff dem kilchhoff vergraben, anders wüße sy nüt.
Andres Tgginanß eines schuhmachers frauw, welcher
jetz in h Teronini Gerings matten wohnt, zeigt aun
die gegangne seye ira belehantlich worden, das sy mit dem
schnit gange, undt das sy gëgen michäli darnach gnäsen werde.
Item sy empfinde, das sehnnt, das es sich mächtig rüere, hernach hab
sy auch iren der gezügin mann, als derselb sy gfragt
wo sy mit dem khindt hinkönen seye, bekhent, sy habe es
nder einem zun vergraben, worüber er sy geschalten undt
gesagt, sy sölle es dorrten hinweg nemmen undt uff einem
kilchhoff vergrabenn.
Margret
Brangart, Weilmndt Hans Rycharts
eligen von Heinißwyllen, wittwen, welche jetz in
Wyllerwohnt, zeigt ann, der gefangnen muter seye in
allem yfer zur tra khommen, undt habe sy gefragt, ob
yeit wüße, man sage ir dochter seye schwanger gsyn,
umb das kindt kommen, undt habe söllich es an einem gwüßen
orth vergraben. Dise seye nun mit fra gangen, daßelbige
nit
gsucht, undt aber einiches wortzeichen, finden könden, entlich
habe sy die gefangne bekent, sy habe es gahn Bollingein
uff dem kilchhoff getragen undt daßelbsten vergraben,
by wellichem es auch verblibenn
Wyl nur dise obgemelten sachenn allerdingen zwyfelhafftig,
Als habenn ir g erkent, das man dise wybs persohn, inn das
challenwerck schneiden und dorten so lang inthaltenn solle
bißmann die sach znn beßere erfarenheit bring könne, actim
Den 17. julii 1647.</Unicode>
            </TextEquiv>
        </TextRegion>
    </Page>
</PcGts>
