1161 2978
49 -34 1001 270 Mirth Sollothurn mit Sysiszweiler vorgen.
56 21 978 330 renane
54 110 979 361 nemmen helfenn, denselben einem Tamner
61 180 982 433 samens durs kauffmann daselbsten in
56 247 1035 500 An huß donhaffft verkaufft, danon Pra
49 412 491 585 guhell werden t
21 468 952 688 zu Bibrist sye Cappelbäntz in ein källen
33 573 901 770 bracht, daruß 4 haffen vol schwenne
45 626 992 837 schmacke, son ungenehr 16 lb in einem kübel
56 705 1010 896 derbum Gankem 8 broth bracht, danon
48 814 977 957 lrd zu 2 broth, das vbrig habend sy vorges
49 873 1045 1033 dochtem Tauwner verkaufft, der Jra zu theil
53 997 236 1133 Ieb  f
38 1095 952 1239 zu zuhel Solli geb, mit dem Sysdiswyler
42 1203 959 1299 ußeinem Hußnemen helffen, ein Ziligs
61 1260 995 1375 kessli 2 kösen, Welches sy dem Laupner
52 1320 956 1454 verkaufft, jra worden vom Kessi um h
54 1409 984 1544 on den kas 20 tz. Item 2 amkenbale
56 1477 971 1619 und leib broth, so sy mit einanderen
43 1542 221 1647 geheilt.
42 1640 1018 1814 Vfen Weichenberg mithilff Fyhis vndt
52 1735 1023 1903 angeregts lampners uß einem Sennthum
39 1802 1024 1968 stalenhelffen- 6 k�senn unnd einschwarer
54 1867 991 2026 Imp daruo dem laupner der amp und
40 1920 1069 2136 Kösen verkaufft, vnnd Jra vom Imp 13. h.
47 1992 972 2204 und von den käsen 12 b worden, deme
54 2087 979 2291 es habind sy getheilt unnd genossen.
44 2165 1015 2420 dem Paffen zu Weitingen mit obstatt,
45 2274 1001 2494 in ein kaller brachen wollen, aber nit
18 2355 972 2559 k�men, darby aber nassenwosch züg
52 2435 997 2646 angetroffen, darua quomen- 4ziechenn,
45 2501 1023 2708 1 Hürsche dischlache 3 wyß lynen umb
37 2566 1034 2790 Heng sampt den umbschlegen darnan fra Jogl
50 2667 949 2850 engantzen umbhang und ein ziechen, so sy
41 2715 999 2924 Etigken verkaufft vnd daruß erlößtn
98 2823 293 2920 230 h.
