<?xml version="1.0" encoding="UTF-8" standalone="yes"?>
<PcGts xmlns="http://schema.primaresearch.org/PAGE/gts/pagecontent/2013-07-15" xmlns:xsi="http://www.w3.org/2001/XMLSchema-instance" xsi:schemaLocation="http://schema.primaresearch.org/PAGE/gts/pagecontent/2013-07-15 http://schema.primaresearch.org/PAGE/gts/pagecontent/2013-07-15/pagecontent.xsd">
    <Metadata>
        <Creator>prov=University of Rostock/Institute of Mathematics/CITlab|PLANET AI GmbH/Gundram Leifert/gundram.leifert@planet-ai.de:name=German_Kurrent_XVI-XVIII_M1(htr_id=19584)::::v=2.6.7
prov=University of Rostock/Institute of Mathematics/CITlab|PLANET AI GmbH/Tobias Gruening/tobias.gruening@planet-ai.de:name=de.uros.citlab.module.baseline2polygon.B2PSeamMultiOriented:v=2.6.7
prov=University of Rostock/Institute of Mathematics/CITlab|PLANET AI GmbH/Tobias Gruening/tobias.gruening@planet-ai.de:name=/net_tf/LA73_249_0mod360.pb:de.uros.citlab.segmentation.CITlab_LA_ML:v=2.6.7
Transkribus</Creator>
        <Created>2020-10-05T21:58:28.635+02:00</Created>
        <LastChange>2022-09-09T15:49:03.715+02:00</LastChange>
        <TranskribusMetadata docId="1334821" pageId="52361006" pageNr="201" tsid="114642783" status="IN_PROGRESS" userId="9570" imgUrl="https://files.transkribus.eu/Get?id=EFSVLOEEZOTWUUDRQINSBESS&amp;fileType=view" xmlUrl="https://files.transkribus.eu/Get?id=JSZAGXODWKHFDVHYFELJOGNP" imageId="16091938"/>
    </Metadata>
    <Page imageFilename="IMG_9214.jpg" imageWidth="2245" imageHeight="2961">
        <ReadingOrder>
            <OrderedGroup id="ro_1687513772360" caption="Regions reading order">
                <RegionRefIndexed index="0" regionRef="r1"/>
                <RegionRefIndexed index="1" regionRef="r2"/>
            </OrderedGroup>
        </ReadingOrder>
        <TextRegion orientation="0.0" id="r1" custom="readingOrder {index:0;}">
            <Coords points="47,110 47,2796 1064,2796 1064,110"/>
            <TextLine id="r1l1" custom="readingOrder {index:0;} place {offset:8; length:9;}">
                <Coords points="58,157 175,179 244,157 280,185 358,192 406,227 505,189 548,197 552,130 482,125 443,145 373,104 290,141 209,136 115,72 63,82"/>
                <Baseline points="65,153 90,155 115,155 140,156 165,157 190,159 215,161 241,161 266,164 291,164 316,166 341,167 366,169 392,171 417,173 442,175 467,176 492,178 517,180 543,182"/>
                <TextEquiv>
                    <Unicode>Kuom v. Obergfell.</Unicode>
                </TextEquiv>
            </TextLine>
            <TextLine id="r1l2" custom="readingOrder {index:1;} person {offset:0; length:6;}">
                <Coords points="59,271 99,307 175,282 310,322 490,289 580,332 642,299 719,339 839,317 898,370 964,330 1044,357 1048,288 858,240 653,274 572,230 494,254 292,210 228,246 115,186 64,203"/>
                <Baseline points="66,264 114,267 163,270 211,273 260,275 309,277 357,279 406,281 454,282 503,285 552,287 600,290 649,292 697,296 746,300 795,305 843,311 892,317 940,325 989,333 1038,342"/>
                <TextEquiv>
                    <Unicode>Reßler, Lu und dem Darigen, begen Verdacht Tieb¬</Unicode>
                </TextEquiv>
            </TextLine>
            <TextLine id="r1l3" custom="readingOrder {index:2;}">
                <Coords points="323,367 337,363 366,392 410,361 465,367 514,397 576,374 600,378 605,294 537,321 462,314 420,297 326,308"/>
                <Baseline points="330,344 356,347 382,349 409,351 435,353 462,354 488,356 514,356 541,358 567,360 594,363"/>
                <TextEquiv>
                    <Unicode>stahld 51 196</Unicode>
                </TextEquiv>
            </TextLine>
            <TextLine id="r1l4" custom="readingOrder {index:3;}">
                <Coords points="262,446 363,446 417,490 513,446 625,479 706,458 747,489 831,452 890,499 984,495 1062,541 1068,456 937,430 875,386 787,425 601,386 527,418 461,385 267,385"/>
                <Baseline points="270,429 309,432 348,434 388,437 427,438 467,440 506,440 545,441 585,442 624,443 664,445 703,447 742,449 782,452 821,456 861,461 900,467 939,474 979,483 1018,493 1058,506"/>
                <TextEquiv>
                    <Unicode>Otilia, seine Schleßen wegen Siebstahls Ver¬</Unicode>
                </TextEquiv>
            </TextLine>
            <TextLine id="r1l5" custom="readingOrder {index:4;}">
                <Coords points="349,537 386,543 406,563 461,528 481,527 514,540 532,536 536,479 503,472 483,480 454,465 417,491 387,460 353,472"/>
                <Baseline points="356,513 384,516 413,519 441,521 470,524 498,524 527,525"/>
                <TextEquiv>
                    <Unicode>ducht. 51.</Unicode>
                </TextEquiv>
            </TextLine>
            <TextLine id="r1l6" custom="readingOrder {index:5;} person {offset:36; length:11;}">
                <Coords points="56,621 163,605 305,666 403,625 444,659 501,629 624,671 783,643 839,686 929,654 1006,688 1041,633 785,582 677,597 610,545 403,591 61,522"/>
                <Baseline points="63,602 111,606 159,609 208,612 256,614 305,617 353,618 402,620 450,621 499,624 547,625 595,627 644,630 692,633 741,636 789,639 838,644 886,649 935,655 983,662 1032,669"/>
                <TextEquiv>
                    <Unicode>Koch Muhel, gel Stihtkoch, legen d. Hurenfohler. 54</Unicode>
                </TextEquiv>
            </TextLine>
            <TextLine id="r1l7" custom="readingOrder {index:6;} person {offset:7; length:4;} person {offset:24; length:12;}">
                <Coords points="46,714 278,709 347,750 433,714 573,716 673,757 781,728 949,789 1007,771 1010,707 770,671 687,693 592,678 550,635 506,671 312,686 271,656 206,682 106,637 49,647"/>
                <Baseline points="53,702 100,701 147,702 195,702 242,702 290,704 337,705 385,706 432,708 480,710 527,711 574,714 622,716 669,720 717,722 764,725 812,729 859,732 907,737 954,741 1002,746"/>
                <TextEquiv>
                    <Unicode>Kunen, Anna geb. Matter Ulrichs Fruu, v. Stekholz,</Unicode>
                </TextEquiv>
            </TextLine>
            <TextLine id="r1l8" custom="readingOrder {index:7;}">
                <Coords points="297,814 331,832 381,799 423,789 477,809 518,843 545,822 566,837 610,811 658,807 659,748 516,755 468,719 353,762 326,733 300,737"/>
                <Baseline points="305,783 331,785 358,787 384,788 411,789 438,789 464,789 491,789 517,791 544,791 571,792 597,793 624,794 651,797"/>
                <TextEquiv>
                    <Unicode>begen Retrug. 70</Unicode>
                </TextEquiv>
            </TextLine>
            <TextLine id="r1l9" custom="readingOrder {index:8;} person {offset:0; length:9; continued:true;}">
                <Coords points="54,922 125,907 157,929 210,888 240,915 298,904 301,857 215,857 192,830 166,827 117,787 61,779"/>
                <Baseline points="63,872 88,874 114,877 139,879 165,879 190,881 216,882 241,884 267,884 293,885"/>
                <TextEquiv>
                    <Unicode>Kauffmann</Unicode>
                </TextEquiv>
            </TextLine>
            <TextLine id="r1l10" custom="readingOrder {index:9;} person {offset:0; length:6; continued:true;} person {offset:14; length:14;}">
                <Coords points="316,900 351,921 384,899 434,933 532,895 633,964 733,901 773,932 876,907 1034,927 1036,883 1007,868 930,848 864,862 839,837 710,876 591,826 521,872 409,818 319,847"/>
                <Baseline points="323,885 358,885 393,886 428,887 464,887 499,888 534,889 569,890 605,891 640,893 675,894 710,896 746,898 781,899 816,902 851,904 887,907 922,909 957,913 992,916 1028,921"/>
                <TextEquiv>
                    <Unicode>Castar gemait Klapper Caster, und dem</Unicode>
                </TextEquiv>
            </TextLine>
            <TextLine id="r1l11" custom="readingOrder {index:10;} person {offset:0; length:7;}">
                <Coords points="312,974 386,1013 479,985 526,1010 571,980 769,1023 869,990 871,927 739,945 685,933 635,962 552,946 525,921 459,952 404,907 363,927 313,911"/>
                <Baseline points="318,968 345,968 372,969 399,969 427,969 454,970 481,971 508,972 536,972 563,974 590,974 617,975 645,975 672,977 699,977 726,978 754,978 781,978 808,980 835,980 863,980"/>
                <TextEquiv>
                    <Unicode>Suntgan, wegen diebstahl. Pp.</Unicode>
                </TextEquiv>
            </TextLine>
            <TextLine id="r1l12" custom="readingOrder {index:11;} person {offset:0; length:5;} person {offset:7; length:9;}">
                <Coords points="51,1099 126,1074 249,1112 412,1057 523,1073 568,1110 692,1088 893,1108 912,1018 634,1030 595,996 545,1039 505,1015 405,1043 284,990 216,1035 112,975 53,1000"/>
                <Baseline points="59,1059 101,1059 143,1061 185,1061 228,1061 270,1061 312,1062 355,1062 397,1062 439,1064 482,1064 524,1065 566,1067 608,1067 651,1068 693,1068 735,1070 778,1070 820,1071 862,1071 905,1071"/>
                <TextEquiv>
                    <Unicode>Kälin, Christian and der Pfalh. Verhör: 85</Unicode>
                </TextEquiv>
            </TextLine>
            <TextLine id="r1l13" custom="readingOrder {index:12;} person {offset:0; length:8;} person {offset:10; length:5;}">
                <Coords points="53,1186 248,1218 448,1181 584,1180 620,1212 667,1177 826,1224 880,1186 946,1229 1014,1205 1015,1152 757,1108 695,1152 617,1106 414,1150 352,1100 288,1127 218,1108 170,1143 99,1082 54,1098"/>
                <Baseline points="59,1170 106,1169 153,1169 201,1168 248,1167 296,1167 343,1167 391,1167 438,1167 486,1167 533,1167 580,1169 628,1169 675,1170 723,1172 770,1173 818,1176 865,1178 913,1181 960,1184 1008,1187"/>
                <TextEquiv>
                    <Unicode>Anenbühl, Pater, und der Sotachen bei Stathidburg,</Unicode>
                </TextEquiv>
            </TextLine>
            <TextLine id="r1l14" custom="readingOrder {index:13;}">
                <Coords points="307,1263 360,1284 395,1259 431,1258 542,1293 568,1272 597,1290 643,1259 691,1285 784,1260 785,1224 684,1194 614,1212 591,1189 557,1218 468,1188 413,1228 334,1189 309,1200"/>
                <Baseline points="314,1241 339,1241 365,1242 391,1242 416,1244 442,1244 468,1245 494,1245 519,1247 545,1247 571,1248 596,1248 622,1249 648,1250 674,1250 699,1251 725,1251 751,1253 777,1253"/>
                <TextEquiv>
                    <Unicode>loegen Unferziehend. 99.</Unicode>
                </TextEquiv>
            </TextLine>
            <TextLine id="r1l15" custom="readingOrder {index:14;} person {offset:0; length:34;} place {offset:45; length:6; continued:true;}">
                <Coords points="53,1335 151,1392 254,1353 467,1379 514,1343 680,1333 757,1366 1040,1370 1041,1285 995,1307 762,1274 625,1317 515,1274 348,1306 186,1281 122,1234 53,1277"/>
                <Baseline points="59,1326 107,1328 156,1329 205,1331 254,1332 302,1332 351,1334 400,1334 449,1335 497,1335 546,1335 595,1337 644,1337 692,1337 741,1338 790,1338 839,1340 887,1340 936,1341 985,1343 1034,1344"/>
                <TextEquiv>
                    <Unicode>Krieg Tarbara geb. Hardmeyer Stikl. Fruu, v. Dunti¬</Unicode>
                </TextEquiv>
            </TextLine>
            <TextLine id="r1l16" custom="readingOrder {index:15;} place {offset:0; length:3; continued:true;} person {offset:11; length:6;}">
                <Coords points="322,1449 384,1424 471,1459 546,1417 598,1425 644,1466 685,1432 790,1434 792,1373 729,1374 701,1395 617,1341 489,1389 413,1376 397,1390 324,1370"/>
                <Baseline points="329,1410 354,1410 379,1412 405,1412 430,1413 455,1413 481,1413 506,1415 531,1415 557,1416 582,1416 607,1417 633,1418 658,1419 683,1419 709,1421 734,1421 759,1421 785,1422"/>
                <TextEquiv>
                    <Unicode>gen, wegen Retung, 108.</Unicode>
                </TextEquiv>
            </TextLine>
            <TextLine id="r1l17" custom="readingOrder {index:16;} place {offset:14; length:10;}">
                <Coords points="258,1553 409,1514 587,1555 670,1519 701,1548 728,1526 783,1552 850,1514 996,1509 1017,1477 891,1491 781,1454 745,1486 667,1447 641,1470 514,1449 257,1462"/>
                <Baseline points="264,1517 301,1515 338,1512 376,1511 413,1509 450,1509 488,1508 525,1508 562,1508 600,1508 637,1508 674,1508 712,1508 749,1508 786,1508 824,1508 861,1508 898,1508 936,1506 973,1505 1011,1503"/>
                <TextEquiv>
                    <Unicode>Hand, und dem Guggisperg, wegen einem</Unicode>
                </TextEquiv>
            </TextLine>
            <TextLine id="r1l18" custom="readingOrder {index:17;}">
                <Coords points="40,1549 59,1541 93,1551 113,1544 132,1557 149,1557 173,1545 230,1552 251,1544 251,1468 232,1467 212,1450 153,1461 126,1436 101,1436 63,1468 40,1468"/>
                <Baseline points="47,1518 75,1517 103,1517 131,1516 160,1515 188,1515 216,1517 245,1518"/>
                <TextEquiv>
                    <Unicode>Kemler</Unicode>
                </TextEquiv>
            </TextLine>
            <TextLine id="r1l19" custom="readingOrder {index:18;}">
                <Coords points="308,1617 386,1626 420,1593 471,1591 581,1636 667,1596 726,1626 763,1606 830,1616 887,1594 887,1530 845,1550 761,1544 736,1568 672,1525 632,1556 586,1556 564,1533 534,1557 506,1539 442,1552 410,1531 308,1542"/>
                <Baseline points="315,1587 343,1586 371,1586 399,1586 428,1586 456,1586 484,1587 513,1587 541,1587 569,1587 598,1588 626,1589 654,1589 682,1589 711,1588 739,1587 767,1587 796,1586 824,1586 852,1584 881,1583"/>
                <TextEquiv>
                    <Unicode>hulschen 100 t. Gültbrief. 109</Unicode>
                </TextEquiv>
            </TextLine>
            <TextLine id="r1l20" custom="readingOrder {index:19;} person {offset:0; length:5;} person {offset:7; length:29;}">
                <Coords points="66,1702 232,1735 290,1699 413,1699 670,1745 768,1697 831,1745 1026,1734 1027,1643 808,1661 671,1628 605,1662 533,1629 372,1659 342,1628 294,1647 67,1602"/>
                <Baseline points="72,1689 119,1689 166,1689 214,1689 261,1691 309,1691 356,1692 403,1694 451,1694 498,1695 546,1697 593,1697 640,1698 688,1698 735,1698 783,1698 830,1698 877,1698 925,1697 972,1695 1020,1692"/>
                <TextEquiv>
                    <Unicode>Krebs, Hans auf der Kirchn Wichtrach, begen Inzug</Unicode>
                </TextEquiv>
            </TextLine>
            <TextLine id="r1l21" custom="readingOrder {index:20;}">
                <Coords points="332,1775 523,1811 617,1775 741,1800 783,1783 786,1701 663,1763 604,1751 577,1724 527,1739 500,1721 430,1717 412,1699 360,1746 333,1749"/>
                <Baseline points="339,1763 364,1764 390,1766 416,1768 442,1769 467,1770 493,1770 519,1772 545,1773 570,1773 596,1774 622,1775 648,1776 673,1776 699,1778 725,1778 751,1779 777,1781"/>
                <TextEquiv>
                    <Unicode>n diebshehlern 11</Unicode>
                </TextEquiv>
            </TextLine>
            <TextLine id="r1l22" custom="readingOrder {index:21;} person {offset:6; length:18;}">
                <Coords points="60,1874 160,1919 224,1875 460,1896 562,1853 761,1856 840,1897 899,1854 1040,1852 1040,1788 975,1772 901,1832 822,1784 644,1835 452,1790 222,1807 60,1774"/>
                <Baseline points="66,1856 114,1854 162,1852 211,1851 259,1851 308,1850 356,1850 404,1851 453,1851 501,1853 550,1853 598,1854 646,1854 695,1854 743,1854 792,1854 840,1853 888,1851 937,1850 985,1847 1034,1842"/>
                <TextEquiv>
                    <Unicode>Krüth Castar v. Hithlirt, ein Müller begen dieb¬</Unicode>
                </TextEquiv>
            </TextLine>
            <TextLine id="r1l23" custom="readingOrder {index:22;}">
                <Coords points="312,1958 335,1960 359,1975 412,1944 422,1951 454,1942 509,1947 518,1938 540,1945 542,1880 514,1893 485,1887 457,1897 435,1886 412,1898 385,1882 363,1889 342,1875 313,1882"/>
                <Baseline points="318,1931 345,1932 372,1932 399,1934 426,1934 453,1934 480,1935 507,1935 534,1937"/>
                <TextEquiv>
                    <Unicode>stahl 1225</Unicode>
                </TextEquiv>
            </TextLine>
            <TextLine id="r1l24" custom="readingOrder {index:23;} person {offset:0; length:8; continued:true;}">
                <Coords points="62,2304 108,2313 151,2304 202,2356 230,2346 253,2348 256,2255 201,2257 159,2227 114,2212 65,2230"/>
                <Baseline points="69,2294 94,2296 120,2297 145,2298 171,2298 196,2299 222,2300 248,2301"/>
                <TextEquiv>
                    <Unicode>Luderuch</Unicode>
                </TextEquiv>
            </TextLine>
            <TextLine id="r1l25" custom="readingOrder {index:24;} person {offset:0; length:4; continued:true;} place {offset:8; length:11;} person {offset:29; length:10;}">
                <Coords points="257,2312 338,2307 384,2344 457,2331 480,2352 548,2307 648,2348 699,2314 754,2332 978,2296 1052,2319 1052,2259 977,2229 934,2250 846,2230 670,2289 557,2233 367,2269 323,2239 257,2253"/>
                <Baseline points="264,2301 303,2301 342,2303 381,2303 420,2303 459,2304 498,2304 537,2306 576,2306 615,2306 655,2306 694,2306 733,2306 772,2304 811,2304 850,2303 889,2300 928,2297 967,2295 1006,2291 1046,2286"/>
                <TextEquiv>
                    <Unicode>Sura v. Höchstetten, gemannt Läder Sara,</Unicode>
                </TextEquiv>
            </TextLine>
            <TextLine id="r1l26" custom="readingOrder {index:25;} person {offset:6; length:7;}">
                <Coords points="272,2408 305,2428 342,2403 385,2441 491,2400 636,2407 637,2333 615,2331 550,2374 496,2372 457,2342 387,2362 344,2345 318,2350 297,2330 273,2334"/>
                <Baseline points="279,2384 304,2386 329,2387 354,2388 379,2388 404,2390 429,2390 454,2390 479,2390 504,2391 529,2391 554,2391 579,2391 604,2391 630,2390"/>
                <TextEquiv>
                    <Unicode>wegen Hurnnei. 6</Unicode>
                </TextEquiv>
            </TextLine>
            <TextLine id="r1l27" custom="readingOrder {index:26;} person {offset:0; length:7;}">
                <Coords points="42,2511 66,2506 82,2515 116,2489 127,2485 133,2490 155,2480 174,2480 192,2491 206,2487 209,2427 189,2426 155,2395 133,2396 122,2387 105,2392 88,2407 76,2402 47,2411"/>
                <Baseline points="50,2466 75,2470 100,2471 125,2472 150,2472 175,2474 200,2475"/>
                <TextEquiv>
                    <Unicode>Leprenr.</Unicode>
                </TextEquiv>
            </TextLine>
            <TextLine id="r1l28" custom="readingOrder {index:27;} person {offset:0; length:12;}">
                <Coords points="231,2507 270,2520 365,2481 418,2514 461,2477 523,2484 588,2537 696,2478 772,2528 821,2479 1071,2462 1046,2406 991,2436 951,2412 723,2428 523,2400 376,2445 230,2414"/>
                <Baseline points="237,2475 278,2474 319,2474 361,2474 402,2474 443,2474 485,2475 526,2475 567,2475 609,2477 650,2477 691,2477 733,2477 774,2475 815,2474 857,2473 898,2470 939,2468 981,2463 1022,2459 1064,2453"/>
                <TextEquiv>
                    <Unicode>Sustanna Joh des Ruchdrukent stel Tochter, be¬</Unicode>
                </TextEquiv>
            </TextLine>
            <TextLine id="r1l29" custom="readingOrder {index:28;}">
                <Coords points="259,2589 285,2571 351,2603 414,2557 465,2603 524,2574 565,2591 603,2556 643,2588 751,2553 858,2582 899,2545 958,2562 1053,2519 1044,2466 956,2506 910,2471 860,2481 772,2533 671,2486 556,2531 462,2477 411,2521 370,2487 315,2531 257,2517"/>
                <Baseline points="264,2547 303,2547 342,2547 381,2548 420,2549 459,2550 498,2550 537,2550 576,2552 615,2552 655,2552 694,2551 733,2550 772,2549 811,2547 850,2546 889,2542 928,2539 967,2535 1006,2529 1046,2523"/>
                <TextEquiv>
                    <Unicode>gen schandlichem Hauthalten mit ihner Mut</Unicode>
                </TextEquiv>
            </TextLine>
            <TextLine id="r1l30" custom="readingOrder {index:29;}">
                <Coords points="249,2642 274,2637 307,2645 357,2633 383,2647 404,2632 421,2634 442,2622 441,2575 429,2574 411,2589 374,2587 336,2607 284,2572 256,2600 248,2600"/>
                <Baseline points="255,2631 280,2630 306,2630 332,2628 357,2628 383,2627 409,2627 435,2628"/>
                <TextEquiv>
                    <Unicode>ster. 15</Unicode>
                </TextEquiv>
            </TextLine>
            <TextLine id="r1l31" custom="readingOrder {index:30;}">
                <Coords points="257,2709 367,2743 424,2713 564,2715 631,2754 716,2714 796,2746 861,2711 977,2732 1049,2708 1048,2626 723,2653 665,2685 557,2679 508,2636 256,2647"/>
                <Baseline points="263,2696 302,2697 341,2697 380,2697 419,2699 458,2700 497,2700 536,2701 575,2702 614,2702 653,2702 692,2702 731,2702 770,2702 809,2700 848,2699 887,2696 926,2695 965,2692 1004,2688 1043,2684"/>
                <TextEquiv>
                    <Unicode>Sendicht, v. Frnnemasselen, begend. zureÿ¬</Unicode>
                </TextEquiv>
            </TextLine>
            <TextLine id="r1l32" custom="readingOrder {index:31;}">
                <Coords points="55,2740 91,2748 111,2736 153,2748 201,2713 236,2702 236,2676 220,2670 204,2677 180,2672 108,2615 90,2617 53,2645"/>
                <Baseline points="60,2700 88,2698 116,2697 145,2697 173,2697 201,2697 230,2696"/>
                <TextEquiv>
                    <Unicode>eynigen</Unicode>
                </TextEquiv>
            </TextLine>
            <TextLine id="r1l33" custom="readingOrder {index:32;}">
                <Coords points="258,2816 285,2820 318,2795 348,2797 367,2785 378,2790 401,2779 415,2788 452,2783 474,2772 474,2749 460,2752 418,2732 388,2754 369,2752 339,2726 308,2734 294,2723 257,2737"/>
                <Baseline points="264,2778 289,2777 315,2777 340,2775 366,2775 391,2774 417,2774 442,2774 468,2775"/>
                <TextEquiv>
                    <Unicode>Jehler. 30.</Unicode>
                </TextEquiv>
            </TextLine>
            <TextEquiv>
                <Unicode>Kuom v. Obergfell.
Reßler, Lu und dem Darigen, begen Verdacht Tieb¬
stahld 51 196
Otilia, seine Schleßen wegen Siebstahls Ver¬
ducht. 51.
Koch Muhel, gel Stihtkoch, legen d. Hurenfohler. 54
Kunen, Anna geb. Matter Ulrichs Fruu, v. Stekholz,
begen Retrug. 70
Kauffmann
Castar gemait Klapper Caster, und dem
Suntgan, wegen diebstahl. Pp.
Kälin, Christian and der Pfalh. Verhör: 85
Anenbühl, Pater, und der Sotachen bei Stathidburg,
loegen Unferziehend. 99.
Krieg Tarbara geb. Hardmeyer Stikl. Fruu, v. Dunti¬
gen, wegen Retung, 108.
Hand, und dem Guggisperg, wegen einem
Kemler
hulschen 100 t. Gültbrief. 109
Krebs, Hans auf der Kirchn Wichtrach, begen Inzug
n diebshehlern 11
Krüth Castar v. Hithlirt, ein Müller begen dieb¬
stahl 1225
Luderuch
Sura v. Höchstetten, gemannt Läder Sara,
wegen Hurnnei. 6
Leprenr.
Sustanna Joh des Ruchdrukent stel Tochter, be¬
gen schandlichem Hauthalten mit ihner Mut
ster. 15
Sendicht, v. Frnnemasselen, begend. zureÿ¬
eynigen
Jehler. 30.</Unicode>
            </TextEquiv>
        </TextRegion>
        <TextRegion orientation="0.0" id="r2" custom="readingOrder {index:1;}">
            <Coords points="1140,94 1140,2922 2187,2922 2187,94"/>
            <TextLine id="r2l1" custom="readingOrder {index:0;} person {offset:0; length:26;}">
                <Coords points="1137,220 1258,161 1308,185 1418,146 1651,137 1721,171 1769,142 1828,172 1976,135 2088,148 2101,64 1881,58 1694,98 1491,70 1372,110 1247,86 1134,110"/>
                <Baseline points="1142,164 1189,158 1237,153 1285,148 1332,144 1380,141 1428,138 1475,136 1523,134 1571,132 1619,131 1666,131 1714,129 1762,129 1809,129 1857,129 1905,129 1952,129 2000,128 2048,128 2096,128"/>
                <TextEquiv>
                    <Unicode>Stÿster Hans v. Bürrenrath, wegen ehelichen Ver¬</Unicode>
                </TextEquiv>
            </TextLine>
            <TextLine id="r2l2" custom="readingOrder {index:1;}">
                <Coords points="1345,261 1390,260 1425,234 1461,237 1493,257 1537,213 1564,213 1612,250 1657,241 1677,234 1675,153 1650,135 1576,188 1523,180 1462,151 1406,168 1385,158 1344,183"/>
                <Baseline points="1350,210 1376,210 1403,210 1430,210 1456,209 1483,209 1510,207 1536,207 1563,207 1590,206 1616,206 1643,206 1670,206"/>
                <TextEquiv>
                    <Unicode>schlichtungen. 5s.</Unicode>
                </TextEquiv>
            </TextLine>
            <TextLine id="r2l3" custom="readingOrder {index:2;} person {offset:0; length:14;} person {offset:19; length:8;}">
                <Coords points="1137,332 1237,350 1362,319 1428,362 1510,331 1583,362 1643,317 1756,358 1923,315 2052,352 2125,329 2125,268 1984,234 1935,267 1751,257 1693,288 1432,234 1349,289 1262,251 1137,257"/>
                <Baseline points="1143,317 1191,315 1240,313 1289,311 1338,309 1386,308 1435,306 1484,306 1533,305 1581,305 1630,305 1679,305 1728,305 1776,305 1825,306 1874,307 1923,308 1971,309 2020,311 2069,312 2118,314"/>
                <TextEquiv>
                    <Unicode>Rettenund Hans, v. Hennsbÿl, wegen diebstäh,</Unicode>
                </TextEquiv>
            </TextLine>
            <TextLine id="r2l4" custom="readingOrder {index:3;}">
                <Coords points="1367,401 1480,390 1505,414 1522,402 1572,406 1574,333 1506,335 1455,377 1407,343 1380,350 1368,345"/>
                <Baseline points="1373,390 1400,387 1428,387 1455,387 1483,388 1510,389 1538,390 1566,392"/>
                <TextEquiv>
                    <Unicode>len. 446</Unicode>
                </TextEquiv>
            </TextLine>
            <TextLine id="r2l5" custom="readingOrder {index:4;} person {offset:0; length:5;} person {offset:7; length:7;} person {offset:19; length:9;}">
                <Coords points="1134,493 1273,485 1353,525 1460,473 1638,519 1708,478 1791,521 1836,482 1965,481 2148,527 2148,443 1944,403 1872,450 1612,395 1432,450 1374,411 1271,447 1134,391"/>
                <Baseline points="1140,476 1190,474 1240,474 1290,473 1340,473 1390,471 1440,471 1490,471 1540,471 1590,471 1641,473 1691,473 1741,473 1791,474 1841,474 1891,476 1941,476 1991,476 2041,477 2091,477 2142,477"/>
                <TextEquiv>
                    <Unicode>Rüber, Cathama, v. Willistan, wegen Botterlastenung</Unicode>
                </TextEquiv>
            </TextLine>
            <TextLine id="r2l6" custom="readingOrder {index:5;}">
                <Coords points="1368,572 1383,568 1390,560 1403,572 1418,559 1436,559 1438,562 1447,559 1447,495 1437,495 1426,507 1414,501 1399,513 1388,508 1380,513 1368,510"/>
                <Baseline points="1374,551 1407,552 1440,551"/>
                <TextEquiv>
                    <Unicode>18</Unicode>
                </TextEquiv>
            </TextLine>
            <TextLine id="r2l7" custom="readingOrder {index:6;} person {offset:11; length:12;} place {offset:28; length:8;}">
                <Coords points="1140,663 1298,707 1598,685 1646,650 1771,699 1857,661 1936,692 1996,652 2121,671 2121,592 2079,581 1868,633 1778,574 1635,626 1582,590 1362,592 1293,626 1140,585"/>
                <Baseline points="1146,653 1194,651 1242,650 1291,650 1339,650 1388,649 1436,648 1485,648 1533,648 1582,648 1630,648 1678,648 1727,650 1775,650 1824,650 1872,650 1921,651 1969,651 2018,651 2066,653 2115,653"/>
                <TextEquiv>
                    <Unicode>Rühenacht, Hans im Rein bei Rechigen, begen Ver¬</Unicode>
                </TextEquiv>
            </TextLine>
            <TextLine id="r2l8" custom="readingOrder {index:7;}">
                <Coords points="1333,748 1483,789 1659,772 1706,801 1885,747 1994,776 2042,747 2114,754 2115,694 1909,686 1790,714 1742,682 1682,713 1617,684 1559,717 1490,678 1334,698"/>
                <Baseline points="1340,735 1378,735 1416,735 1455,735 1493,735 1532,737 1570,737 1608,737 1647,737 1685,737 1724,737 1762,738 1800,738 1839,738 1877,738 1916,738 1954,740 1992,740 2031,740 2069,741 2108,741"/>
                <TextEquiv>
                    <Unicode>kunhung eines ungeltigen Gültbruhs. 102.</Unicode>
                </TextEquiv>
            </TextLine>
            <TextLine id="r2l9" custom="readingOrder {index:8;} person {offset:0; length:14;} person {offset:16; length:7;} person {offset:25; length:4; continued:true;}">
                <Coords points="1147,1186 1267,1151 1317,1157 1359,1195 1475,1143 1509,1160 1549,1143 1648,1197 1748,1155 1802,1162 1803,1086 1760,1097 1720,1071 1608,1122 1501,1089 1149,1081"/>
                <Baseline points="1154,1143 1186,1143 1218,1142 1250,1141 1282,1140 1314,1140 1346,1140 1378,1140 1410,1140 1442,1140 1475,1140 1507,1140 1539,1142 1571,1142 1603,1143 1635,1145 1667,1146 1699,1147 1731,1149 1763,1151 1796,1152"/>
                <TextEquiv>
                    <Unicode>Schallenberger, Madlena, Hans</Unicode>
                </TextEquiv>
            </TextLine>
            <TextLine id="r2l10" custom="readingOrder {index:9;} person {offset:0; length:15; continued:true;}">
                <Coords points="1139,1280 1228,1259 1272,1297 1445,1243 1554,1285 1723,1264 1778,1307 1948,1256 2045,1292 2144,1256 2145,1196 1839,1225 1759,1188 1668,1223 1487,1169 1327,1218 1191,1176 1139,1199"/>
                <Baseline points="1145,1247 1194,1244 1244,1242 1293,1241 1343,1240 1393,1239 1442,1239 1492,1239 1542,1241 1591,1241 1641,1242 1691,1242 1740,1244 1790,1244 1840,1245 1889,1245 1939,1245 1989,1245 2038,1245 2088,1245 2138,1244"/>
                <TextEquiv>
                    <Unicode>Schlociegrubers Frau, wegen Zeeihuug ihres unehel¬</Unicode>
                </TextEquiv>
            </TextLine>
            <TextLine id="r2l11" custom="readingOrder {index:10;}">
                <Coords points="1396,1337 1432,1339 1453,1350 1472,1338 1501,1343 1525,1328 1545,1340 1571,1338 1573,1282 1551,1286 1529,1271 1517,1278 1485,1271 1457,1280 1421,1263 1398,1265"/>
                <Baseline points="1403,1323 1430,1323 1457,1323 1484,1323 1511,1325 1538,1327 1565,1329"/>
                <TextEquiv>
                    <Unicode>Kinds. 1.</Unicode>
                </TextEquiv>
            </TextLine>
            <TextLine id="r2l12" custom="readingOrder {index:11;}">
                <Coords points="1144,1432 1184,1407 1312,1417 1368,1397 1429,1443 1498,1431 1525,1450 1582,1410 1671,1416 1671,1370 1549,1339 1451,1350 1411,1336 1335,1375 1255,1348 1145,1352"/>
                <Baseline points="1151,1398 1176,1399 1202,1400 1228,1400 1253,1400 1279,1400 1305,1400 1330,1401 1356,1401 1382,1401 1408,1401 1433,1401 1459,1401 1485,1403 1510,1403 1536,1403 1562,1403 1587,1403 1613,1404 1639,1404 1665,1406"/>
                <TextEquiv>
                    <Unicode>zum Stem v. Jumstem.</Unicode>
                </TextEquiv>
            </TextLine>
            <TextLine id="r2l13" custom="readingOrder {index:12;} person {offset:0; length:7;} person {offset:9; length:6;} place {offset:33; length:12;}">
                <Coords points="1151,1492 1333,1525 1381,1495 1581,1528 1656,1501 1856,1547 1924,1503 2150,1506 2151,1452 2027,1443 1983,1473 1919,1437 1691,1458 1562,1428 1432,1459 1394,1429 1310,1449 1152,1419"/>
                <Baseline points="1157,1481 1206,1482 1255,1482 1305,1483 1354,1485 1403,1485 1453,1487 1502,1488 1551,1491 1601,1491 1650,1493 1699,1494 1749,1496 1798,1497 1847,1497 1897,1499 1946,1499 1995,1499 2045,1497 2094,1497 2144,1496"/>
                <TextEquiv>
                    <Unicode>Stierli, Cassan, der Kürster, v. Schaffhuesen, wird mit</Unicode>
                </TextEquiv>
            </TextLine>
            <TextLine id="r2l14" custom="readingOrder {index:13;}">
                <Coords points="1337,1577 1392,1577 1437,1614 1498,1574 1581,1575 1621,1605 1666,1574 1831,1578 1833,1499 1791,1509 1770,1493 1716,1531 1607,1511 1561,1536 1535,1510 1513,1523 1479,1500 1437,1538 1409,1538 1371,1502 1338,1518"/>
                <Baseline points="1343,1557 1368,1558 1393,1559 1418,1559 1444,1560 1469,1560 1494,1560 1520,1561 1545,1562 1570,1562 1596,1563 1621,1563 1646,1564 1672,1565 1697,1565 1722,1566 1748,1566 1773,1568 1798,1568 1824,1569"/>
                <TextEquiv>
                    <Unicode>dem hd verbiesten. 22</Unicode>
                </TextEquiv>
            </TextLine>
            <TextLine id="r2l15" custom="readingOrder {index:14;} person {offset:0; length:7; continued:true;}">
                <Coords points="1159,1701 1175,1697 1180,1702 1222,1670 1243,1675 1257,1667 1274,1672 1288,1662 1299,1665 1301,1594 1274,1594 1235,1610 1198,1587 1192,1592 1187,1587 1173,1598 1162,1595"/>
                <Baseline points="1167,1649 1192,1651 1217,1652 1242,1653 1267,1653 1293,1652"/>
                <TextEquiv>
                    <Unicode>Schmidt</Unicode>
                </TextEquiv>
            </TextLine>
            <TextLine id="r2l16" custom="readingOrder {index:15;} person {offset:0; length:5; continued:true;} place {offset:20; length:7;}">
                <Coords points="1317,1693 1384,1677 1450,1702 1534,1663 1612,1712 1742,1677 1775,1712 1826,1688 1997,1727 2053,1691 2157,1682 2158,1650 1603,1595 1455,1635 1394,1606 1319,1623"/>
                <Baseline points="1325,1655 1366,1655 1407,1655 1448,1655 1490,1656 1531,1658 1572,1659 1614,1661 1655,1662 1696,1665 1738,1667 1779,1669 1820,1671 1861,1673 1903,1674 1944,1676 1985,1677 2027,1677 2068,1677 2109,1677 2151,1676"/>
                <TextEquiv>
                    <Unicode>Geörg, gel Sirkh zu Kerzens, wegen Herrn</Unicode>
                </TextEquiv>
            </TextLine>
            <TextLine id="r2l17" custom="readingOrder {index:16;}">
                <Coords points="1314,1758 1357,1754 1368,1761 1380,1753 1406,1764 1456,1748 1484,1771 1527,1775 1528,1707 1507,1696 1465,1723 1441,1719 1400,1679 1381,1693 1344,1684 1315,1697"/>
                <Baseline points="1320,1740 1345,1739 1370,1739 1395,1740 1420,1740 1445,1742 1470,1742 1495,1743 1521,1743"/>
                <TextEquiv>
                    <Unicode>Reden. 3.</Unicode>
                </TextEquiv>
            </TextLine>
            <TextLine id="r2l18" custom="readingOrder {index:17;} person {offset:0; length:7;} person {offset:9; length:4;} person {offset:19; length:19;}">
                <Coords points="1148,1830 1199,1827 1251,1876 1383,1831 1531,1879 1631,1846 2030,1879 2088,1849 2160,1874 2162,1819 2048,1836 1994,1791 1899,1816 1836,1759 1655,1799 1484,1777 1428,1808 1150,1766"/>
                <Baseline points="1154,1821 1204,1823 1254,1824 1304,1825 1354,1827 1404,1829 1454,1831 1504,1833 1554,1835 1604,1838 1654,1839 1704,1842 1754,1844 1804,1847 1854,1848 1904,1850 1954,1853 2004,1856 2054,1857 2104,1860 2154,1862"/>
                <TextEquiv>
                    <Unicode>Sterchi, Anna, des Goldarberter Zuvers Fran be¬</Unicode>
                </TextEquiv>
            </TextLine>
            <TextLine id="r2l19" custom="readingOrder {index:18;}">
                <Coords points="1341,1945 1384,1921 1437,1962 1488,1921 1539,1922 1587,1968 1637,1928 1760,1935 1762,1883 1672,1901 1621,1863 1531,1894 1465,1857 1403,1889 1368,1875 1344,1883"/>
                <Baseline points="1349,1902 1374,1905 1399,1908 1424,1910 1450,1913 1475,1913 1500,1915 1526,1916 1551,1917 1576,1917 1602,1917 1627,1919 1652,1920 1678,1920 1703,1922 1728,1923 1754,1926"/>
                <TextEquiv>
                    <Unicode>gen zuvenloesten. 3.</Unicode>
                </TextEquiv>
            </TextLine>
            <TextLine id="r2l20" custom="readingOrder {index:19;}">
                <Coords points="1151,2004 1181,2000 1199,2008 1206,2002 1240,2019 1267,2013 1275,2021 1288,2020 1291,1950 1273,1946 1260,1935 1245,1941 1235,1932 1211,1934 1189,1917 1175,1916 1166,1925 1153,1925"/>
                <Baseline points="1157,1992 1182,1994 1207,1995 1232,1995 1257,1995 1283,1998"/>
                <TextEquiv>
                    <Unicode>allen</Unicode>
                </TextEquiv>
            </TextLine>
            <TextLine id="r2l21" custom="readingOrder {index:20;}">
                <Coords points="1307,2014 1809,2025 1874,2072 2144,2037 2145,2001 2089,1971 1995,1989 1917,1964 1856,2003 1503,1944 1445,1978 1393,1938 1309,1965"/>
                <Baseline points="1314,1997 1355,1998 1396,2001 1437,2003 1478,2004 1520,2007 1561,2009 1602,2010 1643,2012 1684,2014 1726,2015 1767,2018 1808,2019 1849,2021 1890,2022 1932,2024 1973,2025 2014,2025 2055,2027 2096,2027 2138,2028"/>
                <TextEquiv>
                    <Unicode>Andrens, vnd Dellach, wegen uischweifenden</Unicode>
                </TextEquiv>
            </TextLine>
            <TextLine id="r2l22" custom="readingOrder {index:21;}">
                <Coords points="1327,2113 1366,2135 1404,2101 1476,2086 1631,2113 1670,2095 1718,2124 1788,2106 1839,2119 1842,2041 1805,2057 1735,2028 1704,2053 1655,2020 1574,2064 1504,2015 1434,2057 1392,2026 1330,2044"/>
                <Baseline points="1334,2085 1360,2085 1386,2084 1412,2084 1439,2084 1465,2085 1491,2085 1517,2087 1544,2087 1570,2088 1596,2090 1622,2091 1649,2093 1675,2094 1701,2096 1727,2097 1754,2098 1780,2100 1806,2102 1833,2102"/>
                <TextEquiv>
                    <Unicode>böfen loben M. S. 236.</Unicode>
                </TextEquiv>
            </TextLine>
            <TextLine id="r2l23" custom="readingOrder {index:22;}">
                <Coords points="1142,2195 1151,2194 1183,2228 1200,2226 1243,2192 1251,2194 1272,2182 1303,2196 1310,2123 1292,2116 1262,2131 1216,2094 1196,2097 1177,2091 1164,2101 1151,2100"/>
                <Baseline points="1151,2166 1180,2169 1210,2173 1239,2175 1269,2178 1299,2180"/>
                <TextEquiv>
                    <Unicode>sigheidt</Unicode>
                </TextEquiv>
            </TextLine>
            <TextLine id="r2l24" custom="readingOrder {index:23;} person {offset:0; length:18;}">
                <Coords points="1334,2215 1397,2223 1456,2192 1579,2240 1635,2199 1719,2242 1837,2203 1892,2246 2048,2205 2153,2218 2169,2151 2074,2138 2009,2165 1862,2124 1792,2168 1726,2147 1666,2174 1562,2123 1487,2156 1336,2131"/>
                <Baseline points="1341,2183 1384,2183 1427,2183 1470,2184 1513,2186 1556,2187 1599,2187 1642,2190 1685,2190 1728,2192 1772,2195 1815,2196 1858,2198 1901,2199 1944,2201 1987,2202 2030,2203 2073,2204 2116,2204 2160,2204"/>
                <TextEquiv>
                    <Unicode>Gristen, v. Signan, wegen diebstahl. 5. 5. k.</Unicode>
                </TextEquiv>
            </TextLine>
            <TextLine id="r2l25" custom="readingOrder {index:24;} person {offset:0; length:11;} person {offset:13; length:4;} person {offset:22; length:9;} person {offset:33; length:11;}">
                <Coords points="1150,2316 1209,2307 1263,2344 1367,2296 1541,2359 1688,2310 1756,2352 1821,2320 1875,2357 1930,2319 2119,2328 2130,2296 2054,2253 1949,2288 1817,2243 1743,2280 1699,2245 1532,2234 1465,2272 1401,2238 1336,2268 1153,2215"/>
                <Baseline points="1157,2282 1205,2283 1253,2286 1301,2288 1350,2290 1398,2292 1446,2294 1495,2295 1543,2298 1591,2299 1640,2301 1688,2303 1736,2304 1784,2306 1833,2307 1881,2309 1929,2310 1978,2312 2026,2313 2074,2316 2123,2318"/>
                <TextEquiv>
                    <Unicode>Schloeckher, Anna, v. Enthelden, Jfark Horns fenn</Unicode>
                </TextEquiv>
            </TextLine>
            <TextLine id="r2l26" custom="readingOrder {index:25;}">
                <Coords points="1332,2406 1386,2414 1435,2390 1472,2419 1511,2390 1613,2381 1705,2400 1729,2427 1807,2392 1886,2422 1924,2415 1928,2331 1848,2377 1776,2334 1750,2354 1657,2315 1576,2360 1538,2360 1509,2332 1427,2352 1372,2319 1335,2342"/>
                <Baseline points="1340,2364 1370,2367 1400,2369 1431,2372 1461,2374 1492,2375 1522,2376 1553,2378 1583,2379 1614,2379 1644,2381 1675,2382 1705,2382 1736,2384 1766,2386 1797,2388 1827,2390 1858,2391 1888,2395 1919,2399"/>
                <TextEquiv>
                    <Unicode>wegen ihnem Lebloesten. 6.</Unicode>
                </TextEquiv>
            </TextLine>
            <TextLine id="r2l27" custom="readingOrder {index:26;} person {offset:0; length:7; continued:true;}">
                <Coords points="1142,2449 1204,2473 1230,2499 1249,2492 1268,2497 1314,2463 1327,2463 1332,2401 1294,2395 1259,2421 1212,2382 1201,2387 1177,2382 1165,2370 1149,2367"/>
                <Baseline points="1149,2438 1177,2443 1206,2445 1235,2448 1264,2449 1293,2452 1322,2454"/>
                <TextEquiv>
                    <Unicode>Sumpfli</Unicode>
                </TextEquiv>
            </TextLine>
            <TextLine id="r2l28" custom="readingOrder {index:27;} person {offset:0; length:5; continued:true;}">
                <Coords points="1348,2471 1535,2482 1597,2511 1634,2493 1694,2522 1767,2485 1952,2486 1993,2522 2039,2486 2151,2479 2152,2436 2096,2420 2038,2458 1949,2417 1825,2457 1689,2408 1557,2447 1428,2399 1350,2422"/>
                <Baseline points="1355,2457 1394,2459 1434,2460 1473,2462 1513,2464 1552,2465 1592,2467 1631,2468 1671,2469 1710,2471 1750,2472 1789,2473 1829,2475 1868,2475 1908,2476 1947,2477 1987,2477 2026,2477 2066,2476 2105,2475 2145,2474"/>
                <TextEquiv>
                    <Unicode>Otmar, ein Hönschemne, bird begen der</Unicode>
                </TextEquiv>
            </TextLine>
            <TextLine id="r2l29" custom="readingOrder {index:28;}">
                <Coords points="1348,2550 1412,2593 1571,2574 1646,2602 1739,2571 1947,2603 1981,2582 2025,2615 2144,2572 2192,2585 2195,2520 2139,2548 2104,2518 1901,2532 1868,2503 1654,2523 1581,2501 1506,2532 1350,2484"/>
                <Baseline points="1355,2544 1396,2546 1438,2549 1479,2550 1521,2552 1563,2555 1604,2556 1646,2558 1687,2559 1729,2561 1771,2562 1812,2564 1854,2565 1895,2567 1937,2568 1979,2569 2020,2570 2062,2571 2103,2571 2145,2573 2187,2573"/>
                <TextEquiv>
                    <Unicode>Tauhe eines unehel. Kindes als ehelich für 2.</Unicode>
                </TextEquiv>
            </TextLine>
            <TextLine id="r2l30" custom="readingOrder {index:29;}">
                <Coords points="1348,2644 1541,2653 1590,2694 1647,2659 1698,2690 1758,2655 1889,2655 1950,2699 2164,2677 2167,2618 2073,2633 2005,2596 1952,2619 1877,2593 1776,2627 1725,2592 1643,2607 1557,2582 1514,2618 1462,2578 1351,2575"/>
                <Baseline points="1355,2628 1395,2630 1435,2633 1475,2635 1515,2637 1556,2639 1596,2641 1636,2643 1676,2645 1716,2646 1757,2648 1797,2649 1837,2651 1877,2652 1917,2654 1958,2655 1998,2657 2038,2658 2078,2660 2118,2661 2159,2663"/>
                <TextEquiv>
                    <Unicode>Stund un dar Hulteisten enbent. M. J. 54. 10.</Unicode>
                </TextEquiv>
            </TextLine>
            <TextLine id="r2l31" custom="readingOrder {index:30;} person {offset:8; length:5;}">
                <Coords points="1171,2726 1500,2726 1640,2787 1709,2738 1781,2741 1871,2785 1929,2752 2049,2770 2053,2686 1959,2708 1764,2658 1694,2707 1629,2676 1578,2710 1480,2669 1412,2698 1281,2651 1250,2677 1175,2633"/>
                <Baseline points="1179,2693 1222,2700 1265,2706 1308,2711 1351,2715 1395,2720 1438,2723 1481,2724 1524,2726 1567,2727 1611,2729 1654,2729 1697,2730 1740,2732 1783,2732 1827,2735 1870,2736 1913,2739 1956,2742 1999,2745 2043,2750"/>
                <TextEquiv>
                    <Unicode>Schund, Marna, v. Um, wegen Siebstahl. 10</Unicode>
                </TextEquiv>
            </TextLine>
            <TextLine id="r2l32" custom="readingOrder {index:31;} person {offset:14; length:14;} place {offset:37; length:8;}">
                <Coords points="1163,2788 1266,2827 1463,2815 1522,2865 1591,2825 1796,2859 2159,2855 2095,2772 1874,2813 1761,2766 1583,2785 1257,2731 1207,2753 1166,2721"/>
                <Baseline points="1169,2778 1218,2788 1267,2796 1316,2802 1365,2807 1415,2811 1464,2816 1513,2817 1562,2820 1611,2822 1661,2823 1710,2823 1759,2825 1808,2826 1857,2826 1907,2828 1956,2829 2005,2831 2054,2835 2103,2838 2153,2843"/>
                <TextEquiv>
                    <Unicode>Srebel Madten Caspar Leomans Fran im Obermord, begen</Unicode>
                </TextEquiv>
            </TextLine>
            <TextLine id="r2l33" custom="readingOrder {index:32;}">
                <Coords points="1384,2890 1409,2905 1454,2881 1498,2895 1542,2885 1588,2934 1652,2890 1711,2909 1736,2903 1741,2832 1684,2848 1634,2836 1613,2851 1569,2828 1522,2860 1498,2856 1464,2815 1389,2825"/>
                <Baseline points="1392,2862 1418,2867 1444,2870 1470,2874 1496,2877 1522,2879 1548,2879 1574,2882 1600,2882 1626,2884 1652,2885 1678,2886 1704,2888 1731,2891"/>
                <TextEquiv>
                    <Unicode>bösten Inzugs. 12.</Unicode>
                </TextEquiv>
            </TextLine>
            <TextLine id="r2l34" custom="readingOrder {index:33;}">
                <Coords points="1497,2934 1504,2934 1515,2941 1526,2943 1537,2934 1545,2935 1550,2931 1557,2931 1557,2880 1551,2880 1543,2886 1531,2889 1518,2885 1515,2889 1510,2889 1506,2885 1497,2887"/>
                <Baseline points="1503,2912 1551,2912"/>
                <TextEquiv>
                    <Unicode>6</Unicode>
                </TextEquiv>
            </TextLine>
            <TextEquiv>
                <Unicode>Stÿster Hans v. Bürrenrath, wegen ehelichen Ver¬
schlichtungen. 5s.
Rettenund Hans, v. Hennsbÿl, wegen diebstäh,
len. 446
Rüber, Cathama, v. Willistan, wegen Botterlastenung
18
Rühenacht, Hans im Rein bei Rechigen, begen Ver¬
kunhung eines ungeltigen Gültbruhs. 102.
Schallenberger, Madlena, Hans
Schlociegrubers Frau, wegen Zeeihuug ihres unehel¬
Kinds. 1.
zum Stem v. Jumstem.
Stierli, Cassan, der Kürster, v. Schaffhuesen, wird mit
dem hd verbiesten. 22
Schmidt
Geörg, gel Sirkh zu Kerzens, wegen Herrn
Reden. 3.
Sterchi, Anna, des Goldarberter Zuvers Fran be¬
gen zuvenloesten. 3.
allen
Andrens, vnd Dellach, wegen uischweifenden
böfen loben M. S. 236.
sigheidt
Gristen, v. Signan, wegen diebstahl. 5. 5. k.
Schloeckher, Anna, v. Enthelden, Jfark Horns fenn
wegen ihnem Lebloesten. 6.
Sumpfli
Otmar, ein Hönschemne, bird begen der
Tauhe eines unehel. Kindes als ehelich für 2.
Stund un dar Hulteisten enbent. M. J. 54. 10.
Schund, Marna, v. Um, wegen Siebstahl. 10
Srebel Madten Caspar Leomans Fran im Obermord, begen
bösten Inzugs. 12.
6</Unicode>
            </TextEquiv>
        </TextRegion>
    </Page>
</PcGts>
