1104 3054
118 139 1060 338 dißmahlen auch in banden ligt zugetragen,
108 227 1072 417 sölches nit nur abkaufft, sonders noch zu un
113 302 1064 461 diebstählen angewisen, habe auch alle mahl ein
100 372 1067 549 theyl von dem erlesten gäldt verbruchen und
94 453 1062 583 helffen, also daß er nit die minste ursach und
82 495 1064 650 bels seye, er gebe gebe auch aller handts
98 572 1061 720 und dieben statt und blatz, deßgleichen so habe
86 637 1060 773 vhmen winters sy die gefaugne irer zunate
108 690 1058 816 schafft beraubtt, vnd Sy also e reuerentere
97 753 1052 892 N. G zemelden) erstmahls zur Huren ger
88 816 1057 939 Neben dem So habe eben diser Liser einse
96 885 1055 1008 bare gnaumbe undtschafft gehapt, zu der de
84 942 1051 1058 zu thun ußgebrochnen falschen meützerin, der
85 1005 1057 1141 er dir zweiffel. ob glychwohl sy die gefangen
99 1062 1049 1202 so eigentlich darvon nit wüße ein theil gret
92 1125 1049 1257 schen gäldts abgenommen, vertriben, und so er esha
85 1196 1044 1309 wegen bringen mögen, die instrument, dar
74 1260 1052 1374 sy sich der banden ledig gemacht, wirt zugeschafftn
86 1322 1050 1442 haben. Es seye auch nit lang, das ir hinger
75 1373 1036 1502 te bruder Kiclaus Müller zwen ehri
74 1435 1048 1543 haffen, vndt etliches fleisch, so er und anch
73 1494 1042 1607 Stattler (welcher seitharo auch hingerichtet
78 1550 1040 1665 gestollen, ime diseren zugetragen und verkauf
73 1615 1036 1715 daß er aber ein sondere verstendtens mit derv
76 1661 1051 1792 gemelten falschen muntzerin ghan und noch h
75 1710 1039 1832 seye uß dem ab zunemen, daß dieselbe Ihme
77 1783 1033 1906 vindt verdinget, welches villeichter noch beyd
80 1853 1032 1952 seye, si die gefangne hat auch weiters angebten
68 1895 1030 2025 sy habe ein basen, die heiße Maria und sy
64 1954 1030 2083 ein guts zeith mit dem jenigen gesellen, welches
67 2035 1030 2139 den predicanten zu Münsingn so übel trac
62 2089 1022 2208 Hnnßwyß umbhar gezogen derselbige heiß
50 2152 1028 2269 Hanß Haßler und seye ein junger, starckher
50 2213 1029 2316 parteter man, trage ein blauws röckli w
50 2270 1018 2380 Wüllin hosen und ein hochen hut, halte sich mit
53 2325 1025 2439 theils by und under Burgdorff uff, er hal
51 2403 1022 2510 auch ein nuwen dägen by sich, und ira der g
42 2460 1015 2556 nenn umb etwas verdrießes willen, so er als
40 2511 1023 2612 gefaßet, darmit umbzebringen getröüwt, diße
47 2565 1017 2682 seye auch eben der dieb welcher sampt seine
44 2628 1022 2731 dirnen, daß verlohrne garn by der papir M
42 2687 1020 2800 gestollen etc. Dise ist zwey mahl fähr uffghen
35 2753 209 2817 worden.
34 2816 1010 2892 Disere ist mit ruten ußgeschmeitzt und mit dem eydt von
29 2878 969 2962 statt und landt verwisenen worden den 14. novimbris 1640.
1059 1562 1090 1610 d
