1150 3264
77 150 146 230 16.
176 152 1120 346 vonn dannen seyen sy gan Doring zu dem
153 214 1118 415 WirPshuß gangen, und habnit daselbsten
167 314 1133 472 ein maß wein getrunckhen inzwüschen
144 359 1135 529 seines gspanen Caspars er In den källen
156 453 1122 590 geschlichen, habe daruß einwysen leib
162 496 1133 673 brodt vnd ein Schabzig genomen, so sy
162 576 799 698 mit einanderen geeßen,
74 611 172 743 17.
162 636 1128 803 Underthalb Langnauw im Schachen, seye
154 725 1133 864 Müller zeiters tags in einen käller ganen
154 793 1128 926 und habs daruß leiben brodt und
169 850 857 976 1. Ancken ballen entragt.
71 971 153 1038 18.
173 923 1133 1096 dr signauw, alß sy samptlichen by einem
165 1027 1131 1145 buhren vbernacht gelegtn, seye er am me
161 1097 1132 1236 gen fruhe, In das fleischhuß gestigen, Vnd hat
155 1171 986 1287 ein niemen fleisch abgehauwen,
86 1232 1117 1384 19 zu Oberhoffen, habint sy nachts einen kalle
146 1333 1114 1448 vffgebrochen, darinen gnug Wyn getrin¬
165 1407 1119 1508 und zur letzi nach 3 leiben brodt, mit hi
158 1468 523 1580 weg genommen.
70 1541 1107 1678 20 zu Englispern, habindt sy nachts vnder ein
126 1633 1103 1739 Schwöllen, In ein gaden graben daruß
129 1694 1098 1809 habendt, sy ein Barken fleisch ein kube
150 1757 1118 1863 Voll Augken und 3 leiben brodt ent
138 1827 1105 1934 frömbdet, daß fleisch coßert einem kleine
131 1888 1103 2002 stucklin, so sy kachtt) hab nit sy einem Kran
140 1957 1102 2053 so innen uff der straß begegnet, umb
157 2019 1101 2130 E. h. kaufft, Vnd vß dem galdt wyßes mah
152 2091 1097 2185 kaufft, vnd den Anck darmit verbuechte
60 2157 1097 2267 21. by tanes im Feyburgr gepiet, seye er
123 2213 1101 2334 und sein gspan Caspar, abermahlene
151 2284 1107 2390 In einen Kaller gebrochtn und habindt der
140 2331 1095 2466 uß10 fl flachs, 5 leiben grodt, vndt
116 2426 833 2534 2. Angken ballen entrag
22 2458 1100 2641 22. Vnfehr von der Wägmülli, seye bei der la
121 2574 1085 2698 luterner, dyß genampt und der ander
127 2630 1080 2751 so fridlin heißt in einen Käller gebracht
73 2692 1088 2811 Vnd daruß 6. Käsen, 4. Angkenballen
1036 2755 1081 2848 s
96 2778 1043 2879 Vnd ein Kubevoll Augken genomen,
115 2795 1087 2956 aber habe ußerthalb gewartet den einen
110 2856 1083 3025 habnit sy mit einanderen geeßen und dens
99 2966 662 3098 zu Staffißburg verkaufft.
