2448 3264
238 180 1251 429 dem koch inn die abere gfangenschafft füren, sy gegen
247 248 1281 475 einanderen nochmalenen haltenn, vnd mit betröuwen
252 296 1263 501 der marten eramimrenn solle, das ist volgenten
258 355 1275 566 ouch den 12. julii 1641 durch h Jacob Genser deß
252 395 1264 607 kleinen hr Abraham Gut deß großen rahts und h
233 466 1249 653 Feronimus grühenriet, Aman deß rachthuses
240 540 1255 720 beschechenn. Weiln aber Jede partey by so wol
244 599 1255 781 die anslagteals anclagende, als die beclagte, bi
230 657 1265 859 iren meinung styff verharreten haben inge byß
227 739 1246 916 beschaffnen dingeren hierrüber kein andere Vrtheil
230 801 1270 978 fellenn, sonders diß alles dem liebenn Gott vnd der
220 877 1259 1052 Zyth heimb setzenn wollenn, dann das sy die partey
201 950 1265 1120 widerumb für chorgricht gewisenn, alwo sy einen
197 1008 1276 1162 widerauff thun müßene und sind darnach widerumb
217 1098 1269 1258 mit einanderen heimbgezogen den 16. julii 1641.
229 1263 1141 1381 Hans krebs ab der Löüweren der
490 1345 896 1437 Kilch�ri Wichtrach.
175 1396 1271 1566 Nach dem derselbe anklagt worden, als sölte er allerlich
206 1486 1273 1599 ful umbschweiffendes bätelgesindt, schehmen vnd dieb
211 1574 1269 1660 einzeuchenn, mit Inen Ire gestolnen sachenn misen,
205 1605 1268 1723 und also noch vernerenn anlas zum stälenn geben, haben
199 1684 1250 1777 inght inne gfengeklich ynzeüchenn und volgents den
203 1755 1243 1847 16. julii 1641 durch h Sammel Hans Bürhi vom
190 1781 1258 1911 rath, Hr Hanß Jacob Bucher und h Amman von Gra
193 1877 1270 1963 fenriet, eraminierenn laßenn, der hat sich nun hier¬
215 1911 1240 2010 eubar also versprechenn. Er wone an einem ab orth
212 1986 1250 2087 und habe ein klein unußgebürrenn hüßli, daß seye an
206 2055 1255 2138 gegenn der Büni gantz offenn, also das by der nacht imme
202 2138 1249 2203 und seinem gesund unwüstent, ein jeder möntsich dan
210 2193 1239 2263 selbst hinuff stygenn und sich alda lägeren möge, nun
194 2241 1275 2315 habe es sich begebenn das vor etws Zeits, dem Seckelnt
177 2300 1267 2386 Wicl zu Wichtrach durch etliche bäse bubenn einen gen
174 2379 1254 2445 bruch beschechenn, vnd Zimlich vil gestolen wordenn,
169 2415 1269 2506 denen habe er nachsetzene laßenn, und als sy zu sy kretse
168 2479 1236 2583 hußkommen, habint sy ein stuck schwynin fleisch, so im
170 2526 1264 2655 höüw verborgene glegenen, funden und hiemit geschloßen
165 2597 1230 2715 er habe die thäter beherberget und sye deß diebstals
158 2656 1243 2789 heithafftig worden, danenhar sye er inn disen argiern
140 2706 1264 2860 gefallen, im sye aber unrecht beschechen, zwar möchtent diß
138 2781 1219 2915 dieben wol uff synem houe ubernacht glegen syn und
146 2840 1246 2985 das stürk fleisch dorten ergestenen habenn, er habe aber von
131 2901 1258 3045 denselbenn nüt gwäßt. Obemmestig seye es im auch vo
138 2942 1257 3106 etwas tagenn mit Maritz Schnyder, so auch uff syner büren
140 3021 1262 3188 gfangen worden gangen, der selbe sye auch nichts (imme und dem synig
132 3086 1236 3239 unrküstent) daruff gestigen und nach dem man denselben
1318 70 2411 310 rüber und befragt, Wat er hüttuheb gweüser
1335 123 2413 339 helte bekent, vnd Inr Krebsten deßhalben allerdung
1326 165 2364 415 gschragenn. Also das er daroüber uff ein ernstliche
1317 228 2406 457 manung hin, sölliches schellmen gsint nit mehr zebeher¬
1316 272 2393 514 tag, auch sein büni dergstalten zeuerwonen, das sy nit also
1314 341 2388 572 richtlich daruff stygen konnent, widerumb ledig und uff
1305 405 2300 641 seynn fus gestelt worden den 15 julii 1641
