2448 3264
348 225 1180 426 mitt obiger hilff, hab nit sy in einem
352 324 1205 517 uß einem hauß der stucki fleysch
361 388 1203 597 uß einem haffen genommten, so sy grofen
342 469 783 582 angent geeßen.
314 563 1187 755 Item us einem hauß zu Mari ein leib
358 672 1199 818 brodt, der sy gleichfahlß genoßer
326 795 1192 965 Desoelben gleichen vff den kurkenber
353 902 1168 1032 us einem schafft 4 ancken bällen.
350 1015 1181 1174 dene im buchholferbergen ein halbe bachen
347 1101 1192 1218 fleisig, so sy uff dem farenberg umb
353 1160 1195 1296 1 verkaufft und daß gelt gethelt
356 1317 1203 1445 zu Solothurn habe er ein zag einem krenen
350 1398 1089 1513 ein glozet nestell genommen.
338 1494 1179 1630 zu Burgdorff mit hoff deß vilge¬
360 1594 1134 1704 sagten Fridlin� dirnen ein ancken
359 1671 520 1750 ballen
321 1735 1180 1872 Eben mit disers zridlinß
345 1810 1192 1933 Hoff zu Solothurn einem pauren 4bz
345 1893 916 2013 us dden hoßf genommen.
323 1977 1160 2113 Desogleichn mit demselben, vnd des
345 2069 1098 2184 vortigen Marizen habe er bey der
350 2111 1121 2270 Senstembrunk 4 ell rystin tuch
352 2215 704 2328 neinen helffen
337 2245 1179 2432 Vndt gleich anethalb der bruck, vß
341 2362 1158 2479 einem faller so fridlin uffgethan
339 2437 699 2588 4 leiben brott.
301 2508 1194 2710 So hab nit sy heiters tags zu Bürpki
340 2573 1181 2735 in einer stuben einen trag uffgebrochen
328 2683 1166 2813 und daruß 4 hembder und ein
312 2717 1165 2907 par wulhof den genommen, so sy
2220 69 2305 151 20
1341 185 2269 485 eent ist
1330 322 1980 539 ndtah etehelt
1313 392 2223 660 dn e  auben
1325 456 2266 706 dagenst aiet der neüwenbruck uß
1339 550 2259 755 einem faller drey laßen genommen,
1318 595 2258 838 As im Heymberg umb a  veren.
1342 673 2189 891 kaufft darvon ihme  verworden.
1328 768 2244 974 Vernerst habe er her dagen und mut
1311 865 2253 1084 zu Wyleroltungen u� einem trag 2.
1364 918 2277 1089 genommen, darvon ihme doch nit mehr
1359 1028 1801 1182 duß gletten worden.
1334 1108 2275 1307 zu dießbach habe er mit hilff gesagten
1315 1203 2178 1355 Marihen ab einer halen 2 würst
1353 1334 1545 1412 genommen.
1353 1394 2133 1530 Vndt zu Staffißburg uß einen
1346 1474 2367 1602 Küller zwen käßen, so sy mit einanderen
1353 1555 1522 1649 genoßen.
1310 1695 2308 1832 Do habeit sy drey im Freyburger geg
1349 1768 2181 1901 pat ein schlëchten hauß tuchmen roch
1343 1847 2220 1971 darinen sy funfftbatt gesunden.
1353 1906 2292 2057 entfroubdet den reck habmne sy her¬
1358 1985 2026 2144 nach umb 8 brtf verkaufft
1339 2098 2291 2270 zu Dießbach habe marc und er 4 ell
1344 2184 2385 2388 zwilcke genommen, so sy hernach umb 4 bazen
1370 2257 1607 2373 verkaufft.
1360 2366 2339 2553 mit gleicheshoff und Hans Hoffers hab nit
1367 2439 2298 2620 sy zu mMur einen bauren 15 so ß
1360 2505 2046 2662 langenz getheilt genommen.
1330 2606 2277 2836 Do habe er und vilanzogner Marih zu
1377 2691 2268 2889 viel einem kramer zwei nider hatt ge¬
1382 2774 1584 2866 nommen.
