1156 2986
28 0 1031 295 sehe ee e
22 67 1065 382 getgent er ad
32 157 1068 439 inkhut, welche er hörsch biß nach fryberg
18 213 1073 515 tuben helffen, alwo sy bemelten Breith
10 306 1076 620 g d enesd
32 446 951 670 onenzugestelt, Also seye es ergangen
17 467 1059 735 E seye Ihm aber dise that von hertzen leid,
11 566 1018 821 hatte derowegen, den lieben Hott, vnd
23 643 996 865 mein g herren und oberen umb gnad
3 849 309 958 ußzeiching.
9 926 1068 1100 Dißer ist mit dem eydt von ir g staltz
2 985 1090 1184 und landt verwisen worden, den 1. octob 1690
125 1709 982 1860 va Rurhner von Seenngkosfen,
153 1816 777 1934 uß des vogtey Bichegg.
27 1889 1064 2045 Dchdem kurtz sruckten tagen zwo manß per¬
18 1974 1033 2088 sonen, zu Nides doffen, einem geweßen pauren
1 2040 1030 2172 daßelbsten in das hußgangen, ein schäfftli geg
26 2122 1064 2247 ösfent und etwas sachen daruff alß napper
33 2184 1034 2295 cheröttysen, vnd dergleichen Instrument
32 2248 1046 2384 haruß genommen, darob sy aber kragt
26 2300 983 2437 entluffen, vnd dargegen Ena Kursener
28 2385 1011 2505 bürtig von Nengkhaffen, uß der Vogtey
9 2450 1010 2580 Buchegg, deß unlangist mit dem strangen
34 2518 1043 2657 alhie hingerichteten michtl Wältins gewesen
34 2588 1039 2716 shewyb, welche mit dem obgedachten zweyen
35 2653 1038 2764 maußpersonen, darunder der eine ein keßler
40 2726 1055 2836 so hannßheißen und ju stieff schwager wys, da
37 2779 1040 2898 hee nach Nider doffenkomen, vnd Ien in des
47 2846 992 2979 gaßen vff einem holtz gewartet, gsercklich
742 2915 824 2994 6
