<?xml version="1.0" encoding="UTF-8" standalone="yes"?>
<PcGts xmlns="http://schema.primaresearch.org/PAGE/gts/pagecontent/2013-07-15" xmlns:xsi="http://www.w3.org/2001/XMLSchema-instance" xsi:schemaLocation="http://schema.primaresearch.org/PAGE/gts/pagecontent/2013-07-15 http://schema.primaresearch.org/PAGE/gts/pagecontent/2013-07-15/pagecontent.xsd">
    <Metadata>
        <Creator>prov=University of Rostock/Institute of Mathematics/CITlab|PLANET AI GmbH/Gundram Leifert/gundram.leifert@planet-ai.de:name=German_Kurrent_XVI-XVIII_M1(htr_id=19584)::::v=2.6.7
prov=University of Rostock/Institute of Mathematics/CITlab|PLANET AI GmbH/Tobias Gruening/tobias.gruening@planet-ai.de:name=de.uros.citlab.module.baseline2polygon.B2PSeamMultiOriented:v=2.6.7
prov=University of Rostock/Institute of Mathematics/CITlab|PLANET AI GmbH/Tobias Gruening/tobias.gruening@planet-ai.de:name=/net_tf/LA73_249_0mod360.pb:de.uros.citlab.segmentation.CITlab_LA_ML:v=2.6.7
Transkribus</Creator>
        <Created>2020-10-05T21:58:24.675+02:00</Created>
        <LastChange>2022-09-09T15:46:52.512+02:00</LastChange>
        <TranskribusMetadata docId="1334821" pageId="52360491" pageNr="106" tsid="114642254" status="IN_PROGRESS" userId="9570" imgUrl="https://files.transkribus.eu/Get?id=YFUOZTKNHKUQIAPLOBNERHBC&amp;fileType=view" xmlUrl="https://files.transkribus.eu/Get?id=OJETSPJIPLTYCBIEGIRLNFTW" imageId="16091843"/>
    </Metadata>
    <Page imageFilename="IMG_9119.jpg" imageWidth="1149" imageHeight="2989">
        <ReadingOrder>
            <OrderedGroup id="ro_1687513769215" caption="Regions reading order">
                <RegionRefIndexed index="0" regionRef="r1"/>
            </OrderedGroup>
        </ReadingOrder>
        <TextRegion orientation="0.0" id="r1" custom="readingOrder {index:0;}">
            <Coords points="21,50 21,2914 1089,2914 1089,50"/>
            <TextLine id="r1l1" custom="readingOrder {index:0;}">
                <Coords points="982,111 998,104 1013,87 1037,90 1066,81 1077,91 1084,90 1077,32 1063,37 1022,36 999,64 976,65"/>
                <Baseline points="985,85 1015,81 1045,77 1075,75"/>
                <TextEquiv>
                    <Unicode>79</Unicode>
                </TextEquiv>
            </TextLine>
            <TextLine id="r1l2" custom="readingOrder {index:1;} person {offset:0; length:12;} place {offset:17; length:8;}">
                <Coords points="81,352 430,241 486,264 705,199 829,225 878,174 1059,150 1068,89 612,127 443,216 369,204 312,246 214,243 170,289 67,285"/>
                <Baseline points="87,347 136,330 185,314 234,299 283,286 333,273 382,261 431,249 480,239 529,228 579,219 628,209 677,201 726,192 775,184 825,175 874,167 923,159 972,150 1021,142 1071,133"/>
                <TextEquiv>
                    <Unicode>Hhans Müller von Ettißwyl, dieuor</Unicode>
                </TextEquiv>
            </TextLine>
            <TextLine id="r1l3" custom="readingOrder {index:2;}">
                <Coords points="43,463 117,403 163,409 225,352 274,357 342,329 375,339 435,308 462,311 445,250 242,313 204,309 165,338 149,330 94,380 69,372 27,411"/>
                <Baseline points="40,430 65,417 91,405 117,393 143,382 169,373 194,364 220,356 246,349 272,342 298,335 323,329 349,323 375,317 401,311 427,304 453,298"/>
                <TextEquiv>
                    <Unicode>gent</Unicode>
                </TextEquiv>
            </TextLine>
            <TextLine id="r1l4" custom="readingOrder {index:3;}">
                <Coords points="49,379 55,378 58,373 68,373 69,371 78,376 87,364 97,359 92,330 84,331 74,326 61,343 55,342 51,348 43,350"/>
                <Baseline points="53,367 90,360"/>
                <TextEquiv>
                    <Unicode></Unicode>
                </TextEquiv>
            </TextLine>
            <TextLine id="r1l5" custom="readingOrder {index:4;}">
                <Coords points="34,538 201,452 668,333 859,306 928,334 982,282 1067,273 1077,214 685,278 493,353 423,329 257,356 23,489"/>
                <Baseline points="35,511 87,491 139,472 191,454 244,438 296,423 348,409 401,395 453,383 505,372 558,360 610,350 662,340 714,330 767,320 819,310 871,301 924,291 976,282 1028,271 1081,261"/>
                <TextEquiv>
                    <Unicode>vitgeedtigen</Unicode>
                </TextEquiv>
            </TextLine>
            <TextLine id="r1l6" custom="readingOrder {index:5;}">
                <Coords points="44,572 139,522 214,543 246,499 428,439 580,450 634,407 780,391 832,413 864,373 1056,341 1044,284 927,336 842,309 790,364 670,335 448,423 354,413 37,541"/>
                <Baseline points="48,560 100,539 153,520 205,503 258,488 310,473 363,461 416,449 468,438 521,427 573,418 626,408 678,399 731,390 784,381 836,372 889,362 941,352 994,341 1047,330"/>
                <TextEquiv>
                    <Unicode>vndt, müeßiggehend labens willen, In das</Unicode>
                </TextEquiv>
            </TextLine>
            <TextLine id="r1l7" custom="readingOrder {index:6;}">
                <Coords points="47,643 185,572 298,589 364,527 470,504 995,441 1046,424 1034,360 949,399 878,370 782,427 741,407 531,459 430,438 403,474 336,471 145,562 104,539 36,589"/>
                <Baseline points="49,616 98,598 147,581 196,567 246,552 295,540 344,528 394,517 443,507 492,497 542,487 591,479 640,471 689,463 739,455 788,447 837,439 887,431 936,422 985,413 1035,404"/>
                <TextEquiv>
                    <Unicode>halte wurch geschuidt, vnd doch gleich hernach</Unicode>
                </TextEquiv>
            </TextLine>
            <TextLine id="r1l8" custom="readingOrder {index:7;}">
                <Coords points="50,703 314,598 446,618 507,565 628,540 908,494 1031,515 1098,488 1086,424 689,506 615,484 441,556 36,631"/>
                <Baseline points="50,672 104,656 159,640 214,625 268,611 323,598 378,586 432,574 487,563 542,552 596,542 651,533 706,524 760,515 815,507 870,499 924,492 979,485 1034,478 1089,472"/>
                <TextEquiv>
                    <Unicode> shoffende beßerung hin widerumb ledig ge¬</Unicode>
                </TextEquiv>
            </TextLine>
            <TextLine id="r1l9" custom="readingOrder {index:8;}">
                <Coords points="37,753 228,671 543,624 611,647 809,567 956,562 1014,597 1060,568 1050,516 918,496 811,554 719,526 448,619 312,601 247,652 29,709"/>
                <Baseline points="39,733 89,717 139,703 190,689 240,677 291,665 341,655 391,645 442,635 492,626 543,617 593,609 643,602 694,593 744,586 795,578 845,570 895,562 946,554 996,545 1047,536"/>
                <TextEquiv>
                    <Unicode>ahen worden, aalß er aber letstlichen mit dem</Unicode>
                </TextEquiv>
            </TextLine>
            <TextLine id="r1l10" custom="readingOrder {index:9;} person {offset:12; length:5;}">
                <Coords points="31,818 154,760 609,671 843,637 900,665 1047,612 1037,555 843,615 728,588 482,674 227,672 22,769"/>
                <Baseline points="33,793 83,777 133,763 183,751 234,738 284,727 334,717 385,706 435,697 485,689 536,681 586,673 636,665 686,658 737,650 787,643 837,635 888,627 938,619 988,611 1039,602"/>
                <TextEquiv>
                    <Unicode>vngedachten Walti (wie derselbe dan schon</Unicode>
                </TextEquiv>
            </TextLine>
            <TextLine id="r1l11" custom="readingOrder {index:10;}">
                <Coords points="37,860 417,771 528,789 687,716 774,741 998,676 1064,712 1096,694 1083,619 894,668 838,638 733,690 614,674 575,718 507,696 468,735 228,742 30,820"/>
                <Baseline points="41,844 93,831 145,818 197,806 249,794 301,784 353,773 406,763 458,754 510,746 562,736 614,728 666,720 718,713 771,705 823,697 875,690 927,683 979,675 1031,668 1084,661"/>
                <TextEquiv>
                    <Unicode>kundt)sampt einem drst man, dem Aman</Unicode>
                </TextEquiv>
            </TextLine>
            <TextLine id="r1l12" custom="readingOrder {index:11;} place {offset:2; length:10;}">
                <Coords points="34,923 189,868 289,902 350,842 432,863 729,778 1085,768 1072,687 976,682 780,753 666,722 530,790 327,786 208,842 24,859"/>
                <Baseline points="37,901 88,889 140,878 192,866 244,856 296,846 347,836 399,828 451,819 503,811 555,803 606,796 658,789 710,781 762,774 814,768 865,761 917,755 969,748 1021,742 1073,736"/>
                <TextEquiv>
                    <Unicode>z Oberhinige zubrächen, vndt demselben zwen</Unicode>
                </TextEquiv>
            </TextLine>
            <TextLine id="r1l13" custom="readingOrder {index:12;}">
                <Coords points="35,978 196,931 259,968 422,893 576,919 637,858 769,887 834,832 1000,817 991,757 899,764 852,800 729,779 588,847 494,827 445,869 292,898 177,870 113,910 23,897"/>
                <Baseline points="39,962 86,951 134,941 181,931 229,923 277,913 324,905 372,896 420,888 467,881 515,873 563,867 610,860 658,853 706,847 753,840 801,834 849,828 896,822 944,816 992,809"/>
                <TextEquiv>
                    <Unicode>Ambarthen 4 hannen schwyumn fleisch, etliche</Unicode>
                </TextEquiv>
            </TextLine>
            <TextLine id="r1l14" custom="readingOrder {index:13;}">
                <Coords points="37,1062 201,988 395,990 857,887 1084,876 1077,816 723,891 636,858 575,918 364,909 257,967 178,938 26,988"/>
                <Baseline points="37,1017 89,1008 141,1000 193,992 245,984 297,975 349,967 401,960 453,952 505,944 557,936 609,929 661,922 713,914 765,906 817,899 869,891 921,884 973,876 1025,869 1077,861"/>
                <TextEquiv>
                    <Unicode>vin hußtuch, 3 weyberrorkh und 1 sichwarte</Unicode>
                </TextEquiv>
            </TextLine>
            <TextLine id="r1l15" custom="readingOrder {index:14;}">
                <Coords points="37,1109 156,1056 463,1013 626,1037 742,986 790,1011 835,963 1085,934 1076,868 959,881 923,926 813,916 765,957 677,925 634,959 562,944 455,1000 202,989 30,1059"/>
                <Baseline points="39,1076 93,1067 148,1058 203,1049 257,1041 312,1033 367,1025 421,1018 476,1011 531,1004 585,997 640,990 695,983 749,977 804,969 859,962 913,955 968,947 1023,939 1078,931"/>
                <TextEquiv>
                    <Unicode>mantel entfrämbden helffen, seyen sy beid nam</Unicode>
                </TextEquiv>
            </TextLine>
            <TextLine id="r1l16" custom="readingOrder {index:15;} person {offset:0; length:9;} place {offset:21; length:9;}">
                <Coords points="40,1158 298,1095 404,1127 485,1086 554,1109 616,1063 729,1088 1058,1017 1052,974 932,998 859,961 781,1018 463,1013 332,1065 82,1073 35,1112"/>
                <Baseline points="44,1133 94,1124 144,1115 194,1107 245,1098 295,1091 345,1084 396,1078 446,1072 496,1066 547,1061 597,1056 647,1051 697,1045 748,1040 798,1035 848,1030 899,1024 949,1019 999,1013 1050,1007"/>
                <TextEquiv>
                    <Unicode>li Mältin, vnd er zu Wichprach ergrisfen, das</Unicode>
                </TextEquiv>
            </TextLine>
            <TextLine id="r1l17" custom="readingOrder {index:16;}">
                <Coords points="44,1230 83,1193 182,1217 372,1139 624,1116 703,1147 799,1108 978,1132 1029,1108 1019,1023 934,1067 612,1075 316,1133 252,1105 36,1162"/>
                <Baseline points="46,1195 94,1187 143,1178 191,1170 240,1163 289,1156 337,1149 386,1143 435,1136 483,1130 532,1125 581,1120 629,1115 678,1110 727,1105 775,1102 824,1097 873,1094 921,1090 970,1087 1019,1084"/>
                <TextEquiv>
                    <Unicode>gller zug innen widerumb abgenomen, sy</Unicode>
                </TextEquiv>
            </TextLine>
            <TextLine id="r1l18" custom="readingOrder {index:17;}">
                <Coords points="37,1279 308,1218 464,1242 554,1189 763,1165 933,1199 1064,1126 861,1112 797,1146 744,1119 708,1153 549,1125 507,1168 30,1210"/>
                <Baseline points="41,1253 91,1244 142,1236 193,1229 244,1221 295,1214 346,1209 397,1203 448,1198 499,1193 550,1188 600,1184 651,1180 702,1176 753,1172 804,1168 855,1164 906,1160 957,1157 1008,1153 1059,1148"/>
                <TextEquiv>
                    <Unicode>vnd gefeücklich alhar gefürth, und wyl sy do¬</Unicode>
                </TextEquiv>
            </TextLine>
            <TextLine id="r1l19" custom="readingOrder {index:18;}">
                <Coords points="39,1320 182,1287 265,1313 308,1269 448,1261 557,1295 592,1257 1032,1219 1059,1190 984,1167 812,1213 615,1181 465,1241 311,1228 36,1282"/>
                <Baseline points="44,1301 94,1295 145,1288 195,1282 246,1276 296,1271 347,1266 397,1262 448,1257 498,1253 549,1249 599,1244 650,1241 700,1237 751,1233 801,1229 852,1225 902,1221 953,1217 1003,1212 1054,1207"/>
                <TextEquiv>
                    <Unicode>sohlen ungeacht der an sy gewendten marter</Unicode>
                </TextEquiv>
            </TextLine>
            <TextLine id="r1l20" custom="readingOrder {index:19;}">
                <Coords points="32,1375 226,1387 324,1333 448,1358 586,1310 644,1345 701,1290 846,1278 973,1315 1076,1243 887,1221 706,1281 446,1295 393,1267 267,1317 222,1288 145,1327 26,1318"/>
                <Baseline points="37,1365 88,1358 140,1352 192,1345 243,1339 295,1333 347,1328 398,1323 450,1318 502,1314 554,1309 605,1305 657,1300 709,1296 760,1291 812,1287 864,1282 915,1278 967,1273 1019,1268 1071,1263"/>
                <TextEquiv>
                    <Unicode>anders mit alß etliche geringe diebstäl be¬</Unicode>
                </TextEquiv>
            </TextLine>
            <TextLine id="r1l21" custom="readingOrder {index:20;}">
                <Coords points="32,1430 314,1390 455,1423 573,1374 786,1357 851,1398 1035,1350 1029,1283 912,1324 847,1278 716,1343 588,1314 390,1369 278,1347 225,1387 28,1375"/>
                <Baseline points="38,1419 87,1413 136,1408 186,1403 235,1398 285,1393 334,1389 384,1385 433,1381 483,1377 532,1373 581,1369 631,1366 680,1362 730,1359 779,1356 829,1351 878,1348 928,1345 977,1341 1027,1337"/>
                <TextEquiv>
                    <Unicode>kandt, widerumb in das schällen warckh geschmit</Unicode>
                </TextEquiv>
            </TextLine>
            <TextLine id="r1l22" custom="readingOrder {index:21;}">
                <Coords points="27,1475 183,1457 273,1495 356,1448 422,1474 595,1426 637,1463 697,1432 734,1461 785,1425 1005,1420 1002,1370 851,1398 781,1360 610,1413 362,1431 312,1390 24,1422"/>
                <Baseline points="33,1467 81,1464 129,1461 177,1457 226,1455 274,1451 322,1448 370,1445 419,1441 467,1438 515,1435 563,1432 612,1430 660,1427 708,1425 756,1423 805,1420 853,1419 901,1417 949,1416 998,1415"/>
                <TextEquiv>
                    <Unicode>worden, uß welchem er hernach entlossen, die</Unicode>
                </TextEquiv>
            </TextLine>
            <TextLine id="r1l23" custom="readingOrder {index:22;}">
                <Coords points="27,1541 1042,1485 1039,1434 991,1455 924,1419 850,1455 782,1426 733,1462 698,1431 646,1469 592,1424 382,1487 24,1482"/>
                <Baseline points="33,1520 83,1518 133,1516 183,1514 233,1511 283,1508 333,1505 383,1503 433,1500 483,1496 534,1493 584,1490 634,1487 684,1484 734,1482 784,1480 834,1478 884,1476 934,1475 984,1474 1035,1474"/>
                <TextEquiv>
                    <Unicode>Ien Ketden so er angehaft, drunde Im</Unicode>
                </TextEquiv>
            </TextLine>
            <TextLine id="r1l24" custom="readingOrder {index:23;}">
                <Coords points="28,1597 156,1622 275,1570 709,1548 800,1588 932,1542 1072,1584 1068,1496 880,1517 809,1479 643,1532 579,1502 411,1545 294,1514 25,1538"/>
                <Baseline points="33,1580 84,1578 136,1576 187,1573 239,1570 290,1568 342,1565 393,1562 445,1559 496,1556 548,1553 599,1550 651,1548 702,1546 754,1544 805,1542 857,1541 908,1541 960,1541 1011,1542 1063,1543"/>
                <TextEquiv>
                    <Unicode>Wyles by der aaren mit steinen uffgeschlagen,</Unicode>
                </TextEquiv>
            </TextLine>
            <TextLine id="r1l25" custom="readingOrder {index:24;}">
                <Coords points="30,1645 239,1666 309,1629 449,1652 588,1616 642,1650 784,1647 889,1608 1073,1608 912,1559 763,1594 650,1556 572,1589 531,1559 473,1605 373,1577 156,1622 28,1597"/>
                <Baseline points="37,1637 88,1636 140,1634 191,1633 243,1630 294,1628 346,1625 397,1623 449,1620 500,1617 552,1615 603,1612 655,1610 706,1608 758,1606 809,1605 861,1604 912,1603 964,1603 1015,1604 1067,1605"/>
                <TextEquiv>
                    <Unicode>vnd dorten ligen laßen, Denhalßrung aber,</Unicode>
                </TextEquiv>
            </TextLine>
            <TextLine id="r1l26" custom="readingOrder {index:25;}">
                <Coords points="29,1706 1079,1677 1076,1601 896,1652 650,1651 588,1615 444,1662 357,1629 240,1667 27,1647"/>
                <Baseline points="35,1688 86,1688 138,1688 190,1687 242,1686 294,1685 346,1683 397,1681 449,1679 501,1677 553,1675 605,1672 657,1670 709,1669 760,1667 812,1666 864,1665 916,1665 968,1665 1020,1666 1072,1667"/>
                <TextEquiv>
                    <Unicode>habs Ime ein frauw, welche an einem aborth</Unicode>
                </TextEquiv>
            </TextLine>
            <TextLine id="r1l27" custom="readingOrder {index:26;}">
                <Coords points="29,1764 304,1748 352,1780 466,1752 517,1785 757,1724 1072,1730 1039,1682 926,1713 28,1707"/>
                <Baseline points="35,1740 86,1742 138,1745 189,1746 241,1746 292,1746 344,1745 395,1744 447,1742 498,1741 550,1738 601,1736 653,1734 704,1732 756,1730 807,1729 859,1727 910,1727 962,1726 1013,1727 1065,1728"/>
                <TextEquiv>
                    <Unicode>Im Buchli warhafft seye und ein armen alt</Unicode>
                </TextEquiv>
            </TextLine>
            <TextLine id="r1l28" custom="readingOrder {index:27;}">
                <Coords points="27,1810 262,1836 392,1812 453,1842 616,1804 678,1837 750,1788 856,1831 928,1807 980,1830 978,1738 900,1734 849,1767 784,1735 518,1783 459,1754 378,1789 307,1752 243,1786 27,1785"/>
                <Baseline points="33,1796 82,1799 131,1801 181,1803 230,1803 280,1803 329,1803 378,1802 428,1800 477,1798 527,1796 576,1794 626,1792 675,1791 724,1789 774,1788 823,1788 873,1788 922,1789 972,1790"/>
                <TextEquiv>
                    <Unicode>anne man habe uß forcht daß imfahl</Unicode>
                </TextEquiv>
            </TextLine>
            <TextLine id="r1l29" custom="readingOrder {index:28;}">
                <Coords points="29,1853 284,1893 574,1865 650,1903 785,1852 949,1908 988,1871 1081,1873 1049,1823 971,1840 918,1808 867,1841 773,1798 706,1840 593,1805 452,1845 224,1812 29,1832"/>
                <Baseline points="35,1851 89,1854 144,1857 199,1858 253,1859 308,1860 363,1860 417,1860 472,1859 527,1859 581,1858 636,1857 691,1857 745,1857 800,1857 855,1858 909,1859 964,1861 1019,1864 1074,1867"/>
                <TextEquiv>
                    <Unicode>Weigerens jra nit etwas ergers widrfahre</Unicode>
                </TextEquiv>
            </TextLine>
            <TextLine id="r1l30" custom="readingOrder {index:29;}">
                <Coords points="26,1913 326,1947 650,1915 698,1959 765,1923 1071,1933 1072,1874 949,1909 881,1868 705,1865 591,1905 27,1871"/>
                <Baseline points="33,1908 84,1911 136,1913 187,1915 239,1916 291,1917 342,1917 394,1918 445,1918 497,1918 549,1918 600,1918 652,1919 703,1919 755,1920 807,1921 858,1922 910,1924 961,1926 1013,1929 1065,1932"/>
                <TextEquiv>
                    <Unicode>wil er iro dann daruon angedeütet, mit</Unicode>
                </TextEquiv>
            </TextLine>
            <TextLine id="r1l31" custom="readingOrder {index:30;}">
                <Coords points="27,1978 104,2008 187,1978 237,2025 564,1987 679,2023 788,1985 1041,2008 1042,1967 777,1926 699,1958 598,1923 420,1920 356,1960 148,1919 28,1941"/>
                <Baseline points="33,1966 83,1970 133,1973 183,1976 233,1977 283,1979 333,1979 383,1979 433,1979 483,1979 534,1979 584,1979 634,1979 684,1979 734,1979 784,1980 834,1982 884,1985 934,1988 984,1992 1035,1997"/>
                <TextEquiv>
                    <Unicode>eines fer so sy im huß gesapt, abgefeilet won</Unicode>
                </TextEquiv>
            </TextLine>
            <TextLine id="r1l32" custom="readingOrder {index:31;} place {offset:21; length:10;}">
                <Coords points="16,2033 307,2080 502,2048 537,2078 579,2044 650,2087 701,2044 927,2077 1078,2052 1078,2005 586,2028 446,1992 391,2028 17,1978"/>
                <Baseline points="22,2022 74,2026 126,2031 179,2034 231,2037 284,2039 336,2040 389,2041 441,2042 494,2042 546,2042 598,2042 651,2042 703,2043 756,2043 808,2043 861,2044 913,2045 966,2047 1018,2049 1071,2052"/>
                <TextEquiv>
                    <Unicode>dannen seye er gegen Sollothurn gangen, daßelbst</Unicode>
                </TextEquiv>
            </TextLine>
            <TextLine id="r1l33" custom="readingOrder {index:32;}">
                <Coords points="18,2103 378,2134 621,2112 669,2144 943,2101 1071,2137 1073,2062 769,2050 667,2086 583,2047 405,2089 368,2059 20,2043"/>
                <Baseline points="25,2078 77,2084 129,2088 181,2092 233,2094 285,2097 337,2098 389,2099 441,2100 493,2100 545,2101 597,2101 649,2101 701,2101 753,2102 805,2103 857,2104 909,2106 961,2108 1013,2113 1065,2117"/>
                <TextEquiv>
                    <Unicode>habe ersein fu: Alßin sein Schwoster, vnd den</Unicode>
                </TextEquiv>
            </TextLine>
            <TextLine id="r1l34" custom="readingOrder {index:33;} person {offset:11; length:12;}">
                <Coords points="28,2151 150,2186 253,2157 309,2190 493,2161 558,2205 660,2167 692,2194 904,2162 1014,2182 1016,2119 958,2149 846,2102 662,2145 481,2104 234,2136 30,2089"/>
                <Baseline points="35,2135 83,2140 132,2144 180,2148 229,2151 278,2153 326,2154 375,2156 424,2157 472,2157 521,2158 570,2158 618,2159 667,2160 716,2160 764,2161 813,2163 862,2164 910,2166 959,2169 1008,2172"/>
                <TextEquiv>
                    <Unicode>rgedachten michtl Wälti angetroffen mit</Unicode>
                </TextEquiv>
            </TextLine>
            <TextLine id="r1l35" custom="readingOrder {index:34;}">
                <Coords points="14,2194 178,2241 227,2207 351,2244 391,2215 438,2254 676,2218 1027,2263 1080,2250 1082,2213 1006,2217 910,2162 691,2195 558,2153 426,2198 16,2156"/>
                <Baseline points="21,2192 73,2197 126,2202 178,2207 231,2209 284,2212 336,2214 389,2215 441,2217 494,2217 547,2218 599,2219 652,2220 704,2221 757,2223 810,2226 862,2228 915,2232 967,2236 1020,2242 1073,2249"/>
                <TextEquiv>
                    <Unicode>dennen seye er ob sich gegen hindel banckh gezogen</Unicode>
                </TextEquiv>
            </TextLine>
            <TextLine id="r1l36" custom="readingOrder {index:35;}">
                <Coords points="23,2283 111,2257 326,2271 375,2306 587,2270 727,2309 803,2283 854,2328 1048,2308 1000,2266 668,2222 439,2254 400,2222 248,2250 26,2214"/>
                <Baseline points="31,2242 81,2249 132,2255 182,2259 233,2263 283,2265 334,2267 384,2268 435,2270 485,2271 536,2272 587,2272 637,2273 688,2275 738,2276 789,2278 839,2281 890,2285 940,2289 991,2295 1042,2301"/>
                <TextEquiv>
                    <Unicode>ind habe den vorgedachten Diebstal, so dem</Unicode>
                </TextEquiv>
            </TextLine>
            <TextLine id="r1l37" custom="readingOrder {index:36;} place {offset:9; length:6;}">
                <Coords points="22,2318 145,2348 186,2325 241,2365 298,2328 471,2328 573,2381 686,2342 970,2388 1078,2360 1080,2315 1019,2305 852,2327 584,2278 523,2310 24,2281"/>
                <Baseline points="29,2302 81,2307 133,2311 185,2315 237,2318 289,2321 341,2323 393,2325 445,2327 497,2329 550,2331 602,2332 654,2334 706,2336 758,2338 810,2341 862,2344 914,2347 966,2351 1018,2356 1071,2362"/>
                <TextEquiv>
                    <Unicode>ihren zu Lißach wierfahren, verbeingen helffe</Unicode>
                </TextEquiv>
            </TextLine>
            <TextLine id="r1l38" custom="readingOrder {index:37;}">
                <Coords points="24,2363 213,2405 279,2375 364,2416 497,2389 1038,2447 1084,2430 1088,2356 917,2394 684,2347 465,2371 382,2326 338,2361 135,2356 26,2318"/>
                <Baseline points="31,2361 83,2366 135,2371 187,2375 240,2378 292,2381 344,2384 397,2385 449,2387 501,2389 554,2390 606,2392 658,2394 710,2396 763,2398 815,2402 867,2405 920,2410 972,2415 1024,2422 1077,2429"/>
                <TextEquiv>
                    <Unicode>allein seye er eintzig in die stuben gangen, den</Unicode>
                </TextEquiv>
            </TextLine>
            <TextLine id="r1l39" custom="readingOrder {index:38;}">
                <Coords points="28,2412 309,2478 484,2444 517,2477 728,2459 1073,2508 1078,2431 890,2412 796,2441 641,2406 580,2434 455,2394 225,2424 31,2367"/>
                <Baseline points="35,2411 86,2418 138,2425 189,2430 241,2435 293,2438 344,2440 396,2443 447,2445 499,2446 551,2448 602,2449 654,2452 705,2453 757,2456 809,2460 860,2464 912,2469 963,2475 1015,2483 1067,2492"/>
                <TextEquiv>
                    <Unicode>trag wie schon erzelt) mit einem biehen uf</Unicode>
                </TextEquiv>
            </TextLine>
            <TextLine id="r1l40" custom="readingOrder {index:39;}">
                <Coords points="16,2507 196,2531 374,2502 433,2541 480,2506 641,2507 693,2554 878,2528 989,2568 1050,2554 1053,2512 714,2460 644,2487 475,2445 307,2479 20,2435"/>
                <Baseline points="25,2469 78,2476 132,2482 185,2486 239,2489 293,2493 346,2495 400,2497 454,2499 507,2501 561,2503 614,2505 668,2507 722,2509 775,2513 829,2517 883,2523 936,2529 990,2538 1044,2547"/>
                <TextEquiv>
                    <Unicode>gbrochen und das gäldt daruß genomen,</Unicode>
                </TextEquiv>
            </TextLine>
            <TextLine id="r1l41" custom="readingOrder {index:40;}">
                <Coords points="16,2523 195,2568 533,2564 625,2610 869,2574 1063,2615 1044,2565 934,2568 878,2531 694,2555 593,2513 478,2508 433,2541 302,2503 197,2529 17,2507"/>
                <Baseline points="23,2524 74,2530 126,2535 178,2540 229,2544 281,2547 333,2550 384,2552 436,2554 488,2557 540,2559 591,2561 643,2563 695,2566 746,2568 798,2571 850,2575 901,2580 953,2584 1005,2591 1057,2597"/>
                <TextEquiv>
                    <Unicode>doch habe er daruan zwo zwyfache, darunder</Unicode>
                </TextEquiv>
            </TextLine>
            <TextLine id="r1l42" custom="readingOrder {index:41;}">
                <Coords points="23,2588 337,2642 644,2621 730,2662 865,2634 996,2692 1078,2668 1082,2612 995,2636 882,2593 318,2587 271,2554 131,2581 26,2542"/>
                <Baseline points="29,2583 81,2588 133,2594 185,2598 237,2601 289,2604 341,2608 393,2610 445,2612 497,2615 550,2617 602,2620 654,2623 706,2626 758,2629 810,2633 862,2637 914,2643 966,2649 1018,2656 1071,2664"/>
                <TextEquiv>
                    <Unicode>die eine benueßisch, vnd ein einfare Spamffe</Unicode>
                </TextEquiv>
            </TextLine>
            <TextLine id="r1l43" custom="readingOrder {index:42;}">
                <Coords points="26,2637 270,2696 390,2663 532,2703 696,2681 748,2723 850,2700 898,2740 982,2710 1072,2734 1076,2690 872,2641 766,2668 30,2591"/>
                <Baseline points="33,2632 84,2638 136,2642 188,2647 239,2651 291,2654 343,2657 394,2661 446,2664 498,2667 550,2670 601,2673 653,2677 705,2680 756,2684 808,2688 860,2694 911,2699 963,2706 1015,2713 1067,2721"/>
                <TextEquiv>
                    <Unicode>Beblanen verschlagen, welche niemahlen In die</Unicode>
                </TextEquiv>
            </TextLine>
            <TextLine id="r1l44" custom="readingOrder {index:43;}">
                <Coords points="27,2710 406,2715 527,2765 798,2742 1075,2789 1078,2747 985,2718 899,2737 844,2700 773,2730 714,2691 554,2709 391,2664 270,2693 33,2632"/>
                <Baseline points="35,2686 86,2692 138,2697 190,2702 241,2706 293,2710 345,2713 396,2716 448,2720 500,2723 552,2726 603,2729 655,2732 707,2737 758,2740 810,2745 862,2750 913,2755 965,2761 1017,2768 1069,2776"/>
                <TextEquiv>
                    <Unicode>teillung komen, sonsten seye Ime von dem</Unicode>
                </TextEquiv>
            </TextLine>
            <TextLine id="r1l45" custom="readingOrder {index:44;}">
                <Coords points="26,2746 313,2801 613,2790 644,2827 686,2795 873,2803 916,2841 964,2819 1085,2855 1052,2782 928,2760 799,2786 753,2743 526,2765 376,2718 29,2708"/>
                <Baseline points="33,2740 85,2746 137,2751 190,2756 242,2761 294,2764 347,2768 399,2771 451,2774 504,2777 556,2780 608,2783 661,2788 713,2791 765,2796 818,2801 870,2807 922,2813 975,2820 1027,2829 1080,2838"/>
                <TextEquiv>
                    <Unicode>überigen galdt, gleich wie auch seiner schwöster</Unicode>
                </TextEquiv>
            </TextLine>
            <TextLine id="r1l46" custom="readingOrder {index:45;} person {offset:0; length:5;}">
                <Coords points="23,2801 495,2829 672,2885 787,2857 852,2917 959,2930 1082,2912 1086,2856 875,2847 835,2811 644,2827 557,2783 503,2816 424,2778 352,2806 28,2750"/>
                <Baseline points="31,2791 83,2798 135,2803 187,2809 240,2813 292,2818 344,2822 397,2826 449,2829 501,2832 554,2836 606,2840 658,2844 710,2849 763,2854 815,2859 867,2865 920,2872 972,2880 1024,2889 1077,2899"/>
                <TextEquiv>
                    <Unicode>Maria und dem vor angezeüten mühren wölt</Unicode>
                </TextEquiv>
            </TextLine>
            <TextLine id="r1l47" custom="readingOrder {index:46;}">
                <Coords points="28,2887 114,2863 466,2931 527,2895 657,2909 659,2885 571,2875 508,2838 391,2846 350,2822 288,2837 172,2804 76,2836 34,2826"/>
                <Baseline points="39,2846 69,2850 100,2854 130,2857 161,2860 192,2864 222,2866 253,2869 283,2872 314,2874 345,2877 375,2878 406,2881 436,2883 467,2885 498,2888 528,2890 559,2893 589,2896 620,2898 651,2902"/>
                <TextEquiv>
                    <Unicode>noch25 lb zutheyen worden.</Unicode>
                </TextEquiv>
            </TextLine>
            <TextEquiv>
                <Unicode>79
Hhans Müller von Ettißwyl, dieuor
gent

vitgeedtigen
vndt, müeßiggehend labens willen, In das
halte wurch geschuidt, vnd doch gleich hernach
 shoffende beßerung hin widerumb ledig ge¬
ahen worden, aalß er aber letstlichen mit dem
vngedachten Walti (wie derselbe dan schon
kundt)sampt einem drst man, dem Aman
z Oberhinige zubrächen, vndt demselben zwen
Ambarthen 4 hannen schwyumn fleisch, etliche
vin hußtuch, 3 weyberrorkh und 1 sichwarte
mantel entfrämbden helffen, seyen sy beid nam
li Mältin, vnd er zu Wichprach ergrisfen, das
gller zug innen widerumb abgenomen, sy
vnd gefeücklich alhar gefürth, und wyl sy do¬
sohlen ungeacht der an sy gewendten marter
anders mit alß etliche geringe diebstäl be¬
kandt, widerumb in das schällen warckh geschmit
worden, uß welchem er hernach entlossen, die
Ien Ketden so er angehaft, drunde Im
Wyles by der aaren mit steinen uffgeschlagen,
vnd dorten ligen laßen, Denhalßrung aber,
habs Ime ein frauw, welche an einem aborth
Im Buchli warhafft seye und ein armen alt
anne man habe uß forcht daß imfahl
Weigerens jra nit etwas ergers widrfahre
wil er iro dann daruon angedeütet, mit
eines fer so sy im huß gesapt, abgefeilet won
dannen seye er gegen Sollothurn gangen, daßelbst
habe ersein fu: Alßin sein Schwoster, vnd den
rgedachten michtl Wälti angetroffen mit
dennen seye er ob sich gegen hindel banckh gezogen
ind habe den vorgedachten Diebstal, so dem
ihren zu Lißach wierfahren, verbeingen helffe
allein seye er eintzig in die stuben gangen, den
trag wie schon erzelt) mit einem biehen uf
gbrochen und das gäldt daruß genomen,
doch habe er daruan zwo zwyfache, darunder
die eine benueßisch, vnd ein einfare Spamffe
Beblanen verschlagen, welche niemahlen In die
teillung komen, sonsten seye Ime von dem
überigen galdt, gleich wie auch seiner schwöster
Maria und dem vor angezeüten mühren wölt
noch25 lb zutheyen worden.</Unicode>
            </TextEquiv>
        </TextRegion>
    </Page>
</PcGts>
