1211 2928
788 -41 843 48 6.
26 0 1100 177 bitmelts s sammel Lerbers Großweibels diser stat korn
1017 82 1122 140 sonde
25 61 1017 236 achgeschribne mit handlaugen nit allem wahr syn bekent
24 131 523 289 adermacte erhalten.
10 129 1130 348 Ideramblich zur Trünstein, wyl und kied an zetwederem disen
27 261 419 377 alhen ein hin getelen
15 271 1123 451 Betenmal habe er nit vilberurts lünsten schreters huthu
12 342 859 493 gebricht uß Bashi Muners sycher entzecht.
24 392 929 551 Ischanns Murens spycher daselbst, aber 5 brocht.
19 455 1116 614 zer Rubingen uß Bend Buelmand Sycher mit hilff eine synes
13 519 1118 640 eerschanen Fridli gngt und syner tienen ankenballen und 5
10 627 250 702 rrcht entrag
16 602 1108 761 Mit jetz bemelter hilff zuo Trmübstein im verschinen ane
21 678 1098 801 byder mülli uß dem Keller 3 ankenballen und 3 brochtent
9 773 210 856 krambdet.
7 783 1103 925 stetleren zu Sertlen mit glycherhilff uß dem un
9 849 1090 971 er der sy mit dieterichen groffnet lasen zbrocht
-2 912 1058 1039 hstag verwichnen 40 jas sy nechtich wyl gestolet
9 979 1094 1088 Mithilff obgesagts Fridlis und syner lirnen habein zu
19 1038 1125 1130 Beselbank  brecht nankensallen mne zu lb bim ni
20 1104 1102 1207 huß im wienbachgraben 3 brocht 2 antenballen zuo 3 oder
28 1140 1115 1252 4 lb zu hadli 3 brocht 3 ankenballen zuo Ruegsom 2
30 1195 1102 1287 ankenkallen. Bim Brunnen by gffolteren 3 brocht und ankel
25 1241 1107 1351 ballen Im schweigtloh 3 brocht 4 ankenballen uff einem
30 1293 1107 1384 anderen hof 3 brocht 3 ankenballen, im holtz by Trachstl
6 1341 1108 1426 wollet 2 säsen 3 brocht 2 ankenb allen. unuehr von lang
28 1405 1089 1508 nar 2 äß 3 broht, 2 enkenballen im Goldengraben
34 1447 1104 1536 3 brocht 2 ankenballen zu 5 lb nit wyht von laub3.
29 1525 1096 1598 broht 2 ankenballen en kaß, zu hinderst im Trubenthal 2
32 1549 1080 1647 ankenballen, 2 käß 3 brocht im schangnow 3 brocht 4
30 1595 1122 1694 ankenballen zuo 4 lb 2 gäsen an der Langenerg 3 brahtn
35 1650 1113 1742 2 ankenballen am Biholterberg 2 brocht 3 aufenballen
48 1703 1114 1793 kaß am kurzenberg uff abersold 2 brocht 3 anfenballen
42 1743 1085 1843 2. Kösen zu Wichtorff 3 ankenballen. 4 brocht, in käß
37 1791 1110 1880 zur Niderwyl 2 brocht 3 ankenbollen i köß zu Ruggispg
38 1851 1116 1911 dem wath vor 2 jahren 5 brocht 2 gtel kalbfleisch 2 käsen
30 1895 1116 1983 3. ankenbellen im fryburger gepiet uff einem hoof 4 brocht
38 1938 1120 2008 2 ankenballen uff einem anderen hoch daselbst umbher 3 brocht
35 1990 1125 2081 3 ankenballen 1 kaß zuo merkillchen 2 brocht 2 anken ballen
43 2027 1120 2131 einhalben meßkäß und etwas tocheten fleischs zu Kappellen
47 2080 1056 2174 sy arberg 2 brocht 2 ankenballen zu Ligerten 3 brocht
1047 2103 1111 2168 i
38 2132 1122 2203 Bubeli voll gsätnen ankens ohngfahr 4 maß zuo wiggsangen
751 2176 809 2214 eß
43 2179 1106 2244 by buchser B ankenballen 4 brocht 2 kasen zur Lyßach 3
42 2232 1115 2313 brocht 2 ankenballen, diß alles habind sy uß den kebleren in die
40 2285 1096 2348 synechtlicher wyl gebroch enzukht und nach und nach mit
44 2344 1093 2408 ein anderen auch Fridlis önen Elsi genambt genoßen
48 2371 255 2435 und brucht
42 2394 1101 2485 zud lätmel, habind sy 3 par schu und 4 brocht uß einem
31 2450 1095 2536 Wycher entfrömbdet, da jedems eins worden und kridli imme
42 2492 739 2583 Stempfli von des triten weg 5 h geben.
487 2546 520 2575 e
39 2537 1069 2632 zufermütigen uß dem spycher 4 lynlach 1 par hosen.
37 2599 1127 2675 Glwartzen wullenen und ein anderen röbh gestolen, solchs haben
44 2642 1088 2714 vn einem man mit einem schwarzen zur Münsing zoberst im
54 2691 1119 2770 Gorffwohnhafft, so derg lychen zug abzenemen pflege umb 2
65 2739 1116 2826 verkaufft, waruon immt 1 b zu theil worden und die
50 2781 307 2864 hosen behalten
47 2840 173 2916 Ebarth
