1188 3023
47 2421 105 2483 10
35 2682 89 2754 11
82 1779 139 1849 3.
113 48 183 139 3
105 409 198 499 4
115 710 167 779 5
102 974 158 1054 6.
238 55 1182 344 n tet  lsen
253 136 1161 394 Salb directoren, wegn gewechleter 800 krnt
228 202 1160 445 zugstelt worden, vedhrete er nit mehr an, alle
209 270 939 446 500 unndt also 20 l zu wenig.
248 426 1170 635 Weg eitwas gethreits, so er von msher wegen
219 478 1165 685 dem gut zuuerwaldt verkhaufft, auch minder
218 536 741 670 er aber erlöste 23 l.
200 710 1167 889 Derners von dem getbreit, so er ebnermahen un
210 784 1166 931 mahrn wegen dem ritfer von Aedlauw
200 856 981 963 nander alls er aber erlöste 760 l
945 940 1021 976 1
213 997 1164 1136 elichfals von dem haber, welchen die wirte
188 1041 1180 1180 zum cratz zu langenthal us dem kornhutu
187 1095 1154 1241 Urwangh erhaben unndt ihmme früschertzen
825 1183 863 1224 e
197 1166 1115 1289 10 dob minder, weder aber empfang
185 1261 1149 1400 Obnermassen perrechnete er das ihme durch
177 1332 1144 1441 hr landtvogt uff Bentzburg uff abschlag sein
181 1383 1150 1490 restantz anno 1638 seye geliferet worden.
179 1440 1143 1544 3267 lb 6 ß 8 d er andrt sich aber indes
176 1495 1134 1611 rechnung heiter, das es volkommen 4000 lb
158 1579 1121 1670 wasen, hiemit minder weder er empfangen
172 1623 669 1728 142 lb 18 ß 4 d.
198 1753 1126 1881 in einem andren posten auch von dem gelt
184 1823 1124 1923 oder herrn landtvogt uff Lentzburg, doch in einem
168 1903 1045 1974 andren zeit geliferet, noch500 f
236 1987 1114 2101 o Hat er von hr Hans Jacob Bucher jnng
153 2059 1106 2144 so urs Lerwers seines vorfahren e kinden zu
139 2112 1099 2176 usbezahlung desselben restantz vom ambttrach
135 2155 1109 2228 mahlt har, empfang unndt gantz nüt darnon
143 2201 1104 2282 g für ynnemmen angerechnet, namlich ann
150 2247 350 2340 2000 lb.
147 2359 1100 2468 Item wegenn- 30 müterweitzenn, welche der
136 2429 1102 2515 Otraßburg aewälden, noch zu den andrenn früchtere
255 2463 1101 2544 hoen empfangenn hatenn, uf eint nirs ußdem
186 2480 245 2556 y
127 2494 183 2546 so
128 2508 1088 2582 schlos Nidouw bewilliget und ihmme frnschbärtze
127 2554 632 2643 bezalt wordenn 16 l.
130 2632 1090 2753 annothin die bezahlung umb den wyn, welcher f
123 2702 1079 2792 1638 so woll mahrn den rüchter ihme selbs
120 2742 1087 2853 prmnatzpersonen, umb den schlag wordenn, da er doch
123 2790 1079 2877 selbigenn mahrn den räthen an eren raths besolden
109 2830 1086 2917 wol gewüst abzezüchenn und glichwohl in dem yeel
115 2875 1050 2970 seiner rechtung ufglassen, belaufft sich luth anschlagt
77 2938 249 3009 1800 lb.
