1097 3004
96 178 1100 316 Amselben orth habendt Ire 9 Panen dem Pre¬
110 274 1042 379 disanten endtwandt ein mantel- ein sok
107 347 1076 464 unnd s Lemlachen, sy aber habe endthwüschenn
92 421 1063 544 Irer uff der Zälg gewartet, dauon jra zu
108 500 606 616 theil worden 1 l
78 603 1078 758 zu halten sollothurner geb. syend die gsellen
94 712 1056 831 In einspeicher oben zum tach ynbrochenn
82 791 1074 907 daruß gepprengn, 4 beth ziechen 6 lyne
117 864 1052 1006 lachen, nnd 5 Hembder gstolen, daruon
98 924 1065 1082 ra worden 2 leinlachen ein ziechenn,
115 1016 697 1122 ein geppenunnd ein hombd.
66 1125 1039 1296 Zu Waltringen by Huttwyl mit gedacht
108 1248 1088 1354 Gselschafft Vß einem Käller, einem mullen
111 1309 1013 1425 ein ehrenen hafen, ein fesßli mit zrein
147 1362 1078 1502 darin ungenahr 10 mas ein lochetem
118 1438 1073 1599 biren 10 lb grunst fleisch gstollen, soliches
107 1506 1072 1649 In die ander müli getragen unnd mit dem
86 1587 1091 1735 Müller (Caspar gentt, der sy hierzu anzwßen
95 1661 770 1784 vnnd seinem gsindt verbrucht.
92 1781 1071 1964 Anet gedachtem Waltringen mit voriger gsel
101 1886 1025 2017 schafft uß einem spricher- 4 töck
94 1953 1060 2116 18 ellHasstuch 12 bunklet
106 2008 1038 2186 eyn den 3. Riechen, darunder eine vonn
101 2088 1023 2252 K�ltsch6 hembder s lynlacht, Da aber
91 2158 1066 2342 Ire gspannn genndt Barbli, so zu Wange
91 2226 1054 2441 gerichtet, die röck den dieben uß dem spych
99 2336 1050 2513 abgenommen, habe sy in deren einem 100 guldi
73 2381 1033 2577 bar gelt funden, selbige zum der gselschafft
83 2487 1060 2648 hinderschlagen, welchen bericht inen vorgedachter
90 2551 999 2724 müller geben) das übrig zug heigen sy gan
60 2613 1059 2787 Hüniglen getragen getheilt, da jra zu theil
79 2684 1030 2879 worden3 leinlachen ein rok ein zirchten
90 2757 1076 2953 5. Bunklet ryßen und einhembd am haßfur
78 2826 553 2940 gra vschin worden 1 lb
