1111 2871
91 53 1068 210 Hanß Retenmeundt von Heinrih wyg
131 119 840 206 Auß der graffschafft Burgdorff,
645 204 741 283 von
43 230 1072 352 Nachdem derselbe vor wenig wrochenn, Herren Hanß Janb
76 287 1077 408 Huber dem altenn landtvogt von Wiblispurg synem
74 335 1065 454 domaligen herren, beuelch empfangene, sich hinuß nach
68 388 1067 516 Waberen ze begebenn und daselbstenn von einem gwüsen
83 435 1068 571 Banwrenn ein stöckli höüw ze kauffenn, imne auch dah
81 496 1068 604 2. Krützdicken, welche er, imfel sy marckten werden, darin
76 547 1063 663 gedan sölle zugestelt, seye er zwar hinust gangen
77 606 1060 678 und habe darrüber hin gmartet, auch albereit demselb
83 654 1076 748 Vanoren die hieobenangedeüten, 2. Krützdicken uff die hand
71 702 1063 794 geben. Als er aber widerumb heimb kommen und s
78 764 1066 845 ss disen getroffnen marit, auch wienit höüws ungfert
83 826 1068 912 ehanden seye, groffenbaret, häte derselbe söllichen volzu
92 872 1055 965 theüwr geachtet und imme hiemit bewolchene, etwan
81 932 1066 1013 umb sunsten umb ein oder zwo borderen höuw zesechen,
72 979 1062 1058 So wolle er hernach uff dem marit kauffen. Also
80 1025 1064 1123 habe er rettenmnit durch sein frauw die ußgelegten
82 1078 1051 1162 2. Krützdicken widerumb abholenn laßen und
82 1127 1072 1210 seye er daruffhin mit einem trägelin unden ust zu deß
85 1178 1054 1241 underen spitals scheüwren gfaren, habe daselbst
82 1231 1063 1304 die leiteren voll höüw laden und darmit heimbfaren
65 1276 1015 1350 wellenen, er seye aber von mr Hans Lohner dem
81 1338 1053 1400 spitelmetzger hierob ergriffene, verklagt und in die
81 1382 1068 1462 gfengeklich eingezogeen und darrüber mit einer glubt
83 1431 1055 1511 an lydtsstatt für das burgeren zil hinust gewisen
344 1483 1063 1566 Welches alles er zm aber nit der gstalten
76 1494 209 1549 worden.
85 1507 1051 1608 zur wurung dienen laßen, dann das er uff frytag
83 1579 1066 1648 Den 13. dismonats uß mr Hanß Rieklins bünden
93 1628 1070 1705 ein leiteren genommen, habe sich mit der selbenn uff dem
85 1676 1053 1750 abentzun die statt und morgens feüe umb sicht
90 1730 1059 1790 uhron durch die fryck hinunder biß zu obgemelten
84 1773 1060 1860 seines gewesnen Herren garten begebenn. Die leiteren
93 1817 1060 1902 angestelt, hinuff gestigen und det volgents
92 1886 1079 1951 auch durch mitel der selbenn gun das hus kommen, dar
92 1907 1088 1997 sich dann durch das kuchi loch zun die stuben gemacht
92 1968 1077 2046 und mit einer ar die er by im hate, das schefftli, das
94 2017 1058 2087 einen die schlüstes zu allen gmachen und trögen im
84 2063 1075 2139 huf waren ufgebrochen, die schlüstell darüs genommen
83 2120 1067 2190 zwey andere gmach und drey träg darrinen ufge¬
96 2151 1073 2237 schloßenn, etliche sachen (so er mit im nemmen wollen
556 2203 1070 2277 Worrüber er aber ergriff
92 2211 417 2280 zusamen gepackt,
99 2216 1079 2337 und gfengeklich eingelognen worden. Derwegenn dan
102 2268 1113 2372 mgn gh und oberen bevolchenen, das er hierrüber sl
92 2337 1084 2421 examiniert und mit zimlicher mart zurbekentnuß
73 2400 1074 2461 warheit gebracht werden. Daß ist nun volgents den
92 2446 1076 2519 20. dis monats, durch die Ehrenieste etc. Herrenn
81 2492 1081 2568 Jacob Koch deß kleinen, s Aham gut, deß großen
82 2541 1088 2620 rahts und hr grosweibel von Büren, beschecheng
93 2583 1071 2655 der hat aber ungeacht, das er zum ersten mah lär und
95 2634 1064 2705 dann noch zwey andere mal mit dem kleineren stei
92 2669 1078 2741 ufgezogen worden, anders nützit dann wie hierbenach
92 2737 1066 2800 zog und daß er auch mehr nit znnregg als ein alte
