2340 3150
117 64 1158 329 dis beg durch foitere und dan daß dei
114 143 1157 374 daselbstenn zu Wechtrach widerumb ergriffene, gsei
129 183 1157 417 klich alhar gefüet und spynlich examciniert worden, dee
122 251 1165 468 hat nun domolenn sonil diebstät bekent, daß mah
133 312 1157 508 und oberenn räth und Burger grschinen simstags
134 367 1153 542 Den 10. dis monets, dam zum schwärt erkent, und
146 410 1173 590 hieruß uff die walstatt fürenn laßenn, Weilerer
135 474 1167 645 domalenn der mehrer theil seiner bekantenn diebste
139 523 1162 690 ben widerumb glaugnet und das er imme selbscten hinin
139 578 1173 751 unrecht gethann habe geschruwenn. Hat man in wiee
145 639 1179 802 umb alhar zun die gefangenschafft furen und volgens
141 697 1171 850 Den 44. dismonats gegenwürtig 1644 jars noch ver
145 748 1156 908 ners eraminieren laßenn, der hat nun zun bysin
128 799 1161 966 der eherenuesten frommen, fürsichtigen, wysen herren
122 866 1140 997 h amuel Häsenn des biuherrenn vom rath, s
111 948 1165 1054 feronung von Grafenriets deß ammmns im rahthus
148 1003 1169 1097 und anderen myner g f und oberen dieneren der
136 1036 1152 1144 weiblen mehr, nachbeschribne diebstäl bekent vnd vn
142 1095 503 1193 ruchen als volget,
155 1174 1178 1292 erstlichenn habe er über die vorgenampten 15 ellen ryse
145 1227 1168 1333 tuche vnd halbe anck ballenen. Inn einem dorff nachticg
145 1296 796 1378 zu einem par hosenn gestolenn,
21 1390 94 1453 4.
134 1373 1169 1462 dene einem landman uff dem Lengenberg uß der stulen
156 1436 794 1527 4. Eynlachenn und ein sembt,
180 1522 1164 1599 Nit huff einstin seiner gesellen, so man den stänist
28 1537 108 1603 57
149 1593 1157 1656 burger namse, habe er christ Krebstenn zu Kisen
153 1624 1141 1718 habeer 2. oharin häfenn genommen und die
146 1679 1029 1775 dem wirth im thalgut umb 4 b verkaufft,
132 1731 1157 1858 zu Herblingen habe er vnd einen so sich keisen namhe
40 1766 103 1846 6.
135 1816 820 1908 Ire Hosenseck vol üpffah genommen.
142 1870 1168 1990 zu kisenn ein anckenn ballenn und etwas Küchelanken
41 1913 125 1985 7.
36 1952 1162 2088 8. Zu Oberhafenn underschidenliche mal allerley äsige sy
145 2052 1167 2166 ann einem orth uff dem langenberg ein wyst par hoßen
44 2087 126 2187 B.
148 2139 700 2232 und ein schwartz wamsell,
21 2175 1151 2317 10. Ulrich Moserg zu Hütlingen habe er ein par schuch
144 2307 327 2371 tragenn.
142 2328 785 2431 An der eyenßen ein leib broth,
162 2374 1163 2507 daselbster nach dene im kramhtat mit hilff seiner
148 2416 1162 2583 gespanen, da der einte bendicht und der ander Jaggi Huß
32 2461 113 2531 1.
140 2517 666 2619 1k. allen vnspunin tuch
149 2534 1154 2698 zuhbeigbrännen uffeinem kelter ein ruff zige
30 2643 113 2703 13.
161 2654 524 2737 vordgeleibbeth
150 2618 1156 2801 deßgleichen zu kleinen hichstottenn ein samler vol
33 2748 119 2833 .
146 2749 666 2885 ziger vnd 9 leib broth¬
152 2760 1150 2916 daselbsten nach wyters ein kübli voll ancken und ust des
152 2834 1084 2979 spycher einhalb mäf habermäl und i mas hieß
15 2861 120 2944 15.
43 2904 710 3057 Ab zu Gurtzelen ein leib broth.
36 2938 1116 3110 17. Rochmalen by der seinfen brugg 4 allen ryschin tuch.
2166 31 2263 96 120
1194 64 2053 332 n en n
1211 88 2255 381 absleichenn 4 ell zwilchen, die er umb 4 l vrkaufft,
1218 155 2268 433 von ist einem keller den er uffbrachen halffen, ein mit
1934 263 2067 334 halb
1216 305 1728 480 e
1224 259 2251 517 s wichtnach uf einem kübli haben er ein mus sollen
1211 384 2312 626 verners zu Walrkringen auch uß einem käller dar
1205 474 1410 571 dnen hlt
1209 527 2300 734 und dem wirth daselbsten mit hilff zweyer frömbden
1215 611 1333 679 kösenn
1225 585 2275 783 rollen, küchel und simen zwo gekochet kalbs stalen.
1201 675 1918 857 zu allmendingen 2 kübel voll ancken,
1203 752 2296 931 Marti Bigler seinem alten meister alda i stuck als
1219 850 1793 984 siger, vnd 1j. ancken ballenn,
1221 903 2249 1023 zu Uttendorff seye er und sein gspan keiser, durch das
1214 961 2232 1098 sach so sy uffgebrochenn inn ein huß gestig und 4
1214 1007 2275 1147 riemen fleisch darus genommen und im talgut umb
1223 1108 1497 1201 2 t verkaufft.
1211 1150 2247 1277 So habe er ust der oberen müli zu Kisen 8 käsen
1219 1209 2295 1313 nemmen und im talgut umb 6 f verkauffen helffen, daruon
1215 1295 1694 1388 imme 5 lb zu theil worden.
1211 1363 2341 1444 ino Biglen habe er auch 4 röck 2 hynlachen und 20 klunge
1216 1424 2295 1511 l garn gestolen, sölliches hernach dem fülbeltz zu Rychingen
1219 1477 2257 1564 welcher wol gwüst, das es gstolen gut gsin) umb 9 l
1223 1538 2274 1632 verkaufft, Der habe zin aber nit mnher dann 5 hieron
1227 1594 1362 1663 gewärt,
1218 1665 2307 1787 dem statthalter zu Sigristwyh ein sturk broth und käß,
1219 1730 2255 1850 Vff der Hornegg ein ancken ballen die hab er halb
1237 1807 1937 1908 gästenn, vnd halb vmb broth gebeng,
1231 1875 2291 1984 widerumb zu Eigeristwyl ein nideren hut und dem
1226 1923 2292 2057 wirth 2 käsen, so er im Eggenyh umb 2 t verkaufft
1228 2006 2296 2114 dWirthust zu Oberhafen hab en em pureg sen
1234 2048 1685 2142 gschlaffen eritscht,
1222 2121 2270 2263 dene mit hilff seines gspanen 2 parschurh uff dem
1228 2163 1949 2284 Kurtzenberg, so sy getrag entfrömbt,
1237 2243 2270 2404 Uff Egg hab er uß einem bürli so uff einem gänterli
1235 2297 1649 2389 gestanden 20 bz gestolen,
1226 2356 2086 2507 uff dem äbnit ein par wys tuchin strünpff
1221 2407 2294 2611 zu Münsingen habe er ust einem spycher 2 bach fleiseh
1240 2482 2335 2665 ond etwas tucht genommen, das habe er best inn das talgut bracht
1231 2547 1934 2672 alleer es im widrumb abgiegt worden.
1224 2577 2292 2773 Am Staldein by Hüningen 4 broth 2 käß und ein bhat
1229 2648 1459 2723 voll fleisig.
1221 2697 2203 2876 zu Freymütig ein kübli vollanken und in leib broth.
1225 2816 1354 2900 kauff
1209 2789 2305 2987 zu überstorff 20 pfunt werdh, so er zu Gumenen umb 30 l
1237 2903 2232 3079 uff der Langenngck ein blaten voll küchli und ein blarten
1239 2946 1426 3022 vol fleisch.
