1643 3264
4 1463 36 1512 al
1073 111 1163 167 35
50 158 1139 338 Heinrich Jetzler von reffingen ✳ dess ge¬
75 215 1186 362 wesnen tütschen berkalmeisters Johanß Frischhertz
491 259 1115 360 Nach dem derselbe vs beuulch
87 306 1138 477 myner g h und obgren durch myne hochgeerten
75 354 207 421 Diener
77 358 1145 509 Herrenn hrren Gabrirt von Wattenwyl H Hanß
68 408 1161 573 Rudolff zeender beidt deß kleinen, sr Hanß Geürgen
69 470 1124 615 Am hof hr Danid Müller und h grosweibel von
74 503 1143 647 Büren, waß er von obgesagt enn seines geweßnen hetz
86 564 1160 698 sachen und hendlenn wüßten möchte, alhie zu den Schützen
79 615 1121 740 eramiiert und befragt wordenn. Hat er den 20.
85 672 1135 792 und 21. januarii 1640 sich nachvolgender gstalten
75 764 279 846 erlaüteret.
61 789 1149 915 erstlichenn, deß tags so gesacgter sein zu sich ust der statt
79 851 1120 961 gemacht, seye er stracks hinußt inn sein matten gangen
66 897 1173 999 daselbstenn seye Johan Ithillix Grobeti der silber krummen
80 941 1135 1057 zu im kommen, der habe lang mit im grett von waß
86 996 1171 1100 sachenn aber möge er nit wüßenn, allein habe er gehört,
68 1042 1082 1132 das Grobeti versprochen habe, seinen diener hinüber
79 1095 1149 1175 nach viel ze schickenn und zeuerschaffenn, das h. damel
64 1152 1128 1228 Wad ein kauffman so sich zu Bieb auffhalte, in werde
62 1202 695 1277 Ien sein huß auff und annemmen,
57 1263 1125 1358 Worauff gebe daniel Keller, syn Frischhertzen dochter
69 1318 1097 1391 man imme dem diener ein fack verpitschierten sack mit
71 1365 1088 1437 gelt und sage zu im er sölle denselben einmachen es
83 1412 1152 1482 eyanen 1600 lb darrinnen, ob die ezeert seyen, so werden
67 1459 1137 1524 es wol beser werdenn, seye also daruff mit disem
69 1506 1092 1579 synem hs nach deßelbenn abents nach frauwbrunnen.
77 1552 1111 1625 und morgens früe gan gottstatt grittenn, daselbsten
72 1607 1105 1675 seye Inen der vorgedachte daniet wnd begegnett,
51 1663 1080 1728 Der habe sy volgents nach viel begleitet und in syn
63 1699 1101 1774 hus gefürt, da sy auch be den 14 tagen lang verbliben.
57 1753 1067 1833 harnach habe sein hs ein ander huß bestanden und
62 1790 501 1864 seye darynn gezogenen
58 1835 1093 1952 Wie nun seines gewesnen hr silbergschie von hinnen
54 1895 1072 1981 hinwegg gebracht und nach bieb gfürt worden wüste
57 1955 1095 2042 er anders nit dann, das es also zugangenn. Namlichen
58 1983 1074 2082 gleich nach dem sein h3 und er hinwegt gwesenn
67 2034 1102 2137 Seye daßelbe inn Johan Phillix Grobatet huß ge¬
65 2072 1063 2176 tragenn, durch denselben eingerackt und volgents
50 2124 1074 2227 durch mr Bauw Roder den metzger alhie abgehalt
46 2159 1071 2259 worden, der habe sölliches noch denselbenn aben hinuß
31 2194 1080 2322 Inn sein motten vnd Kodersmattenn, vnd morndreg
50 2252 1103 2368 tags mit seinen zweyenn pferden und hilff eines ge
42 2283 1051 2399 wüsten mans so sich Hanß namese und der sich vor
34 2323 1101 2461 Disem by Hß Haurtman Frisching s auffgehaltenen.
47 2378 1081 2495 hinüber nach biel gefürt. Im heimbreisen aber seye
47 2428 1023 2534 er roder nit stracks alhie inn die statt, griten
46 2467 1083 2583 sonders widerumb inn sein matten gritten, da er
44 2520 1094 2631 seine pfardt eingestelt, sich ußgestifftet und widrumb
50 2540 1107 2676 alhar inn sein huß gangen, Es seye aber der obgemelte
49 2588 1077 2730 Hanß, hernach vil hinüber zu Frischhartzenn komen,
44 2658 1041 2752 habe Ime villerley sachen, sonderlichenn auch seine
33 2677 574 2782 Gultbrieffenn zugebracht,
21 2723 1081 2846 Waß dann die red, welche Frischhertz, so wol wider
41 2792 1068 2904 myn g s als auch zu seiner entschuldigung, gredt
