1164 2839
-1 757 32 796 t
3 1459 32 1503 sit
-4 1498 38 1557 d
3 1554 25 1609 ls
1037 52 1128 126 54
115 120 808 306 Michell Roch der geweßne
281 234 545 320 stifffport.
328 292 412 334 deit
46 230 1128 453 schwegenn begangnen, fälers den Hurey und ehebracht
61 301 1078 485 aoh der chorgrichts satzung, mit dem rydt von ir g
55 373 1102 532 gat und landt gwisenn, jedoch imme, den eydt anzeg
62 416 1093 573 enn, das zil bis uff 14 tag nach künfftig Linpol ge
66 454 1055 633 et worden Aotum den 27. novembris anno 1640
109 583 758 717 Atmarstenwpffli von Stettlen
49 661 1083 810 Nachdem der selbe sich schon in seiner Jugent, dem Mueßi¬
58 723 986 858 nng vnd battel ergeben, hat er vngfehrd vor
62 789 980 934 verthalb Jahren, ein garnstrickherin, vndt
56 849 998 991 utfrauw, welche gleichfahls mit Iren kinden
59 923 996 1029 ze vättel vmbher gezogen, geehtlichet, by deren
50 996 1023 1108 sdoch nit lenges dann biß in den necht dau¬
60 1048 1008 1167 uff volgenden meyen ebliben, hat sy hernach
51 1125 964 1231 geiret und an ein andere vmbschweiffende
53 1190 1054 1285 wybspersohn Barbara Jenckh genampt, gshenckt,
58 1245 1041 1354 i derselben gleichfals dem Bottel nachgezogen
45 1317 1030 1414 unbeehrlich vindt by Iro erzeuget, vnd volgents
46 1382 1014 1485 zu Rötenbachfur ehelich tauffen laßen, welches
48 1443 974 1537 in klaßen sehewyb einem ehrsamen horgricht
50 1499 1013 1608 ie clagt, Vnd sich des ehthalb von Imscheiden
44 1566 1028 1675 laßen, dahas es dann zwo stundt aushalßysen
60 1619 997 1713 stelt, vndt volgents mit dem Eydt, von
50 1688 949 1775 Io 9. Statt vndt Landt verwißen worden
35 1746 1045 1842 Den 5. martii 1639. so bald er nun alhis auß
460 1809 540 1855 an
36 1802 1077 1911 der Statt komen, ist er gang widerumb zu seiner
45 1845 1057 1975 drnen (welche ihm sampt dem Pastart zu Simen¬
44 1912 1045 2044 angen gewartet) gegangen, vnd also seiderhau
44 1986 1059 2098 azeit mit einen dem aattel nach im landt
44 2043 1016 2178 nbhau gezogen, vnd also seinen eydt schandtlich
41 2109 1028 2229 Vrsechen, weßwegen er dann widumb ge¬
25 2134 985 2284 encklich alhar gebracht, und wyl er keine
51 2229 1065 2370 Abstal noch anders bos sachen bekonnen wollen,
56 2279 1004 2433 bndrigen tags auch das h wienacht fäst
34 2342 1060 2500 esen, ist er auf ein guee Censur vnd ver¬
46 2399 954 2571 Wahne beßerung hin, auff die Grentzen
48 2479 1017 2643 Im dem Freyburger gepattt geführt, und
48 2544 1011 2724 selbsten ab mahlen mit dem lydt, von
31 2577 989 2794 V1 satt und landt gwißen worden
50 2644 550 2808 att
