1123 2494
144 85 1099 312 hinein in daß dorff gangen, wie sy nun
116 176 1128 402 zu Hanßen Kindlers huß konmen, vnd meinen
139 252 1120 455 daharumb gespürt, seye Nielaus Mute
124 309 1106 503 zur thüren hinrin in die stuben geschlahen
141 392 1104 556 und mit einem diel, so er im hußgangen
141 452 1102 609 erwütscht einen trag geöffnet und i
129 512 1116 666 zweyen secklenen, da dr eints läderen und
133 585 1128 765 der am Leinm gewesen, gäldt funden, welgen
127 669 1105 786 ergenomen, vnd widerumb zu Innen beid
142 709 1102 853 so Inzwuschen die Wacht gehalten, komen,
98 765 1107 911 Daruff sy mit einanderen widerumb hin¬
137 845 1082 982 wegzu iren weyberen und volgendts
134 907 1103 1029 gegen Hettißwyl gangen, daßelbsten haben
131 980 1106 1103 sy ein trunck gethan und das gäldt under
138 1058 1088 1155 3. namlich sy die beide Manen, vnd
114 1124 1110 1232 Niclauß Müllers schwöster getheilt, dar
131 1181 1103 1302 sich enem jeden 25 l. vast alles In schar
138 1251 1093 1367 goldt sorten, gezogen, seinen theyl habe er
112 1315 1091 1429 hernach zu Brittewyl alß sy gefangen
134 1375 1096 1490 worden, Kielans Müllers frauw zebe
126 1440 1091 1543 halten geben, sonun mehr auch demse Groß
96 1507 839 1616 weybel ingehendiget worden.
88 1667 936 1784 Tittans Multer von Ettiswyl
114 1765 1083 1858 Diser ist den 11. julii 1640 mit dem hienachge¬
132 1822 1078 1918 meltenn nielaus Müller mit dem strangen
128 1897 523 1989 hingerichtet worden.
118 2004 1088 2124 Ana Kürßtener deßgemelten michel wi
453 2103 717 2164 tinst Cowys,
103 2156 1088 2262 Ist von disers jers mans und ires selbs rnützen leben
73 2223 1084 2295 wegen, mit dem eydt von ir g statt und landtv
116 2276 787 2375 wrisam worden den 13ten julii 1640.
