1134 3254
166 130 1122 317 gar vill galdt, daß seye in der Gebent
163 188 1139 389 stuben in einem trag geschloßßen, so sy solle
158 263 1093 399 nemen, vnd Ihme auch etwas darvon
159 323 1115 483 welten, so welte er Innen das hußzeig
1096 374 1132 425 16
152 378 1128 532 darim sy dan bewilliget, seyt hierube
155 438 1114 565 mit janen gangen und haben ime daß
148 503 1112 633 gewißen, Woruffhabent sy gewartet
156 575 1125 694 biß die nacht angebrochen, vnd habe einen
162 630 1117 749 vnder Innen, die handt durch dz guter
155 690 1124 792 welches an dem Laden vor der helur bur
148 760 1119 887 gewesen, gestosen, den selbigen vsgemacht,
147 818 1123 955 vnd seyen also hieruber vf die Lnnj gestig
152 874 1116 996 vnd von Dannen hinab in der Hoff vom¬
151 946 1127 1062 alda sy ein leiteren gefunde, welche sy ander
140 1013 1113 1132 Laubet gestelt, vnd volgendts vff der selbigen
149 1068 1105 1174 hinuff gestigen, daßelbsten habe er müßen
144 1133 1112 1235 vbleiben, vnd Wacht halten, Galli Müller
157 1192 1116 1305 und das Schwartz Elßin aber, die habend
151 1258 1122 1367 ein heüßer gegenh dem kleinen Küchelin, geöhn
153 1316 1115 1433 und arduh hinein gestigen, alwo sy mit einem
151 1387 1116 1488 by Innen habenden femerzeg, ein Thene e
147 1447 1113 1551 schlagen, vnd ein liecht angezundet, volgen
145 1512 1108 1612 habendt sy ein loch in den offen gemachte
144 1568 1137 1667 vnd dardurch In die Stuben komen, den
149 1637 1111 1742 ihnen vom hußman verzeigten trag mit
139 1699 1118 1799 ysen, so sy im hinderen zuß gegunden, ge
133 1761 1104 1862 hoffnet, und daß galdt, so in underschilen
148 1812 1102 1920 lichen seckn waß, daruß genome, gein
133 1876 1089 1981 widerumbzu imo uff die lauben komen,
131 1939 1086 2041 Da sy beyemahndn verbliben biß das man
130 1995 1097 2104 am morgen geluthet und die thor geoffn
108 2048 1107 2158 domahlten seyent sy widerumb hinnß gesten
130 2116 1104 2212 vnd angentz zu dem bemelten Exspach gan
1031 2172 1085 2224 A
115 2179 1078 2280 dem habint sy by den 2. henden vol gnütz
119 2236 1086 2348 In krützeren und halbbe für seinen teyl
83 2295 1088 2398 bartheilt zugestelt, sy aber spyendt gtrackht
110 2333 1096 2467 fort gegen kärßertz gezogen, alda s nde
108 2407 1099 2528 halb dem dopff In einer Malden Dahel
92 2477 1088 2580 gezelt, doch glaubt er wohl seine gspant
88 2538 1081 2645 habent nit alles her für geben, dann im
74 2605 1079 2713 seye zu seinem they nit mehr alß 150
98 2636 1076 2749 darunder segen 50. lb Sonnen Crauen, daß
106 2721 1071 2822 übrige in Reichßtaler und diesen gsyen
563 2782 624 2824 ane
531 2783 555 2818 d
92 2783 1069 2893 zutheyl worden, von abent sy sich hmntein
98 2818 1071 2944 ander nach Fryburg off den meyen märe
103 2875 1082 3018 begeben, daßelbsten habe er sein Jetzigkich
