2448 3264
259 41 1105 325 Drntensen
270 145 1154 372 schafft Anspach, zeigt an, sein bruder welch beheun
249 177 1167 429 inne inn dise landt gebracht, er für sein psohn habe a
255 239 1109 441 grysten ghüetet, jetzund aber gegen dem witer sin
250 282 1117 496 worden, also das er nothwendig dem bättel nachprechen
240 331 1103 537 Disem ist abanmestig gangen wie dem vorgescheibnen.
213 433 1176 671 Maria Meyer, deß vorgemelten schnüders ehewyl zu
250 507 1188 730 angferdt vor 5 jaren in dise landt kommen, und habe sy g
234 552 1183 776 dienen und theils mit nagenn erneert, letstlich habe
238 595 1183 814 landtsman, welch gantz kranek, vnd voller vnracht gens
247 651 1172 856 eüberet, der hab sy hernach geehrlichet, mit welchem sß
228 717 1070 885 begere ohne iemants beschwerdt fürzebrungen,
205 769 1020 936 Diseren ist eben ergangen, wie irem eheman,
192 864 1178 1077 Ottilia Keßler deß hieuorgemelten Lur Keßlers bruder
230 936 1178 1109 sich also, als sy alhie in dise landtkommen, habe sy sich anfage
217 996 1182 1154 dienen erhalten, hernach habe sy sich mit daniet Gngische
210 1033 1165 1182 shnyder ab dem lengenberg, behelichet, mit wellichem sye sy
208 1085 1173 1237 jaren mit den Lutzerneren inn das viemant gezogen, da dan
201 1142 1177 1291 hernach zr man (dem sy auch volgen müßen) ußgristen und sy
216 1200 1167 1332 gstorben, worrüber habe sy im landt Glarus, der grosen
214 1238 1167 1372 tafelen kaufft, dieselbigen hin und her getragen widerumb it
215 1289 1172 1433 sich also darmit erhalten, unlangest habe sy den vorgedachen
203 1346 1165 1476 Koßtler iren bruderen welchen sy 3 gantze zur nit gesech
214 1397 1166 1521 troffe, dan habe sy zu jra genommen und bekleit, sinsten süh
199 1435 1163 1563 disen landen niemants überleyen gsin, habe sölliches ouch nacht
191 1487 505 1577 sych nit zmm sinn.
188 1577 1168 1661 Disere ist ebenmestig uff ein gute censur hin ledig gelassen,
184 1620 856 1697 wordenn den 28. ootobris 1640.
2219 68 2295 126 52
1211 111 2290 467 nen n
1210 194 2323 547 nndg
1207 387 2283 696 Rachdem dieselbige, als ein Junge vmbschweit
1226 501 2191 718 e weibs person, mit nach anderen mehr vor
1215 524 2308 793 vons verwichner tagen von Gertzenste gefencklich
1203 612 2261 855 Halhar gebracht, vnd volgendts den 27. vndt 30
1216 697 2284 917 Enmonats, Vß beuelch mehrn vndt Oberen, durch
1198 770 2300 976 Heren Jacob Grüser ir g3 geliepten mit raht
1195 845 2297 1027 unbtsein und gegenwürtigkeit herren abrahan
1218 908 2227 1071 guts, herren Jacob Kummen beid des großen
1207 991 2251 1156 achts und herren Großweybell Leerbers
1200 1057 2301 1207 har begangenschafft und labwäsens halben, exami
1210 1143 2220 1260 nit und befragt worden, Hat sy darüber
1206 1167 2265 1322 solgender maßen geantwortet, es seye nit weniger,
1212 1269 2302 1378 ann nachdens sy vor etwas zeits uß dem schallen
1207 1353 2247 1449 nrk alhie ledig gelaßen worden, das sy sich daruff
1208 1430 2194 1523 ußem jüngst mit dem strangen hingerichteten
1210 1487 2303 1594 rlaus müller irem bruder begeben, mit welche
1195 1566 2176 1661 ein sy etwas wenig zeits jm landt umbhar
1187 1596 2221 1729 gtzogen, und do derselbige Eestlichenn mit einem
1195 1677 2236 1781 seinem gspanen, einem bauren zuo Lißach, dem
1204 1736 2272 1840 sy heiters tags in das huß gegangen und by den
1199 1786 2282 1919 f uß einem trag, den sy uffgebrochen, gestollen,
1190 1854 2196 1973 daß sy domahlen vor dem huß die wacht
1203 1905 2212 2034 alten söllen, sy habe sich aber darab entsetzt
1195 1963 2260 2112 beye von dem orth hinweg, biß nach Hettiswyl
1192 2035 2298 2190 gegangen, daselbsten sy irem bruder und gespanen
1189 2093 2256 2255 gwartet, alß sy nun zu Ira kommen, hab nit sy
1185 2163 2223 2300 ira von dem gestolnen gäldt by den 25 t für
1180 2219 2254 2369 iren theil zugestelt, welche sy zwar erstlichen uß
1176 2274 2280 2438 geschlagen, hernach aber angenomen und dieselbige
1175 2332 2300 2503 In etwas tagen darnach ires hingerichteten bruders
1185 2389 2274 2577 rauwen, welche groß schwanger geweßen, überant
1180 2443 2250 2626 wortet, die habe selbiges des Pfisters frauwen
1169 2502 2276 2705 Ush dem reyn by der papir Müllin, daß Leste
1186 2582 2236 2751 Buß gegen dem grauwen holtz, allwo nit nur sy
1190 2639 2259 2803 sonderen noch allerley anderß schölmen gsindt vill.
1193 2695 2245 2860 fahlen dorten zherberig gewesen, gebehalten geben
1183 2743 2228 2924 und nach ihrer erledigung dorten widerumb hinweg
1178 2810 2235 2991 nommen andere diebstähl hab sy gar nit verbringen
1176 2855 2188 3029 helffen, der mehre theil sachen aber, so ir beide
1178 2929 2300 3130 imgerichtete brüeder, hin und für ihm landt entfrömb
1185 2977 2275 3178 et, habindt sy Wilhelm Liser einem potzen, welcher
1168 3026 2274 3228 sich drußen zu Brunnaderen ufhaltet und der
