1151 2983
125 150 1127 345 sr auch uff beschechenes begären, mit allen by sich si
147 236 1126 392 den schrifften, gutlichen hernb geben unndt gee
149 302 1119 432 sich alhar beleidtet unndt in oberkeitliche banter
144 344 1111 472 andtwortet worden. Es habe sich aber befunden
134 409 1121 526 vilgedachter Früschbertz, nachdem er sich einmalsg
140 442 1118 569 das schaöder laster des yßer ynnemmen unndt
138 497 1117 617 In ubung vilfaltiger wüssendschaffter untrüwk
137 547 1117 673 unndt tringen lassen, er sich darmit nit verugt, a
144 607 1108 698 das er etwas zu erkandtnus diser grosen unndt
143 666 1115 757 schwaren fähleren, ouch rine unndt leidt darüber
131 719 1120 811 bracht worden wäre, sunder ware bed leider
138 781 1110 868 gerathenn, das nach dem ein gnedige hoche oberkeit
139 828 1111 911 berürte untrünr anfang spüren, ouch billicher w
139 875 1104 967 derselben nachforschenn unndt die strafen söllen
158 942 1112 1029 ein gmit vnndt harte dahin gewarth, wie er mit
140 980 1107 1095 nerung verlümb unndt vlesterung hochgedacht ir
159 1032 1116 1132 ach gutt machen unndt vort der weldt beschonen noc
141 1090 1098 1178 dan under andren seinen hürgeschickten schrifften
137 1130 1110 1227 auch ein papör von seiner eignen handt geschriben
142 1179 1099 1266 funden worden, inwelchem er trüscharz hindan
139 1233 1094 1326 gesetzt alle entürliche pflicht gsegen seiner zohene
147 1277 1102 1379 oberkeit unndt vergässen aller guffhaten, so er
146 1334 1099 1425 derselbig von jugendt an mit befürdrrung an ehre
136 1386 1093 1473 ampteren von einer staffel bis zur andren un
123 1434 1095 1515 bis nach an den höchsten grad empfangen, sich son
122 1489 1100 1581 vertrabt, das er dieselbige sein hochen oberkeit, derlih
124 1543 1087 1620 der lychtfertikeit des memeydts der t
134 1589 1089 1682 ungrëchtigkeit unndt der böses hus haltung beschien
124 1642 1093 1729 vnndt in selbigem seinem Schmachmemoriar
125 1688 1086 1788 liche gründt ynfurth unndtnamset, durch welche
127 1754 1093 1846 er dise erverletzliche zulagen zu erwysen vo
121 1800 1091 1873 alles zusamen sachen, dde da anders nit als d
136 1854 1084 1945 asa sarestatis betitlet weyden mögen. Desswegen
106 1906 1079 2003 hochgedacht ir ge hern schuldtleissen Rüthen
116 1953 1078 2048 unndt Burgeren disers loblichen standts uff vr
127 2012 1082 2104 so grusame wider derselbig uff papyr gebrachte
115 2066 1079 2148 unndt lesterwort beliebt unndt gefallen, dey
106 2114 1079 2215 ehrenuesten, frommen fürnemmen, fürsichtigen vel
115 2166 1069 2266 Wysem herren Gabriel von Waffenwyl hr
118 2221 1074 2302 Hans Rudolff Breder beid des klernen hrt
108 2279 1078 2356 Geörg im Hoff unndt hrn dunid mülleri
114 2321 1068 2420 grossen raths anzebeuelchen, über dis schmache
116 2377 1076 2453 Memorial, vnndt wie er dasselbige gmeindt, all
108 2446 1058 2517 ernst zu exammieren unndt ir gng seine
111 2477 693 2571 bekandtnus widerzubringen.
756 2483 1072 2566 Vff welchent
105 2528 1072 2635 beuelch wolgedachte dern verordnete den 24 jut
101 2580 1063 2664 dis ab 40 jars dis anbeudlchnr examen angete
86 2645 1068 2741 hernach den 28.n dito continuiert und uff verneh
97 2687 1062 2799 heuelch den 3. sembris beschlossen, da den woler
94 2738 1053 2847 deirenn alle obbemelte punsten je einer m
92 2808 1044 2901 andren. in bysein unndt gegenwürtigkeit s dan
97 2855 1031 2969 Büren groswreibels und andrer wolgedachtet
