1143 1670
130 19 1145 177 Hanß Albrecht ein hubsiches junges knübli u der Marge
127 115 1128 205 schafft anspach, zeigt an, sein bruder, welch unlangest gstorben, .
123 155 1123 238 inne inn dise landt gebracht, er für sein psohn habe disen somer
132 211 1132 288 geysten ghüetet, jetzund aber gegen dem winter, seye er geurlaube
129 248 1078 323 worden, also das er nothwendig dem bättel nachtiechen müßen,
124 290 963 389 Disem ist abinestig gangen wie dem vorgeschribnen.
94 410 1121 501 Maria Meyer, deß vorgemalten schnyders ehewyb, zeigte an syh
126 450 1126 535 ungferdt vor 5 jaren in dise landt kommen und habe sich theils
121 500 1122 572 dienen und theils mit nagenn erneert, letstlich habe sy irem
127 556 1124 633 landtsman, welchr gantz kranck und voller unraht gewesen,
134 599 1115 676 seüberet, der hab sy hernach geehrlichet, mit welchem sy sich ac
122 647 919 723 begere ohne iemants beschwerdt fürzebringen.
112 718 857 786 Diseren ist eben ergangen, wie irem eheman,
95 782 1127 890 Ottilia Keßler deß hienorgemelten Lur keßtlers bruder eantwort
121 837 1123 932 sich also als sy alhie in dise landt komen, habe sy sich anfengetliht
123 898 1119 966 dienen erhalten, hernach habe sy sich mit daniel Gnggisperg eine
112 938 1118 1019 schnyder ab dem lengenberg, behelichet, mit wellichem sye syvor
109 985 1114 1068 jaren mit den Lutzerneren inn das viemont gezogen, da dannen sy
120 1034 1109 1107 hernach ir man (dem sy auch volgen müsten) ußgrißen und sicher
122 1081 1119 1157 gstorben, worrüber habe sy zm landt Glarus, der großen steinen
120 1116 1110 1192 tafelen kaufft, dieselbigen hin und her getragen widerumb verkaufft
124 1168 1106 1264 sich also darmit erhalten, unlangest habe sy den vorgedachten
108 1211 1104 1303 Koßtler, iren bruder, welchen sy 3 gantze zur nit gesechen) auch
121 1269 1110 1358 troff, dan habe sy zu jra genommen und bekleit, smüsten syr sy z
108 1304 1104 1390 disen landen niemants überlegen gsin, habe sölliches ouch noch dise
115 1355 389 1424 zuch nit im sin.
93 1427 1107 1497 Disere ist ebenmestig uffein gute censur hin ledig gelaßen
106 1460 719 1537 wordenn den 28. ootobris 1640.
