1166 2956
31 26 1102 231 Welchergstaltenn sy namlich der geweser teckel
48 75 1114 272 und diser syn knecht von Biel hinwegg kommen, seye es
55 131 1108 319 also zugangenen. Deß Hamstags als der hu landt
56 166 1124 377 vogt von Rydame sein commistiag vor räth und Bür
62 207 1134 397 geren zu Biel abgelegt, seyenn alsbalden drey der kähten.
55 258 1102 442 namlichen hr Hëgi hr lätner und h Haus zu
61 308 1129 495 seinem h gangenn, die hab nit im die gantze sach an
63 361 1106 539 gezeigt, vnd zugleich gebettenn, er sölle sich fort machen,
54 404 1124 585 dann sy habent eben von deßwegenn, das er sich an andere
61 453 1109 621 orth zun die sicherheit begebenn könne, die sach bis uff
47 505 1109 670 den daruffvolgenden montag auffgeschobene, derwegen
43 558 1123 717 Daniah keller sein dochterman so sich auch dorten befunden
44 593 1115 772 der frauwenn im hust einen gwüstel secket mit
58 660 1111 807 goldt, welchen ermelter sein Schwecher, Ira vor disem
58 706 1097 863 zu behalten gebenn hate, abgeforderet, den sy imme auch
54 770 1080 902 zugestelt, welchen er gröffnet, 100 zwifache Durcatenn
365 816 1077 912 seinem schwächer dargezalt, hernach
44 871 352 951 darnst genommen.
51 864 1097 994 den sëckel widerumb verpitschiert und der frauwen
377 907 1105 999 Worauff seye den gewesene Sockel¬
62 960 350 1037 uberantwertet.
58 955 1088 1083 meister sampt imme seinem diener zu pfardt geseßen.
66 1024 1099 1129 und mit zweyen bürgeren von Bieb, da der ein
56 1073 1110 1163 Bannhüser zum geschlecht, der ander aber ein wuhwaber
-2 1124 55 1183 den
69 1106 1074 1214 seye, die inen von iren herren zugebann wordenn,
58 1166 1081 1250 zu dem kleinen thörli auß der statt durch das tall
-3 1213 1098 1296 d sperger hinander bis nach Basel grittenn, vnd  zum
924 1254 1003 1291 ziech
19 1261 1074 1341 Wildman eingekennt, daselbstenn sy sich vom montag
65 1309 882 1394 bist uff den volgenden tag auffgehaltenn.
42 1388 1067 1482 Anzwüschen habe sein hr der gewesne seckelmeisters
63 1476 1108 1529 für den rath zu Baseh begert, daß seye imme aber
57 1508 1113 1571 abgeschlagenn und doch 2 rahtsherren zu imme verordnet
28 1565 1081 1622 wordenn, welche inne empfangen, gsellschafft gleistet
50 1600 1090 1684 iun seinen beschwärde angehört vnd gsprocheg habenn,
46 1658 1074 1717 die er inen gschrifftlich übergeben angehört und ver
65 1696 1070 1772 gsprochenn habenn, sölliches alles iren h und oberenen
64 1729 298 1807 fürzetragenn.
55 1791 1106 1897 Mitlerwyl habe er der gewesne seckelmeister frrschen
68 1849 1103 1952 vil gschrifftenn und brieffenn. h Doctor Burckhartenn
57 1891 1081 1989 zugestelt, der hab im versprochenn seine versprechungen
52 1941 1097 2032 und hiemit auch die gantze sach, inn an ordenliche form
62 1980 496 2056 uffrapyr ze bringenn.
44 2022 1084 2152 So habe auch deß vorgemeltenn daniel Waaten bruder
60 2101 1067 2191 so sich zu Basel uffhalte 50 Zwifach durcaton Heber
63 2144 1065 2229 haltenn gebene, saust wüste er müt wyters, Eo aber
39 2175 1104 2292 ie ein kistli vollen gelt (wie imme durch die s eramig
55 2213 1083 2333 uateren fürgehalten worden) nach Basel zum hr. dortor
41 2266 1078 2372 Burckharts hus getragen worden seye, so müste es erst
57 2308 1078 2415 sithero, das sy zu Rynuelden gfangeklich angnommen worden.
56 2367 1070 2464 geschechen sein, Hieruon aber werde ninants bester als
50 2416 1089 2505 sein dochterman daniel Keller, oder dergemelte daniel
40 2455 1085 2541 Wad zu viel wüßten, dann als der geweßne seckellend
53 2486 1081 2614 dortenn verritenn. Hab er sich mit sonderr demselben
60 2528 1062 2664 underrert, daß wo er gelt oder etwas anders begere
43 2575 1084 2706 das er wadt imme sölliches zuschaffenen solle, darby es auch
54 2620 1049 2731 domalenn verbleibenn, möge also der ein oderredere
55 2671 1078 2790 hierumbbef Eunstern sölle seithero i sachen dem
60 2723 1104 2831 so feitknecht zeüerwaren anuertrunt, hierumb zu
43 2763 1067 2875 znuertanung ufgricht, eins dem seitknecht und das ander
