1137 3063
39 11 957 369 ndgeseitt
33 139 1031 422 nen, vnd nochmahlen wan es beßeurge¬
31 226 934 510 ee n gee
27 280 979 594 pratoanate
22 353 1051 665 lg ng ete
18 444 994 709 Casser zu Mulchi antroffen denselben
22 510 994 792 vsrochner theilung erinneret, woruff er
15 593 991 882 eengn ohe he i
17 710 1031 946 gelagne zusamen thunfft seinen antheil rden
16 763 1032 1000 glaßen, en seige ihn saber seitharo nit mehr
21 867 1039 1082 gesesen, es seye Ihme auch von dem gar nichts
26 1036 206 1135 worden.
18 1012 1045 1209 kindlest vorgedachter Faltehen schlußlen, seye
27 1094 1069 1277 er, vnd sein dirnzu Niderosch in ein Käller
16 1196 1060 1357 brochen, darin aber nichts dann ein wenig
27 1245 1069 1397 biren funden, die sy auch darinn blyben laß.
15 1339 1055 1500 gampach mit hilff eines meitlins nammes
26 1427 1065 1566 Greth In ein Kallerbrechen wellen, dar¬
28 1508 679 1646 ob sy abler kagt worden.
17 1553 1048 1714 Iben vorselbigem dorff vff dem Veldt, ha¬
34 1666 1050 1760 bint sy wellen kornahren abschneiden, es seye
33 1720 1001 1859 aber albereith heites tag gsin gstalten das
29 1808 471 1913 syes verblyben laßen.
-2 1866 1014 1985 V. Im Solathurner Gepieth, habe gedachtes
34 1939 1011 2016 meitli uß einem tenm 3 maß korm
41 2006 1002 2120 genammen, so sy mit einanderen verbrucht
36 2079 1066 2191 an einem anderen orth soloth gepiets, heige
24 2149 1030 2229 Diß meitli uß einem huß em par losen, ein
46 2201 1049 2329 gulachen und ein weyber uembd gen
27 2270 1060 2384 daruon Ime dz Eynlachen, von den hosen
45 2339 1061 2454 und dem Hembli, so sy zu Mulchi verkaufft,
38 2411 435 2513 sbz worden
2 2490 1014 2608 Mit hilff des meitlins und eines gsellen
31 2554 993 2664 hauß mit obgemelten schlüßlen in ein
52 2613 1061 2720 Jadenbrochen, daruß3. maß Augken ge¬
30 2668 1043 2804 namen, selbigen zugleich under sy getheilt
10 2737 1031 2857 3. Aber im solathurner gebieth zeige er und
54 2816 1059 2928 das meitlis uß einem Kaller1 maß
51 2868 436 2982 korn genommen.
978 -10 1046 48 93
