2448 3264
497 247 1069 422 ie  d
560 325 1067 507 Alten serstlch dile
269 536 1198 722 Nach dem derselbig Vngferdt vorvier sruchenn
340 602 1141 793 mit andren letsthingerichten personen zu
330 672 1149 829 Schwartzenburg gfengklich angenomen.
347 756 1206 949 alhar gefurt, vnnd seines Lebwesenßhalben
349 856 1175 1003 examiniert unnd befragt worden, hat er
335 916 1193 1067 damahlen anders nützit bekennen wollen
346 982 1190 1155 dan das ime die schwaren krieg, welche sein
350 1069 1203 1227 vaterland gantz ußgesagen und verderbt habe.
345 1158 1205 1286 dahin gebracht, das er dasßelbige verlaßßenn
342 1203 1195 1355 unndan ander orth seignahrung nach truchen
325 1274 1213 1433 Deßßwegen er sich in dise landt begeben unnd saht
363 1365 1208 1503 erstlichen dem buren uff dem schorren anderthi
344 1437 1208 1564 jahr lang (rev) die schwey gehüetet, vonn
348 1533 1139 1645 dannen habe er enethalb der sensen im
320 1595 1202 1712 Freiburger gebiet, einem buren ein jahrlang
315 1671 1194 1769 gedienet, sich also mit arbeiten ernehre und
357 1750 1194 1838 erhalten, biß das er im bach uff dem lengen
341 1829 1176 1908 berg zu einer gwüßßen hreibsperson, welche
332 1881 1177 1981 Anna Dern hanße und uh dem Gugisperger
335 1949 1177 2043 pürtig sye, sich befunden, deren er die ehe
259 2005 1183 2124 Versprochenn vnnd albereit zu heiter wied im
341 2078 1199 2198 Fryburg gebiet kilchenrecht müt ira gethan
344 2150 1170 2284 begere auch mit derselben hinuß in sein
343 2216 1179 2353 hennat gezüchen, und niemandts mehr In die
343 2291 1167 2425 landen überlestig Iesein., Vff weliches sein
352 2360 1150 2476 anerpreten myhl und oberen inne der
345 2415 1170 2578 gfangenschafft erlassen, vnnd ohne Eydt
301 2464 1175 2628 hinweg gewisen. Wyl er aber vor kurß
339 2543 1174 2690 krunkter tag ab einem diebstal ern
307 2625 1188 2771 und gfengklichen alhar gebracht worden
308 2670 1170 2839 haben hochgedacht mght und obren benolchen
333 2740 1152 2932 das er deßßhalbenn weiters befragt unnd
336 2794 1151 2978 mit zimlich marter geseckt wrden solle
2144 62 2290 168 29 b
1411 142 2293 411 destliengen
1425 242 2296 458 deß edlen wie auch ehrenüesten eecd h Nielanh
1417 291 2306 512 Lambachs de� kleinen Bernhart von Werths
1423 351 2280 582 desgrosen unnd daund von Burens Grosse,
1440 440 2303 638 weybels uff mitwuch den 11. septembr 1699.
1431 495 2240 714 dart bekent und verzachen wie volget
1409 570 2274 771 Erstlichen als er us tringender hungers nach
1447 626 2324 815 alhie zun dise landt kommen, habe er eyheiten
1452 668 2290 860 nndt im feyburgr gebiet us einem hust zu
1457 722 2259 907 dem fenster auß einhalben leib bruth vnd
1449 840 1872 958 einhalben käst genommen,
1425 866 2301 1029 Ann einem anderen orth in gleichem gebiet e.
1441 932 2291 1071 alte par schuh, den hut so er nach trage, item
1442 982 2160 1134 leibbroth und 2 käst, so er genosen
1437 1074 2265 1190 Nit wych von dannen ein alt par byn hosen
1446 1174 1692 1244 so er getragen.
1437 1181 2295 1311 Unferr von dannen ein wüllin wansel, das er
1442 1292 1668 1360 ouch angelegt,
1441 1333 2061 1424 uff dem lengenberg ein niden h
1445 1413 1685 1473 alt par schuch,
1433 1460 2012 1555 Im Solothurner gebiet zu wie
1464 1526 1983 1603 broth und ein stückli käst, dase
1452 1576 2219 1686 Unuer von dannen zu Sihenach ein klein
1454 1637 1975 1738 Hußkestli, so er auch genoßen,
1420 1692 2057 1805 In der Herrschafft Murten, habe er
1442 1749 2184 1882 stecken, daran ein Jagli gewesen, zu
1429 1798 2184 1917 fenster hinyn griffen und einhalben leibb
1441 1854 2174 1983 tscher gezogen, hernach sye er zu dem
1439 1910 2182 2034 uff dem schorren kommen. Seithero
2251 1957 2300 2020 en
1440 1955 2296 2109 das er sich behelichet habe er anders mitzit als
1441 2016 2183 2154 in im Guggisperg ein alte ginppen g
1420 2047 1848 2167 die sn wyb nach trage
1444 2106 2269 2318 und letstlichen als er der gfangenschafft alhie
1447 2185 2183 2360 erhaßen worden, sie er zwar willens gn
1431 2238 2301 2446 sich mit syner frauwen hinanß in sein vater
1436 2281 2288 2481 landt zebegebenn, Es habe aber ire muter
1443 2338 2183 2507 wyl syn frauw sich schwanger befü
1443 2374 2180 2566 sölliches nit zulaßen wellen, also sye er
1421 2436 2272 2639 inen dem bättel nachgezogen, wie sy nun
2203 2529 2288 2582 mit
1448 2468 2284 2697 ff der allment by diesebach zu einem tunen
1451 2520 2299 2764 hust komnen, vndttt daselbige fur gefundenn
1435 2578 2286 2793 habe yyn schwiger synen stieffsun, welche
1449 2619 2297 2844 engferdt. 13 hur alt sye und den syn frau
1451 2666 2301 2907 bnehrlich erzuiet habe, heisern zu dem pfenster
1455 2717 2244 2939 Füryn stygen, so er gethan, der habe nun die
1436 2770 2214 2981 schlüsel an einem trag gefunden, denselbe
1437 2824 2185 3025 habe er ufgeschlaßen, vnd einem seckeld
1426 2870 2173 3075 3. b. gewesen, sampt einem par ehuch.
1432 2905 2188 3120 der stuli genommen, wyl man iren aber
1450 2965 2183 3166 rüber nachgeglt, sye er ermatcht und alh
1432 3021 2155 3194 gebracht worden, pete hiemit umb ge
