1839 3264
831 102 1823 239 worden, hat er doch deren (uureacht er alß erschene
844 147 1839 269 lär, dast 2 mals mit dem kleineren, vnd deß 3. ma
839 213 1843 326 mit zweyen steinen afgezogen worden, keinen geschehen
839 250 1831 365 sein wellen, diser ist uff ein consut hin ledig gelaßen
831 302 1821 412 zur arbeit ermant worden, den 30. docembris 1639
809 510 1821 639 Raodolff Hertzog Mathyß hertzogenn
843 587 1815 671 von Sanenwyl sohn, welcher mit dem vorgemelten
826 637 1833 729 Mariz Schryder gfengeklich alhar gebracht worden
831 686 1825 775 hat nützit anders bekent, dann das er disen bschmen
821 748 1824 818 Emer sy Ulli schloser zu Wallenbuch gedient,
839 780 1842 873 nach 3 wuchet lang zu Aschauw getröschen und diß
839 850 1831 945 malen nach meher zuträschen gesucht habe, seye also
823 912 1833 999 zu allem unglück ds für disens huß kommen und
829 962 1816 1049 die nachtherberg begert, so im auch der hußmister
831 1019 1814 1103 vergünstiget, worrüber en sampt den anderen beide
822 1069 1823 1159 welche auch daselbst vbernacht gelen, gfangeklich an¬
829 1113 1821 1216 genommen worden, sunst habe er niemand nühit vo
847 1186 1815 1275 entrünnet, begehre auch sölliches nit eethun, sonder
836 1267 1818 1328 einem ehrlichen mr zedinen und zearbeiten, der
832 1297 1813 1369 uff ein gute consur hin ledig gelaßen worden, den 30.
815 1343 1113 1419 decemb o 1639.
820 1434 1830 1553 Michel Schnyder ein gar junger knat
839 1535 1813 1589 von Mundingen ust der Margrafschafft Hachberg
831 1568 1798 1639 sagt, imme seye sein vatter vor 12 Jaren von dem
806 1608 1816 1684 keiserischen steüteren nidergemacht worden, woorüber
822 1663 1815 1746 seye er als ein arms vatterlosrs kindt, alhar in dese
819 1715 1828 1805 landt kommen, vnd habe vnd am leberberg daß sey ihs ge¬
827 1763 1812 1852 hütet, jetzunt hate er genn widumb einen meister
823 1817 1780 1909 gehabt, denselben habe er auch gesucht und sye also
825 1876 1814 1960 ungfert zu disem hust kommen und nachther
824 1931 1814 2009 berg begert, da er dann auch ebenuestig gfengcklich an¬
822 1978 1812 2075 genommen und alhar gefürt werden, diser ist uff
820 2037 1821 2118 ein gute consur hin ledig gehaßann worden, den 30. de
1619 2087 1787 2175 1639
784 2075 1753 2300 Bartei Fischer von Aeten noch st bey
928 2264 1464 2354 Villingen anß Schwaben
820 2328 1825 2420 NNachdem derselbe schan zum anderen mal alhie gfangen
814 2404 1816 2477 gwësenn das letste mih mit dem eydt swisenn
815 2442 1815 2525 und zetent widerumb gfengeklich alhar gebracht, ist er
812 2491 1826 2577 uß beuelch myner g s und oberen durch h sammel fr
806 2549 1822 2631 dennach deß kleinen hr sammel zur kinden deß großen raht
803 2599 1814 2674 und hr Großweibel von Büren, den 45 januarii 164
797 2643 1814 2727 jars hierrüber eraminiert wordenn, der hatt hieruff
814 2703 1820 2779 bekent, das er zwar willens gwesenn seye, sich mit s
794 2733 1843 2827 frauwenn hinust inn sein heimet zebegebenn, hab also s
788 2805 1801 2890 wegs by Castnitz us einem hust ein hußkeßten und ein s
804 2863 1058 2939 berth genommen,
797 2910 1792 3015 Item inn einem anderen hust in leibbroth, 1 Hußkestli ein
816 2970 1316 3059 nideren hut und ji kragenn.
