1098 2952
74 51 1070 304 Blumenstein mit hilff einessin namens Hans-
78 137 1077 355 von digrißweil bürtig unnd noch eines andren
67 205 1086 402 dessen namen Ime Vnbekandt, vß einem käbe
86 283 1107 522 einhalben kübel mit anken und 2 broth stäben
72 349 312 452 helffenn.
57 445 1085 648 Mit weith von gedachtem Glumenstein, habe eige
84 513 1097 738 seiner gesponen und er uß einer kuchi 2 stägken.
73 569 1063 783 Volten dren Rindtfleischs unnd ein stäcken
64 656 545 783 vol würst genomen.
67 741 1051 929 zu Gigken habe er ein leib broth uß einen
87 825 471 938 ofen gestollenn.
84 910 1032 1078 zu Konelfingen mit hilff einer frauwen
74 999 1075 1166 namenß Barbli ein Jmeli mahl ein pfundt
74 1061 1050 1203 ankenendtwändt, söliches mit einandere
54 1129 298 1251 getheilt.
45 1256 1058 1442 Nitweith von Murten heige er2 leibenn
59 1334 476 1446 brothendtzukt.
37 1425 1040 1606 zu Kriegstellen habe er ein stäffen vollen
71 1520 994 1675 fleisch unn 4 brathwürst genommen.
78 1621 1018 1787 useinem Hooff bysvringen mit hilff
56 1730 1050 1863 zwäyer andren (die gunesunß unbekandt.
58 1806 1009 1925 habe er uß einem käller, den der ents
67 1858 1072 2023 gspan by nacht mit einem schrötysen vfbrochen
75 1944 1023 2087 einhalben käse unndt vierbroth stälenn
48 2004 980 2134 holffen, so vnnder sy getheilt worden.
36 2131 1044 2257 zu Mischelberg by wynigen seige er eei
38 2227 1039 2350 halben leib broth unnd ein stuck fleisch ges
69 2295 253 2377 nommen.
46 2371 1031 2489 sy signamw in gsellschafft seinermuter und
58 2440 1018 2571 seiner frauwen uß einem schafft 2 lb amkegn,
62 2514 705 2621 und in immeli mahl gestollen.
24 2627 1015 2771 In geselschafft obluch uß einem hafenn
30 2686 412 2797 22 lb fleigg
