1143 3034
19 55 1128 194 41. Obenthalb kärsents einem Pfister umb 12 bzg broth
12 116 104 202 42.
97 134 901 267 In critz us einem käller 2 hußkäsen,
19 200 99 266 43
121 218 886 325 Im töüffenthal ein kübli voll nydlen,
13 275 102 378 .
129 291 1150 474 ff der Sigeristwyl Abrperst einem fürsetz, zwo phyffe
115 357 1121 499 is kvattern voll fryst ein gebsen voll milch und ein
99 420 412 503 derrenn Käst,
7 472 100 551 45.
106 472 1130 642 zu Eigristwyl 2 löffel und ein laden voll dürc kirßtenn,
1 575 94 651 4b.
114 588 1043 707 Im baselgepiet und eines köst und in stuck broth
13 673 94 743 43.
113 656 1021 799 uf einem keller zu Hiltersing i leib broth.
4 760 90 827 48.
112 760 1089 896 zu Farni ob Stänistburg us einem hafen ein wurst,
19 854 83 930 49
94 843 1126 988 zu kälnach ein rumpffziger, den habe er zu Kertzers
115 936 583 1025 umb 20 btz verkaufft,
8 1009 84 1112 N.
129 1017 1104 1155 und letstlich so habe er seinen zu Thun geschwornen
110 1070 1108 1204 rydt mutwillig und fürsetzlich übersechen und sye also
112 1146 746 1227 schantlicher wys meineydt worden.
119 1279 1141 1401 uff sölliche syne deß gedachten Maritz Schnyders vilualtig
117 1348 1130 1453 bekandte diebstäl, böse und schwere mißhandlungen. Habenn
118 1401 1133 1493 ingh und oberenn, s schultheis räth und Burger diser
73 1451 1097 1545 Freyenn und toplichen gtatt Bernn uff iren eylt zu
95 1501 1118 1600 recht erkent und gesprochene, daß man inne dem nach-
108 1571 1119 1656 richter abermal beuelchenn, der inn oben ust uffgwohnliche
102 1630 1100 1706 richtstatt füren, imme daselbsten sein haubtschlachenn und
109 1695 1094 1764 also mit dem schwärt vom leben zum todt nach dem
89 1725 740 1820 keyserlichenn rochten hinrichten sölle,
122 1815 1123 1913 Den 17. julii 1641 ist dise urtheillen an imme erstattet
128 1878 1107 1949 wordenn. Er hat aber drnstenn inn der haubtgrubenn
117 1936 1096 2002 nach bekent, das er mit hilff Caspar Wältins einem
113 1986 854 2079 gmeinen landtkrämer murden helffan.
341 2129 781 2248 Anna Zihnerman,
125 2225 1117 2360 Nachdem bersehiner tagenn Anna Zuuerman,
125 2329 1110 2417 Heinrich Zimmarmans, eines tagneners bürtig von Kilchlindach
115 2390 1148 2460 eheliche dochter vor etwas verwihner tagen, umb eines begangen
109 2427 1140 2518 diebstahlswillen, gfengeklich alhar gebracht, ist sy volgents dar
114 2478 1108 2564 uff ußmeiner g h undt oberen beüelch. ires läbwesens
111 2518 1148 2612 halben examiniert undt befragt worden, die hat nun uffmontag
106 2566 1131 2654 Den 26. undt letsten verschinen brachmonats dis 1641 jars jr
101 2615 1140 2703 by syn unndt gegenwürtigkheit der ehrenüesten frommen wo
105 2648 1147 2737 geachten fürsichtigen undt wysen herren Abratam vorworts
99 2715 1121 2795 des kleinen. Hans Rudolff Jennens Hans Jacob Kymans
105 2758 1147 2857 des großen rahts undt samuel Lerbers des Großwey
104 2803 1129 2884 balt samptanderen meiner g s undt ober dieneren der
97 2849 1139 2964 weyblen mehr bekhent veröchen undt an der martererhalten
99 2942 340 3013 wie volget.
