1188 3060
124 95 921 213 Hanß Schwar vonn Sanißburg.
107 193 1192 336 Nach dem derselbe am osterzinstag Anno 1641 als hu ni
123 261 1149 359 Bachman schultheis zu Thun der versambten gmeint zur
128 308 1193 418 Stänistburg myner gh meinung der angestelten contributin
124 361 1145 460 halbenn eröffnet, mit noch anderen mehr trotziger wyß
117 425 1152 526 grett, wir wändt der täll nüt, gar nüt, den hut zm
109 463 1145 585 den kopff gezogenn, vnd ein söllich getinnet anfachen helff
110 523 1163 625 das der h. schultheist daßelbige künerlich stillen mögen
123 591 1139 675 sich hiemit jrg ansechen gentzlichenn widersetzt und zu
121 636 1156 729 dem sr schultheistaan grott, er sye eben so gut als der selbe
120 686 1139 788 Item er thüeye synem eydt nit gnug, znn dem das er sy von
111 760 1161 846 iren alten bruch tringen wolle etc. Ist er deßwegen berech¬
128 808 1161 879 tiget und mynen gh mit lyb und gut zubkent woren
130 863 1169 956 Die habenn inn doch entlichen, nach dem er einen offent¬
123 920 1156 1013 lichen widerruff vor gricht gethan und den hr schultheil
127 964 1151 1070 ben thun entschlag, mit abtrag erstenns ledig gelaßen
115 1021 665 1115 worden den 20. maii 1641.
310 1187 847 1292 Vetter Wantzenricht
431 1256 751 1336 oder Mutzliberger.
84 1308 1159 1383 Diser ist, umb das er zun der entstandnen püwrischen
132 1362 1148 1446 auffruhr, zu etlichenn alhar zun die Statt beruffte
128 1414 1152 1499 Soldaten grett, sy sollint wider ire bruder nit stryten
143 1477 1150 1542 und also die einen und anderen von der ghorsamme die sy
142 1513 1136 1596 der oberkeit schuldig abstendig zemuch understenden, nach
136 1569 1135 1651 ußgestandner gfangenschafft, vnd offentlichem ardruff
134 1643 1166 1707 vor gricht widerrumb ledig gelaßen worden, Den 20. juni
997 1679 1132 1746 1641.
625 1729 683 1773 dn
373 1712 860 1819 Jacob Ergonwerder
486 1795 727 1868 Gibser alhie
133 1820 1124 1930 Diser hat obanmestig von wider ingh usgegoßner worten
135 1907 1140 1975 wegen, vnd das er die vfrürischen puren, Inn Irem
138 1948 1139 2031 bösenn fürnemmen vorzofaren ermannt, einen offentlichen
121 1997 1164 2078 widrruff vor Gricht thun müßen, vnd ist hernach shner
131 2044 1166 2145 gefangenschafft widerumb erlaßen worden, den 13. junii 1641.
303 2162 816 2250 Bendicht Schädeli von
444 2233 670 2292 Oberlindach
148 2295 1191 2381 Nachdem derselbe unwarhaffter wyß gret, das zu Brenk
146 2365 1151 2449 gartenn ein mandat vlesenn worden seye. inhalts, das
144 2411 1143 2501 man über usgeschribne steüwe, nach darzu die füüffte
146 2466 1167 2544 garbenn, vnd von Jedem fruchtbarenn baum ein batzen
136 2517 1148 2602 jerlich geben und entrichten solle, ist er darrüber gfengeflich
150 2568 1184 2663 angenomen und berechtiget, wyl er aber hernach synen
156 2641 1189 2708 vorsäger gestelt widerumb ledig gelaßen worden, das jenn
226 2696 1168 2800 hatt hernach ufgeschworen des statt b
254 2763 942 2843 und Bergern zihl biß uffgnad sich
397 2814 958 2893 zeeßeren. Uit aug 1641.
176 2828 1141 2964 Wie zuglych auch Christen Heeren von Oberlindath
248 2920 1134 3008 von glycher ußgoßener unwahrhaffter schmach
267 2985 721 3060 worten ußgeschworen
