1181 2967
1042 45 1129 111 117.
37 67 1119 280 Inspryburger piet habind sy ein schlehten hußtuchenen
49 139 1141 304 ab darin so 5 k funden entframbdet und selbigen hernach
21 229 467 388 erbih
44 231 1150 441 zun dießbach 4 ell zwilch gnomen und umb 4 b erkaufft
33 335 1124 524 thi lufts Tchenten und vnd offert zu Murn
54 419 1006 563 einem paren 1 lb so sy angentz theilt genommen.
13 461 1150 636 B einkeller den sy vsprach mes öfel und i rumpf zigen
40 569 1139 678 I schorren ob Chun 15 el eysein auch gnommen, söllches
27 630 1129 757 se forber by den wyeren hi ansoltingen umb 18 baten.
40 694 646 832 verkaufft und dzgelt getheilt.
12 724 1133 895 zur wichtrach uß einem kübel i mer saltz nemmen helffen
36 831 1143 957 Peterigleren zu Rychingen habe er mit hilff eins
30 904 1138 1009 Wysspersan der 4 par ehu i bußhieren und i käß anzutht
19 963 748 1087 und sollches im thallgut erzehrt.
36 1006 839 1145 hr wolkringen uß einem keller 3 kösen
36 1094 1142 1200 Den nicht daselbst mit hilff zwerer snerfrömbden gspan
48 1158 1156 1259 nen kachel und syman guffe 2 kachets kalbtspalen entragen
32 1216 699 1323 und tie uffem fulbeltz verkaufft.
44 1273 850 1381 zuo allmendingen 1 kübli voll ankhen.
28 1336 1144 1477 Marti Bygler sonem geweßnen meister daselbst in sticken
57 1434 668 1532 alp siger vnnd zenkenbalen
44 1482 1093 1606 Hr hetendorff Habe er mit slf einsen ihnes gspanen
28 1548 1139 1659 Ceyser gupt durch tach in ein hubrach mit einer leteren
64 1602 1133 1709 allda 4 meinen fleisch gestolen und im thallgut umb
57 1664 355 1763 2 t kauff
64 1699 1130 1812 dino lisen uß der oberen mul 8 käsen genommen und
41 1764 1147 1859 Am thallgut umb 6 p verkaufft, wornon imme by 5 lb.
53 1831 408 1918 zutheil worden.
49 1879 1152 1985 und Biglen 4 rökh 2lenlach 20 klüngli garn gestolen
532 1959 555 1994 1
30 1957 1155 2046 Warumb der fulbelt zuo ycheiren, welcher, das es gstolen
652 2004 702 2044 Des
72 1999 1143 2100 gut gsin wols gwüßt zwar 9 l verheißen, aber nur
67 2089 296 2159 5 gwart.
43 2101 1136 2237 dem stathalter zu Sinrißwel uß synem huß und roke
65 2201 749 2289 stukh köß unnd brot genommen.
57 2221 1024 2354 zus kechlen. par hosen so er selber getragen.
43 2307 1121 2421 uff der hornegg in ankenballen, dieselbe halb geeßen und
66 2381 454 2463 shelb umb brocht geben.
985 2428 1139 2504 beei
31 2408 785 2533 weiderumb zu Sigristreyben i ander hut
61 2478 1147 2587 daselbst dem wirth 2 kösten entragn und dr zu frumen
61 2551 432 2639 vmb 1t lauff.
56 2582 1117 2704 Im wirtshuß zuo oberhoffen einem puren so gschlaffen
49 2662 424 2759 u erwitscht.
571 2693 617 2762 en
56 2690 1120 2814 Einer frowen daselbst donmen gupt ußem keller
101 2772 1116 2878 bachtenfleisch gestolen und am kurzenberg umb 5 lb
75 2814 1034 2937 verkaufft, waruon imme der halbtheil worden,
