2448 3264
36 480 114 563 sach
175 60 1216 365 Sara Ladrach von Hochstetzen sunst lägen
484 174 811 298 dem gemmet,
213 210 1185 462 Dise ist uß benelch myner g h durch hr grost
153 261 1178 488 Weibel von Büren Herren Kielans Lombach deß rahts
181 318 1159 529 und herren sammel Schmaltz der burgeren uff
176 362 1181 577 annstag den 25. januarii 1639 ires umbschweiffen
175 414 1196 644 nebenns halbenn zu Marzili reinlich examiniert worden.
162 464 1180 685 hat aber anders nützet bekennen wollen, dann dß
181 525 1193 724 sich ja leider mit einem so Nielaus Schübli namse und
153 582 1187 770 d von Eschlismat purtig sye, item mit vetter moßn
163 642 1172 812 zum buh zun hurey fleischlich brgestenen, und aber der
179 707 1181 862 nebenn versprochenn, das sy sich widerumb hieyn in das
159 734 1168 928 Antlibuch (da ira einer die ehr versprochen habe) begene
158 793 1158 956 ben und sich ehrlich halten welle, nach dem man sy zum
166 845 1171 1012 driten mal lär ufgezogen uff ein censur und glubthin
158 908 1149 1053 disem zrem versprechen gung ze thun, ledig gelafenen
168 967 827 1075 worden den 28. januarii 1638.
157 1073 1151 1221 Elßbeth Brunner uß dem luttern
526 1157 743 1233 brunnen.
162 1212 1204 1363 Nach dem gegenwertige Elßbeth Brunner rürtig
165 1292 1168 1389 uß Lutterbrunnenen zu Oberhaßli, da sy gedient, ein
164 1344 1181 1439 by einem grindelwalder erzügetes unehrliches kindt
155 1400 1169 1483 vff die wilt gebracht, welches man hernach vnder
146 1430 1172 1534 irem haubtküsti inn windlen eingewiglet, uff einem
161 1497 1175 1570 saubsack todt gefundene, also das sy sich nach zuuorge
167 1537 1168 1611 cheihner warnung ohne zwyfel uß trib irer gwüßnn
158 1584 1168 1662 dest landts geüßeret, bis jetzunder, da sy vemeint, daß
137 1640 1132 1712 dist alles zun verges gestelt worden sye, hat sy sich
134 1675 1151 1756 widerumb darynn begebenn und einem gwüßenn
145 1726 1152 1800 ritling zu Oberhaßlen die ehe versprochene. Nach dem
142 1768 1164 1840 aber derselbe dise sach vernommen, hat er tra syn ver
141 1815 1146 1896 sprechen ze haltenn sich geweigeret, maßenn er dann
135 1860 1169 1940 auch vor einem ehrsammenn chorgricht alhie gscheiden,
145 1902 1154 1990 worde und sy darrüber, wie es mit dem todt iees
141 1959 1131 2052 gehabtenn kintszugangen sein möchte, befragt worden.
175 1994 1141 2099 Weil sy aber sich aber nit dergstaltenn versprechen
134 2060 1127 2162 känden, das ein ehrsam chergricht alhie daran kommen
139 2101 1120 2184 mögen, habenn sy dise gantze sach mynen g hr und
141 2152 1144 2237 oberen inn geseßnem rath fürgebracht, welche dann
128 2173 1164 2292 beuolchenn, das man sy zu Marzili mit zimmlicher mart
123 2226 1137 2333 darumb befengenn sölle, Alsohat sy uff donstag den
136 2277 1131 2378 7. Diß monats inn bysyn und gegenwertigkeit der
131 2326 1134 2422 eereuesten frommen fürnemmen und wysen herrenn
124 2369 1157 2486 JoHans Rudolff Steigers, daß kleinen Anthoni Müßtlind
130 2407 1147 2520 des grosenn rahts hs danit von Bures des großweie
116 2455 1140 2559 bels und anderer myner g s und oberen dieneren
122 2494 1142 2620 der weiblen mehr, ohne marter erkent und verzächene
122 2523 1143 2663 wie volget, daß als sy ires kints genesen, seye das
128 2559 1158 2699 selbige gsundt und läbendig auff die welt kömen, welch
124 2605 1141 2748 sy aich inn ire arm auffgenommen und erkent habe,
116 2638 1140 2784 das es ein manges meitli sy, woorüber sy die rechte
124 2687 1140 2833 handt an deßelben halff gesetzt und im darmit dee
131 2715 1142 2880 ihtem so lang verhalten, bis das es entlich darub gestorten
115 2790 1129 2922 seye also an diser z eignen leibsfrucht und armen
120 2818 1138 2954 anschuldigen kindlin, ein morderin worden, welches ir
120 2876 1120 3007 aber von grundt ires hertzens leidt syn und deßwegen
100 2901 1121 3055 den treüwen und barmhertzig gottt und gnad und
90 2966 1096 3122 zeichung pette, welche ire bekantnuß sy hernach den
1211 754 1270 808 de
1318 51 2305 304 ve
1291 102 2302 357 eee atoen zu Rge
2028 254 2124 294 enu
1295 179 1996 397 ve e ten
1294 170 2346 458 sch sölliche zur der gedachten Elbeth Brünner, bekante
1291 229 2338 502 eordthat schantliche und böse misthandlung, haben hoch
1309 272 2344 533 nambt myn gnedig sst und oberen hu schultheis, Rüch
1293 325 2348 586 in burger diser loplichen statt Bern uff iren gedt zuo
1280 384 2338 634 racht erkent undgesprochen, daß man sy dem nachrichter
1272 423 2358 688 beelchen, der sch oben iest uff geronliche richt schatt füren und da
1284 487 2316 725 silstenn mit dem schwert das haubt abschlach, sy also
1291 550 2340 759 nach leiserlichem rechte, vom laben zume vdt hinricht
1295 597 2335 803 olle. actum 12. feb 1639 ist der erteil statt beschechen
1275 679 2309 899 vetter Huntsberger von Schwanden
1422 769 1971 921 us der kirchhöri kirchberg.
1255 829 2333 1013 ist wegenn begangnen deittenn fälers zun hurey und
1267 890 2302 1058 bhebruch von myner g hr statt und landt perwisen
1261 978 1871 1091 worden, den 9. februari 1639.
1294 1070 2143 1205 derich Eschgnen von Cappellenn
1256 1149 2329 1282 hat den 8. dembris 1638 als ir und diener der grichtschryber,
1283 1202 2356 1311 sampt dem weibel so die wecht gehabt, mit sein deßt gricht
1286 1256 2315 1374 hrybers substitute uff der arecht gewesen und zu den
1270 1312 2322 1413 schumacheren ungfert umb 10 thren angeklopfet umb
1272 1373 2322 1463 Josechan was der hußtwirth fürgest habe, da man ine
1273 1423 2325 1506 aber nit ufthun wellen, maßen das sy von dannen gegen den
1258 1474 2279 1550 Schmiden gangen, ust der oberen kammeren gantz schmechlich
1272 1542 2323 1614 hinab zu inen geschrüwen, sy söllint sorg halten, das kein
1267 1592 2335 1656 un den bachgheye etc. und als darrüber der grichtshryber
1266 1632 2338 1716 mit seinen bey sich habenden leüten widerumb gegen dem schuche
1270 1688 2307 1778 macheren gangen, vnd nochmulen angeklapfet, Ime doch
1270 1745 2292 1822 aber nit ufgethan worden, also das sy widerumb gegen
1249 1787 2320 1887 den schmiden gezogen, er darrüber etliche mol mit stürken
1259 1840 2288 1952 gen von zugolsteinen und anderen sachen, hinnder
1266 1885 1875 1972 nach inen uff die gafen geworffen.
1926 1930 2334 2016 and dienis sie gaat
1264 1951 2262 2054 er drrben in der gfangenschafft die hienurgedachte
1231 1993 2326 2116 Alßbeth Bruner, von Irer gethanen bekantnuß abwen¬
1255 2033 1630 2117 dig zemachen begert,
1741 2069 2295 2187 Ist also von deß allestin
1247 2093 2310 2235 wegen von myner gs h statt und lantschafft ver
1236 2141 1884 2248 wesen worden den 25febr 1639
1240 2200 2286 2380 Lesbeth Bischer uß dem Fryburger gebiet
1258 2275 2266 2420 deß hiefar im vorgenderen Thernbuch hingerichteten
1249 2311 1804 2429 Rudolff Hottenbergs ehewyb.
1852 2376 2301 2493 ist vor etwas zyts
1247 2357 2317 2559 wegenn villerley uff sy geclagte diebstäb und senste
1248 2409 2276 2605 allerbey argwönig sachenn. Item das sy schon an etlichen
1249 2458 2291 2656 ort außgebrochenn an anderen aber (sonderlich auch hie
1255 2523 2274 2707 mit dem eydt verwesenn werden zu Wangen wider
1252 2548 2259 2762 umb gsengeklich eingezogenn, vnd weil sy sich für¬
1250 2591 2292 2831 schwanger außgëbenn, alhar geschickt und inn den
1253 2652 2227 2867 oberenn spittal an ysenn glegt wordenen
1224 2693 2254 2945 Die hat nun mit einer schareffenn fylen, die kerti
1239 2747 2297 3007 daran sy glegenn abgehylt und sich hiemit ledig geracht,
1230 2841 1468 2929 Anno 1655.
1247 2807 2268 3043 ist also durch diß mittel entrinnen, Den 26 fovrr
