1108 3198
1021 37 1103 107 88.
17 71 1090 219 dselben gleichen ist er auch befragt worden,
44 149 1061 305 ler zu Nid wichtrach daheim seyen, vndt
42 215 1043 373 deherumb aller orthen Kundtschafft habe,
35 310 1112 460 b er mit Villeichter der Jennige seye, welch
46 386 1071 527 den hr predicanten zu Munßig nit und
28 467 1074 632 Ingebrochen, sonden noch darzu Vbel Ver¬
37 549 1048 670 wundt habe, hat er deßen auch nit ge¬
29 629 1043 761 stendig sein wellen, sonders angezeigt,
16 697 1053 862 Bzabs vernomen, das der so solches gethan habe
24 790 1034 907 der solle ein landtstreichend kramer sein.
18 853 1031 992 uß michte zeißen, anderß weße ser nit
8 961 985 1087 unnd obwohl diser Hannß Gfeller, 2
31 1038 1052 1161 mahl las, daß 3 mahl aber mit dem
26 1124 1007 1225 kleinsten, daß 4 mit zweyen, daß 5
31 1181 964 1310 nist3 und das 6 und letste mahl mit
29 1258 1013 1393 allen 4 steinen uffgezogen worden, so
18 1339 1065 1465 hat er doch anders mit, dann waß hieuor
17 1409 836 1540 geschriben staht, bekhennen wollen.
16 1569 970 1696 Magdlena Willi von Effligen
18 1671 1002 1858 Vf diße des vorgemelten Hanßen Gfellers
26 1792 992 1921 gethanne bekhandtnus zin Ist auch hernach
12 1865 1017 1985 Den 27. dißers monats, durch bemelten
17 1936 1004 2056 Herren Stürler s Jacob von Greyers,
36 2008 1060 2138 und Herren Großweybels Teerber gesagte
13 2085 1062 2183 dirnen Madlena Willi hieruber Exammnert
20 2144 1046 2273 und befragt worden, des hat nun mit und
16 2206 1065 2338 Ihnen Marter Bechendt und kiach wie volget
20 2335 1023 2446 Erstlichen ist ira vorgehalten worden, ob nit
23 2402 1026 2504 das bubl welches sy mit tra führe und
30 2461 1053 2575 by den 6. jahren alt, auch ncstlich seye, hat
27 2513 1067 2632 sy darüber geantwortet, nein sein valter sel
25 2580 1040 2700 seye vß dem Solothurneu gepist gewesen, der
17 2652 1063 2768 hab suh auch dörten zrirchen geführt, hat aber das
21 2714 1063 2820 outh wo es gewesen, nit namsen können, her¬
21 2778 1026 2901 nach seye er in Punten gezogen vnd gestorben.
