1189 2863
12 8 1093 242 zuhirmit auch der grunket angangen) habe 8
13 63 1053 325 d santa Vrban und daßelbst harumb
24 173 1101 364 nit aerbeitensamen zu wegen gebracht, das
16 244 1096 461 1lß iremslohnli und dem Jrnigl so jra
-4 318 1103 535 vns Goltes willen worden, daß Rackl
17 415 1088 621 so sy irtz antrage, zu Langenthal Vmb 2 g.
12 494 1091 701 erkhauffen können, Nachdem aber sy kein ar¬
25 581 1104 770 reth mehrfunden, hab sy widerumb daß us
14 668 1110 866 serste mittel. das ist der Balttln
3 756 1053 936 abermahlen an die handt
18 852 1064 998 neonen müßen, seye also mit einer anderen
20 915 1082 1081 keinen wybsperson gegen byiigen uff die
678 1001 704 1036 2.
540 998 674 1067 1by de
18 999 1104 1170 hff gangen, und letstlichge, Ober Engelbach¬
22 1064 1065 1225 M�llin uber nacht gelegen, mornderigen tagß
20 1165 1050 1299 seye das ander meitlin von ihro und sy
23 1225 1060 1364 also beide von einanderen gezogen, Vnnehr
20 1299 1037 1454 aber von dannen, seye Sy sampt den Vbrigen
24 1394 1070 1554 gefangnen, von dennen sy doch nützit gewust.
24 1478 1083 1620 obgleichwohl ermelter zu bruner darun der
33 1544 1035 1711 gewesen) alß ob sy in des nacht etwaß
30 1622 979 1785 sonigs gestolen undt verderbt hetint
42 1715 1051 1831 von etlichen bauren (welliche Innen
40 1777 1040 1924 mit bruglen Vnd Zaurterken nachgeloffen
32 1860 1081 2007 gfencklich angenommen, nach trachßelwaldt
46 1929 1074 2093 und Volgendts Alhar geführt worden,
11 1997 1084 2147 daß sy aber etliche diebstäl habe ver
40 2094 1078 2227 bringenhelffen, hat sy niemahlen gesten
30 2166 1029 2318 dig sein wellen, sonders angezeigt, daß
40 2226 1046 2384 Wenigli mähl so man by fra gefunden
40 2288 1083 2460 seye Ira Inseggenirgen vmb Goldes
47 2396 440 2508 willen worden.
39 2473 1049 2615 Dißere ist zur arbeith und in zu Heymath auch
63 2545 1077 2676 uff ein gute censuerhin ledig gelaßen worden,
56 2613 637 2716 Den 1. octob a0lb
