3024 4032
213 387 291 474 147
277 326 1377 499 1 Examen, mit Jans Krayenbust.
415 491 1371 632 Ob er allein diesen Einbruch verübet, oder¬
392 583 1380 712 ob nicht ihre Jehmand hierzu Behulfflich ge¬
403 692 544 783 besen?
426 725 1322 844 Nein, seÿn gantz allein gewesen, Als er¬
335 758 390 863 d
399 807 1356 922 ungebrochen, und Niemand seyn ihme auf
383 872 1307 1016 beine Weis hier zu behülfflich, noch mit¬
360 969 806 1072 Ihme dahin gewesen.
393 1045 1340 1172 Ob er nicht schon am Montag vorher, ehe er¬
317 1049 376 1168 Di
379 1127 1383 1245 eingebrochen, im Sum gehabt einzubrechen
324 1215 517 1352 H. Ne
430 1293 1376 1427 Warumb er dann selbigen Abend außer¬
211 1342 422 1441 Instiat:
383 1402 1344 1519 ordentlicher Meise deß Nachts um 10. Uhr
366 1482 1334 1598 zu dem Lehen Hauß gekommen, und unter¬
381 1545 1353 1671 inderem von deß Lehen Mans Jungfraub
367 1622 1344 1760 sich erkundiget, ob der Herr Dapelhooffer
376 1717 573 1838 a seyr?
290 1805 362 1904 B.
389 1809 1373 1923 Bezeuge aufrichtig, daß er damahlen deß¬
365 1890 1396 1995 Einbruchs halber nicht die geringste Absicht ge¬
364 1951 1401 2061 habt, sonderen habe mit dieser Magd gere¬
358 2030 1348 2136 et, weilen er ihra einen Meister gelußt,
350 2112 1351 2230 fahls sie aus seinem Dienst getretten wäre.
278 2234 346 2344 8.
385 2201 1321 2359 Mohin er nach beschehenem Diebstahl mit¬
375 2317 1186 2432 denen gestohlenen Sachen gegangen?
822 2390 896 2469 831
276 2397 346 2516 d
374 2399 1382 2519 Seÿn alsobald gegen Furgdorff zugegangen,
364 2491 1370 2607 dorten habe er hinter der Statt die Kerthen
353 2553 1310 2671 Stöck zerschlagen, und von dar seÿn er auf
347 2615 1323 2722 Vollothürn gegangen, Unterbegs habe er
363 2706 1269 2807 einen Handlercks - Gesell angetroffen.
357 2753 1397 2877 welchem er ein Stücklin von einem Kertzenstok¬
352 2826 1341 2960 fur 7.t. 2p. verkaufft. Wie sie aber zu¬
370 2920 1360 3031 Vollothurn angekomen, habe der Handwerdes¬
363 2986 1342 3107 Gesell gedeuter Stückl; einem Bold Schmid¬
369 3075 1338 3190 gelöiesten, welcher daßelbe behalten, darauff
371 3138 1343 3265 der Handberdes- Gesell ihne Inquisiten auch¬
364 3199 1238 3335 zu dem BoldSchmied geführt, und bey
361 3269 1315 3414 dießem Anlaß seye er arrestieit worden¬
1212 3388 1310 3502 8.
1498 358 2634 532 1 Examen, mit Jaas Krägenbusl.
1702 504 2682 666 Ob Er nicht auch zu Cravelbald in der Ger¬
1622 553 1675 634 E
1684 614 2677 718 fangenschafft gelesen und auß gebrochen?
1617 697 2668 822 R. Ja, vor ohngefehrd 4. oder 5. Mochen seÿe
1681 788 2695 892 er mit einem Kucerner Schulden halber ein¬
1679 861 2704 972 "gethan gelesen, Der Kucerner aber habe¬
1685 939 2678 1061 mit seinem Meßer sich Looßbrechen mögen,
1684 998 2733 1092 da er dann mit demselben zugleich fortgegangen.
1702 1094 2697 1199 Ob Er nun seine Bekantnuß aufrichtig und
1615 1103 1669 1212 .
1684 1179 2625 1291 also bahrhafft abgestattet, daß er darbey.
1684 1252 2688 1380 bleiben könne, und nichts mehr bey zu fügen
1671 1340 1806 1428 habe!
1697 1385 2704 1527 Er bezinge und Betheüre mit seinem Gelißen,
1613 1394 1675 1509 8
1687 1477 2685 1594 daß er eine rende und völlige Betantnuß
1685 1546 2668 1660 seines fehlers aufrichtig gethan, berenbe¬
1678 1617 2691 1694 auch solchen von gantzem Gerzen, und bitte
1687 1676 2643 1804 Bott und die Johe Oberkeit umb Bnad¬
1742 1760 2486 1897 Also Abgelesen und bestätiget.
1656 1965 2656 2054 Ectum in der Oberm Befangen
1664 2036 2712 2155 schafft durch Messern Großbeibel Esinger
1671 2112 2703 2238 und Brichtschreiber von Erlac, den 30t
1670 2200 2111 2332 Aprilis 1753.
2667 352 2755 433 15.
