3024 4032
406 1801 476 1893 4
537 541 1567 729 gestürt. Es habe ihme gestagt Er wolle
540 640 1560 799 er dem Vatter und der Wuterklagen
544 717 1539 878 darauff er Ihns betrehet, wann er eben
535 826 1514 944 stäge, wolle er Ihns schlagen, aber es
525 900 1555 1048 habe es doch der Muter geklagt, als Si
521 970 977 1106 Heym gekommen
974 987 1552 1139 Der Reich dimon
529 1058 1521 1214 des er ihn wieder loßgelaßen gey
518 1159 1519 1295 hernach auf den Herr Höffelplätz un
505 1248 1522 1382 er duch mit ihme dorthin gegangen
505 1344 1280 1470 er habe Ihns nahen geläbt.
641 1463 1117 1586 Endete hiermit.
514 1760 1522 1909 Handl.Nahler ein Knaszwuschen
496 1865 1532 1998 6. und 7. Jahren, lezt obigen Drüderin,
487 1942 1198 2058 auf befragen, Sagt auß¬
476 2086 1456 2217 der Deihz Simon habe Ihne inseine
458 2176 1454 2278 Stuben getragen, und habe ihre die
461 2248 1486 2359 hosten heruntergethan, darnach habe
450 2327 1480 2447 er ihne auf den Toden auf den Dauch
448 2402 1480 2537 geleget, habe ihme sein Blied in den
455 2488 1453 2619 Affter steten wollen, und Ihne Rast
430 2592 1466 2717 gehalten, daß er nicht unter ihme
446 2677 1491 2803 beggkomen können, habe ihne genöhet
429 2761 1451 2899 doch nicht zu bluten gemacht, er habe
413 2862 1471 2987 gegrinnen und geschreyen, der den
426 2953 1466 3089 habe ihme aber abgewehret und ver¬
401 3044 1444 3180 bodten mit zustagen, miit betrohen,
421 3149 1415 3262 wann er der Muter etbar dar von
400 3240 1462 3367 säge, wolle er ihne erhaue, deßig
404 3317 1444 3447 er nichts sagen dorffen; zu dreyen
1219 3436 1434 3528 mahlen
2661 478 2731 540 319
1723 593 2795 748 Mahlen als zbeÿ mahl in seiner Stuben
1751 682 2747 810 und ein mahl auf der Weyd habe der
1739 752 2757 925 Denh Sinion solches mit ihme verübet,
1745 861 2774 999 un noch ein viester mahl habe er es
1737 946 2775 1062 thun wollen, aber er habe ihme enteinen
1728 1012 2676 1166 können, und Sich ins Obergaden
1713 1105 2677 1236 gefluchtet. Es möge Abann ein
1716 1196 2723 1335 Monat seyn, daß der denh. solches mit
1726 1279 2678 1431 hne vorgenommen, jeweilen dn
1714 1365 2711 1561 dem Dienstag, da seine Mutegrahn
1714 1473 2162 1596 dern gegangen.
2302 1486 2682 1620 Wechern vest¬
1709 1581 2701 1732 der Haußl von Selbsten, Er habe buy
1651 1649 2639 1783 einsten vorbald einem Viertel Jahr
1696 1749 2701 1876 den Denhz dicion in einer Wegd beÿ
1699 1829 2720 1982 den Schaafen gestehen, von der daßen
1697 1936 2664 2064 hinbeyg neben gedochter Weyd, von
1710 2025 2676 2145 Danner er gar wohl gestehen, daß er
1696 2103 2636 2247 die Hoften herunter gehabt, aufden
1695 2189 2697 2350 Knien gewesen, und ein Schaaf vor Sich
1702 2292 2632 2433 bey den hiteren keinen gehalten,
1706 2376 2663 2514 allda er ein gleiches mit dem Schaaf¬
1699 2480 2697 2602 vertieben wollen, wie mit ihme, dar¬
1691 2571 2575 2699 Schaaf habe aber nicht still halten
1706 2668 2674 2795 wollen, sonder steÿe unter ihme danen
1685 2773 2631 2868 entrinnen, daß er nicht können
1679 2845 2631 2975 etbas ausrichten; Er habe Sich erst
1664 2935 2593 3063 danalen wieder daron besinet,
1696 3038 2632 3178 die Sein Schbesterl geblaget, und
1691 3124 2559 3274 solches der Muter angezeiget.
1784 3259 2392 3412 Endete seine Außag.
