3024 4032
371 376 524 472 224
499 501 1531 684 Doctor Roßelet, Herr Operator Kuhnu
489 631 1501 753 Herr Hartmann, und neben Ihnen der
488 708 1485 842 Frau Fellenberg gebahr wurde, welche
478 815 1470 942 ganz consterniert außstahen, und auch
475 909 1447 1037 befragen was dann begegnet, Ihne
480 1022 1486 1166 Wehenuchtig angebündet, H: Fellenber
473 1101 1454 1238 stere übel verlundet und habe ein¬
464 1219 1514 1355 Clessure im Dauch, Auß hinzunahen
454 1309 1451 1431 zu dem verbundten, habe Er Ihne zu¬
467 1406 1489 1539 keinem erstaunen in großer Schwach¬
445 1521 1421 1624 heit ganz erslaßtem und halten
448 1608 1491 1746 Angesticht, ohne einige Bebegung in
452 1720 1396 1842 dem Reth außgestreibt befunden:
449 1815 1405 1945 auf das Ihme bezeugte Redauren,
431 1932 1470 2049 Ihne in sogar traurigen Umständen
438 2016 1390 2156 anzutreffen, Sagte er dem Herrn
437 2141 1397 2260 Deponenten mit etbas schwacher, aber
399 2226 1402 2338 darbey ganz vernemlicher Stimme,
418 2340 1386 2480 Mein lieber Herr Schwäger, es ist mir
431 2448 1383 2577 leyd, daß ich nich sto in Bebruebnnß
405 2564 1353 2676 sehe, ich recommendiere Euch meine
401 2671 1417 2768 lieb Weib und Kinder; Noch hierüber
395 2760 1443 2885 Ihme gegebener Antbort, tragte Er den
385 2905 1430 2998 verbuncken, Ob bey diesen Tranrigen
376 2999 1443 3124 Umständen, und da derstelben Außgang
389 3097 1415 3224 alleZeit ungewiß seyn, Er dem Herrn
388 3210 1443 3342 Doponenten nichts zu offenbahrene
1120 3301 1460 3402 die Antwort
377 3293 1036 3413 oder zu eröffnen hätte.
1209 3408 1370 3520 Arn
2681 390 2837 509 225)
1748 552 2767 689 ware, seine Fraub buße alles; da Er
1749 678 2734 760 auß dieser Antbort bemerket, daß der
1742 726 2737 843 verlaudte seine Fraag von Ocionomius
1750 820 2773 958 verstanden, und deß wegen erwiederet, Er
1753 920 2775 1050 meine nicht diese, sonderen solche Sachen,
1733 1006 2768 1127 die auf seine gegenwärtigen Umstände
1735 1100 2748 1246 relatio steyen, habe er geantwortet, Ich¬
1738 1183 2726 1302 hoste Ihr steÿet zu mir kommen, als
1739 1279 2738 1420 mein lieber Schwäger, und nicht zu¬
1726 1378 2734 1541 Inquirieren, ich bill nicht auß einem
1739 1492 2764 1605 Angluck zwey machen, ich e incudiore
1736 1584 2317 1697 Auch Weib und Kind.
2421 1603 2735 1714 Worauf der
1727 1675 2734 1799 Herr Depl. sich zu denen Anwesenden
1739 1783 2696 1893 gewendet, und Sie befragt, bie Sie die
1733 1859 2649 1969 Sunden befunden, und was Sie von
1702 1966 2694 2103 derselben gefährlichkeit Urtheillen.
1724 2087 2745 2226 Welche alle consterniert die Achßlen gelagst
1730 2163 2730 2285 und verdeutet, die Wunde bönneman
1724 2257 2662 2379 nicht wohl Sondieren, und beilen der
1723 2355 2733 2494 verbundte keine Umstände angezeiget
1718 2436 2740 2581 so könne man auch nicht von derstelben
1718 2544 2633 2671 dircition noch von deren Tieste bohl¬
1722 2629 2696 2773 urtheillen, nach dem Emptacement der
1721 2743 2623 2867 Wunden, belche etbann drey finger
1732 2828 2719 2972 breict, unter dem burzen Rippe, etbas
1721 2948 2697 3036 leibs ob dem Vabel, in circa ein halber
1694 3028 2685 3149 Zoll brect sich befinde, könte je nach der
1715 3121 2648 3233 diration und der Tieffe, entbeder der
1701 3201 2612 3350 Magen ein Eingebeyd blessiert
1697 3316 2698 3438 oder ein Slut Gefaß zurschniten seÿn
2529 3415 2647 3543 daß
