<?xml version="1.0" encoding="UTF-8" standalone="yes"?>
<PcGts xmlns="http://schema.primaresearch.org/PAGE/gts/pagecontent/2013-07-15" xmlns:xsi="http://www.w3.org/2001/XMLSchema-instance" xsi:schemaLocation="http://schema.primaresearch.org/PAGE/gts/pagecontent/2013-07-15 http://schema.primaresearch.org/PAGE/gts/pagecontent/2013-07-15/pagecontent.xsd">
    <Metadata>
        <Creator>prov=University of Rostock/Institute of Mathematics/CITlab|PLANET AI GmbH/Gundram Leifert/gundram.leifert@planet-ai.de:name=Transkribus German Kurrent M2(htr_id=29820)::::v=2.6.7
prov=University of Rostock/Institute of Mathematics/CITlab|PLANET AI GmbH/Tobias Gruening/tobias.gruening@planet-ai.de:name=de.uros.citlab.module.baseline2polygon.B2PSeamMultiOriented:v=2.6.7
prov=University of Rostock/Institute of Mathematics/CITlab|PLANET AI GmbH/Tobias Gruening/tobias.gruening@planet-ai.de:name=/net_tf/LA73_249_0mod360.pb:de.uros.citlab.segmentation.CITlab_LA_ML:v=2.6.7
Transkribus</Creator>
        <Created>2022-05-02T15:42:00.046+02:00</Created>
        <LastChange>2022-09-12T15:32:11.155+02:00</LastChange>
        <TranskribusMetadata docId="1334851" pageId="52362827" pageNr="56" tsid="114644689" status="IN_PROGRESS" userId="9570" imgUrl="https://files.transkribus.eu/Get?id=UITTJGKACRYSAESOOGJFCVRX&amp;fileType=view" xmlUrl="https://files.transkribus.eu/Get?id=EPFVETDQFSJFNXAHARTASGKF" imageId="30691253"/>
    </Metadata>
    <Page imageFilename="IMG_7057.jpg" imageWidth="3024" imageHeight="4032">
        <ReadingOrder>
            <OrderedGroup id="ro_1687513619612" caption="Regions reading order">
                <RegionRefIndexed index="0" regionRef="r1"/>
                <RegionRefIndexed index="1" regionRef="r2"/>
                <RegionRefIndexed index="2" regionRef="r3"/>
                <RegionRefIndexed index="3" regionRef="r4"/>
            </OrderedGroup>
        </ReadingOrder>
        <TextRegion orientation="0.0" id="r1" custom="readingOrder {index:0;}">
            <Coords points="93,202 93,356 192,356 192,202"/>
            <TextLine id="r1l1" custom="readingOrder {index:0;}">
                <Coords points="87,321 107,329 131,322 135,325 146,317 160,324 166,319 177,321 184,327 200,323 197,250 185,252 167,243 154,249 138,240 130,249 84,251"/>
                <Baseline points="93,306 126,305 159,302 192,303"/>
                <TextEquiv>
                    <Unicode>106.</Unicode>
                </TextEquiv>
            </TextLine>
            <TextEquiv>
                <Unicode>106.</Unicode>
            </TextEquiv>
        </TextRegion>
        <TextRegion orientation="0.0" id="r2" custom="readingOrder {index:1;}">
            <Coords points="260,713 260,865 276,865 276,713"/>
            <TextLine id="r2l1" custom="readingOrder {index:0;}">
                <Coords points="256,841 287,841 278,777 271,778 268,782 248,786"/>
                <Baseline points="260,815 276,813"/>
                <TextEquiv>
                    <Unicode>3</Unicode>
                </TextEquiv>
            </TextLine>
            <TextEquiv>
                <Unicode>3</Unicode>
            </TextEquiv>
        </TextRegion>
        <TextRegion orientation="0.0" id="r3" custom="readingOrder {index:2;}">
            <Coords points="254,533 254,3462 1319,3462 1319,533"/>
            <TextLine id="r3l1" custom="readingOrder {index:0;}">
                <Coords points="295,579 577,611 937,585 1230,659 1326,655 1329,613 903,517 557,505 505,535 301,491"/>
                <Baseline points="303,566 353,567 404,567 455,569 506,569 557,569 607,570 658,570 709,572 760,573 811,575 861,578 912,581 963,585 1014,591 1065,598 1115,604 1166,612 1217,624 1268,635 1319,648"/>
                <TextEquiv>
                    <Unicode>Großen Rtahts Verbandten, allso er biß¬</Unicode>
                </TextEquiv>
            </TextLine>
            <TextLine id="r3l2" custom="readingOrder {index:1;}">
                <Coords points="292,678 555,654 689,687 782,657 845,689 885,665 928,695 1030,677 1057,706 1204,712 1215,657 960,600 850,630 781,594 584,616 415,579 294,605"/>
                <Baseline points="300,650 345,648 390,648 435,647 481,647 526,646 571,645 617,645 662,645 707,645 753,646 798,647 843,650 888,652 934,654 979,658 1024,663 1070,669 1115,675 1160,682 1206,690"/>
                <TextEquiv>
                    <Unicode>auf Liechtmeß lezthin als Kricht in</Unicode>
                </TextEquiv>
            </TextLine>
            <TextLine id="r3l3" custom="readingOrder {index:2;}">
                <Coords points="295,743 508,768 764,730 867,778 978,749 1314,801 1317,721 1161,729 1030,678 995,702 760,666 699,700 452,660 297,694"/>
                <Baseline points="303,725 353,725 403,725 453,725 503,725 554,723 604,723 654,723 704,723 754,723 805,724 855,726 905,728 955,730 1005,735 1056,740 1106,747 1156,754 1206,765 1256,776 1307,789"/>
                <TextEquiv>
                    <Unicode>diensten gestanden, dergestalten boß¬</Unicode>
                </TextEquiv>
            </TextLine>
            <TextLine id="r3l4" custom="readingOrder {index:3;}">
                <Coords points="292,838 649,811 710,850 906,816 1225,888 1279,865 1281,813 1176,820 1085,762 847,786 802,757 597,744 504,773 296,744"/>
                <Baseline points="300,807 348,807 397,807 445,807 494,806 543,806 591,806 640,806 688,806 737,806 786,807 834,809 883,811 931,813 980,817 1029,822 1077,826 1126,834 1174,841 1223,850 1272,860"/>
                <TextEquiv>
                    <Unicode>hafft und untreu geworden, daß er sich</Unicode>
                </TextEquiv>
            </TextLine>
            <TextLine id="r3l5" custom="readingOrder {index:4;}">
                <Coords points="286,902 507,883 666,923 873,890 940,926 1019,897 1306,975 1309,911 1147,855 1076,877 962,820 883,853 585,818 543,845 289,832"/>
                <Baseline points="294,884 344,884 394,884 445,882 495,882 545,881 596,881 646,881 696,881 747,881 797,882 847,884 898,887 948,890 998,894 1049,899 1099,906 1149,913 1200,922 1250,932 1301,942"/>
                <TextEquiv>
                    <Unicode>eines in der Nacht vom 5t zum 6. Augusr</Unicode>
                </TextEquiv>
            </TextLine>
            <TextLine id="r3l6" custom="readingOrder {index:5;}">
                <Coords points="291,1005 597,968 689,1010 952,1033 1205,1008 1299,1056 1302,987 1053,915 959,948 750,901 295,918"/>
                <Baseline points="300,966 349,968 399,968 448,968 498,968 548,966 597,966 647,965 697,965 746,965 796,965 846,966 895,968 945,970 995,974 1044,980 1094,986 1144,994 1193,1004 1243,1015 1293,1028"/>
                <TextEquiv>
                    <Unicode>dieses lauffenden Jahrt, nach torhen ge¬</Unicode>
                </TextEquiv>
            </TextLine>
            <TextLine id="r3l7" custom="readingOrder {index:6;}">
                <Coords points="282,1077 349,1062 419,1097 487,1044 671,1108 731,1072 837,1096 962,1054 1185,1123 1273,1097 1275,1010 1224,1004 1114,1040 853,1032 760,998 679,1018 595,969 458,1027 358,990 284,1017"/>
                <Baseline points="291,1047 339,1047 388,1047 437,1047 486,1047 534,1047 583,1047 632,1046 681,1046 729,1046 778,1047 827,1048 876,1049 924,1052 973,1053 1022,1058 1071,1062 1119,1067 1168,1072 1217,1079 1266,1088"/>
                <TextEquiv>
                    <Unicode>faßten Vorsah allhier in Herren Von</Unicode>
                </TextEquiv>
            </TextLine>
            <TextLine id="r3l8" custom="readingOrder {index:7;} place {offset:0; length:7;}">
                <Coords points="284,1172 398,1132 456,1157 662,1123 834,1148 915,1119 1150,1160 1150,1109 1056,1105 971,1055 883,1103 732,1070 672,1108 605,1075 559,1105 389,1099 350,1063 285,1081"/>
                <Baseline points="291,1124 333,1124 376,1124 418,1124 461,1123 504,1122 546,1122 589,1122 631,1121 674,1121 717,1121 759,1121 802,1121 844,1121 887,1122 930,1122 972,1124 1015,1127 1057,1129 1100,1132 1143,1136"/>
                <TextEquiv>
                    <Unicode>Gingins Haus aus einem Bureat</Unicode>
                </TextEquiv>
            </TextLine>
            <TextLine id="r3l9" custom="readingOrder {index:8;}">
                <Coords points="292,1215 559,1234 665,1203 792,1234 847,1196 990,1252 1309,1257 1310,1218 1155,1200 1019,1136 628,1158 556,1128 456,1157 405,1132 294,1160"/>
                <Baseline points="300,1199 350,1200 400,1200 450,1200 500,1200 550,1199 600,1197 650,1197 700,1196 750,1196 801,1196 851,1196 901,1198 951,1199 1001,1203 1051,1207 1101,1213 1151,1221 1201,1229 1251,1240 1302,1253"/>
                <TextEquiv>
                    <Unicode>mitelst falscher Schlüßeln begangenen</Unicode>
                </TextEquiv>
            </TextLine>
            <TextLine id="r3l10" custom="readingOrder {index:9;} person {offset:32; length:4; continued:true;}">
                <Coords points="277,1318 324,1289 357,1314 762,1275 863,1317 1082,1293 1300,1333 1302,1256 1159,1273 918,1214 568,1243 279,1221"/>
                <Baseline points="285,1286 335,1284 385,1283 436,1280 486,1278 537,1277 587,1275 637,1275 688,1274 738,1274 789,1274 839,1275 889,1277 940,1278 990,1281 1041,1284 1091,1289 1141,1295 1192,1301 1242,1309 1293,1319"/>
                <TextEquiv>
                    <Unicode>diebstahls von einer nahmhaffen sama</Unicode>
                </TextEquiv>
            </TextLine>
            <TextLine id="r3l11" custom="readingOrder {index:10;} person {offset:0; length:5; continued:true;}">
                <Coords points="287,1357 414,1384 613,1352 731,1400 1041,1368 1114,1408 1287,1412 1289,1360 1044,1302 912,1335 733,1299 657,1320 596,1283 289,1306"/>
                <Baseline points="294,1349 343,1349 392,1349 442,1350 491,1350 540,1350 590,1350 639,1350 688,1350 738,1352 787,1353 836,1355 886,1356 935,1359 984,1361 1034,1365 1083,1370 1132,1375 1182,1381 1231,1388 1281,1397"/>
                <TextEquiv>
                    <Unicode>Belts sich als alleiniger Rethäter schuldi¬</Unicode>
                </TextEquiv>
            </TextLine>
            <TextLine id="r3l12" custom="readingOrder {index:11;}">
                <Coords points="280,1477 438,1427 586,1435 629,1472 913,1432 1023,1483 1303,1485 1263,1423 1070,1386 997,1420 848,1382 763,1414 577,1356 283,1397"/>
                <Baseline points="288,1430 338,1430 388,1430 439,1428 489,1428 540,1428 590,1429 640,1430 691,1430 741,1431 792,1433 842,1434 892,1437 943,1439 993,1442 1044,1446 1094,1451 1144,1455 1195,1460 1245,1466 1296,1472"/>
                <TextEquiv>
                    <Unicode>Erbent und dargegeben, auch zugleich</Unicode>
                </TextEquiv>
            </TextLine>
            <TextLine id="r3l13" custom="readingOrder {index:12;}">
                <Coords points="278,1514 337,1551 475,1545 510,1510 708,1541 784,1514 868,1565 992,1516 1189,1536 1162,1497 960,1475 914,1442 827,1480 737,1451 666,1487 594,1444 466,1443 412,1480 279,1492"/>
                <Baseline points="285,1511 329,1511 374,1511 419,1509 464,1509 509,1509 554,1509 598,1508 643,1508 688,1508 733,1508 778,1509 823,1509 868,1511 912,1511 957,1512 1002,1514 1047,1517 1092,1518 1137,1521 1182,1524"/>
                <TextEquiv>
                    <Unicode>engestanden, diesen diesstahl in</Unicode>
                </TextEquiv>
            </TextLine>
            <TextLine id="r3l14" custom="readingOrder {index:13;}">
                <Coords points="276,1595 375,1637 513,1590 805,1590 872,1630 911,1602 940,1627 1180,1607 1180,1578 993,1517 863,1568 790,1517 709,1541 554,1511 384,1573 319,1538 276,1564"/>
                <Baseline points="282,1592 326,1592 371,1590 415,1590 460,1589 504,1589 549,1587 593,1587 638,1587 682,1586 727,1586 772,1586 816,1586 861,1587 905,1588 950,1589 994,1591 1039,1593 1083,1596 1128,1599 1173,1604"/>
                <TextEquiv>
                    <Unicode>keine Hände bebomen zu haben.</Unicode>
                </TextEquiv>
            </TextLine>
            <TextLine id="r3l15" custom="readingOrder {index:14;}">
                <Coords points="271,1689 477,1675 528,1714 946,1677 1023,1716 1109,1689 1176,1737 1273,1716 1247,1641 1066,1601 948,1652 834,1607 566,1589 428,1645 272,1640"/>
                <Baseline points="279,1674 328,1674 377,1673 427,1671 476,1670 525,1669 575,1668 624,1667 673,1665 723,1665 772,1665 821,1665 871,1665 920,1667 969,1668 1019,1671 1068,1673 1117,1676 1167,1681 1216,1686 1266,1692"/>
                <TextEquiv>
                    <Unicode>dieser Übelthäter dan insonderheit auch</Unicode>
                </TextEquiv>
            </TextLine>
            <TextLine id="r3l16" custom="readingOrder {index:15;}">
                <Coords points="262,1784 552,1796 829,1753 1008,1790 1061,1768 1114,1803 1159,1773 1270,1819 1270,1743 1124,1694 984,1740 819,1732 759,1689 263,1719"/>
                <Baseline points="270,1758 319,1758 369,1757 418,1755 468,1754 518,1752 567,1752 617,1751 667,1749 716,1749 766,1749 816,1749 865,1751 915,1751 965,1752 1014,1754 1064,1757 1114,1760 1163,1763 1213,1767 1263,1772"/>
                <TextEquiv>
                    <Unicode>höchst schuldig ist, darinen, daß Er nach</Unicode>
                </TextEquiv>
            </TextLine>
            <TextLine id="r3l17" custom="readingOrder {index:16;}">
                <Coords points="284,1881 342,1843 601,1841 652,1875 707,1838 756,1875 885,1838 982,1884 1087,1844 1137,1883 1215,1848 1289,1880 1301,1819 1170,1781 807,1813 690,1766 285,1798"/>
                <Baseline points="291,1838 341,1838 391,1836 441,1836 491,1835 541,1835 591,1833 641,1833 691,1832 741,1832 792,1830 842,1830 892,1831 942,1832 992,1833 1042,1835 1092,1837 1142,1840 1192,1844 1242,1848 1293,1854"/>
                <TextEquiv>
                    <Unicode>keiner behändigung im allharführen</Unicode>
                </TextEquiv>
            </TextLine>
            <TextLine id="r3l18" custom="readingOrder {index:17;}">
                <Coords points="277,1929 351,1961 645,1955 747,1918 1109,1956 1300,1937 1300,1888 1063,1860 935,1889 805,1849 278,1881"/>
                <Baseline points="285,1916 335,1917 385,1916 436,1916 486,1916 537,1914 587,1914 637,1913 688,1913 738,1913 789,1913 839,1913 889,1913 940,1913 990,1914 1041,1916 1091,1917 1141,1921 1192,1925 1242,1928 1293,1934"/>
                <TextEquiv>
                    <Unicode>um sich zu fluchten, einer Unserer</Unicode>
                </TextEquiv>
            </TextLine>
            <TextLine id="r3l19" custom="readingOrder {index:18;}">
                <Coords points="263,2051 403,2010 728,2011 782,2041 999,2011 1081,2050 1137,2014 1289,2016 1288,1977 1180,1956 972,1972 774,1937 705,1977 262,1945"/>
                <Baseline points="270,2009 320,2010 371,2010 421,2009 472,2009 522,2007 573,2006 623,2006 674,2004 724,2003 775,2001 826,2001 876,2000 927,2000 977,2000 1028,2000 1078,2001 1129,2002 1179,2004 1230,2006 1281,2010"/>
                <TextEquiv>
                    <Unicode>Thurnbeibeln, mit deßelben eigenen</Unicode>
                </TextEquiv>
            </TextLine>
            <TextLine id="r3l20" custom="readingOrder {index:19;}">
                <Coords points="275,2121 505,2139 775,2092 997,2140 1267,2108 1198,2041 1126,2065 915,2019 769,2058 616,2025 513,2070 452,2035 275,2055"/>
                <Baseline points="282,2094 330,2093 379,2093 428,2091 477,2091 526,2090 575,2089 624,2088 673,2088 722,2087 771,2087 819,2087 868,2087 917,2087 966,2088 1015,2088 1064,2089 1113,2090 1162,2091 1211,2093 1260,2094"/>
                <TextEquiv>
                    <Unicode>Rebehr geschoßen, davon selbiger sein</Unicode>
                </TextEquiv>
            </TextLine>
            <TextLine id="r3l21" custom="readingOrder {index:20;}">
                <Coords points="259,2194 491,2183 565,2213 700,2171 834,2212 897,2174 1126,2172 1125,2131 999,2142 871,2111 785,2150 629,2113 424,2157 334,2103 258,2111"/>
                <Baseline points="266,2177 308,2176 351,2175 393,2174 436,2174 479,2173 521,2172 564,2171 607,2171 649,2171 692,2169 735,2169 777,2169 820,2169 863,2169 905,2169 948,2169 991,2169 1033,2169 1076,2169 1119,2169"/>
                <TextEquiv>
                    <Unicode>Leben einbueßen müeßen. S</Unicode>
                </TextEquiv>
            </TextLine>
            <TextLine id="r3l22" custom="readingOrder {index:21;}">
                <Coords points="259,2302 525,2297 602,2331 655,2293 926,2310 980,2283 1077,2329 1241,2319 1273,2308 1273,2212 1180,2214 1099,2265 946,2231 758,2246 689,2208 259,2252"/>
                <Baseline points="266,2289 316,2289 366,2289 416,2288 466,2288 516,2288 566,2286 616,2286 666,2286 716,2285 766,2285 816,2285 866,2285 916,2285 966,2285 1016,2285 1066,2285 1116,2286 1166,2286 1216,2288 1266,2289"/>
                <TextEquiv>
                    <Unicode>Aus belchen beyden verüebten Höchst</Unicode>
                </TextEquiv>
            </TextLine>
            <TextLine id="r3l23" custom="readingOrder {index:22;}">
                <Coords points="278,2369 347,2399 681,2367 817,2403 893,2366 1008,2396 1057,2366 1209,2384 1225,2347 1134,2308 1080,2332 1025,2285 955,2323 411,2303 277,2336"/>
                <Baseline points="285,2366 331,2366 378,2366 424,2366 471,2366 518,2365 564,2364 611,2364 658,2363 704,2363 751,2363 798,2363 844,2361 891,2361 938,2361 984,2363 1031,2363 1078,2363 1124,2364 1171,2366 1218,2367"/>
                <TextEquiv>
                    <Unicode>straßbahren Übel und Mißethaten,</Unicode>
                </TextEquiv>
            </TextLine>
            <TextLine id="r3l24" custom="readingOrder {index:23;}">
                <Coords points="263,2462 1132,2485 1299,2432 1094,2378 812,2426 681,2367 549,2427 407,2387 262,2407"/>
                <Baseline points="269,2451 320,2451 371,2450 422,2450 473,2448 525,2448 576,2447 627,2447 678,2445 729,2445 781,2444 832,2444 883,2444 934,2444 985,2444 1037,2444 1088,2444 1139,2445 1190,2447 1241,2448 1293,2451"/>
                <TextEquiv>
                    <Unicode>Wir Ihne in Unstere Baude Vest sezen</Unicode>
                </TextEquiv>
            </TextLine>
            <TextLine id="r3l25" custom="readingOrder {index:24;}">
                <Coords points="644,2540 736,2566 842,2533 1025,2553 1117,2527 1265,2544 1297,2526 1297,2498 1256,2507 1180,2457 1123,2485 1042,2467 856,2491 774,2468 643,2487"/>
                <Baseline points="651,2532 684,2532 718,2532 751,2531 785,2531 819,2531 852,2530 886,2529 920,2529 953,2528 987,2527 1020,2526 1054,2526 1088,2525 1121,2525 1155,2525 1189,2525 1222,2525 1256,2526 1290,2526"/>
                <TextEquiv>
                    <Unicode>Als haben Wir, denen</Unicode>
                </TextEquiv>
            </TextLine>
            <TextLine id="r3l26" custom="readingOrder {index:25;}">
                <Coords points="281,2573 319,2565 343,2548 378,2566 396,2566 410,2554 438,2548 490,2561 490,2520 465,2519 452,2508 437,2515 391,2474 281,2490"/>
                <Baseline points="288,2537 315,2536 343,2535 371,2535 399,2535 427,2535 455,2536 483,2538"/>
                <TextEquiv>
                    <Unicode>laßen,</Unicode>
                </TextEquiv>
            </TextLine>
            <TextLine id="r3l27" custom="readingOrder {index:26;}">
                <Coords points="274,2634 593,2622 649,2654 778,2620 828,2652 1001,2654 1056,2617 1260,2614 1258,2534 1211,2531 1130,2589 1011,2544 273,2571"/>
                <Baseline points="281,2622 329,2621 378,2621 426,2621 475,2621 524,2619 572,2619 621,2618 669,2616 718,2616 767,2615 815,2613 864,2613 912,2612 961,2610 1010,2610 1058,2609 1107,2607 1155,2607 1204,2606 1253,2606"/>
                <TextEquiv>
                    <Unicode>die Bemeine Sicherheit zu schühen, und</Unicode>
                </TextEquiv>
            </TextLine>
            <TextLine id="r3l28" custom="readingOrder {index:27;}">
                <Coords points="282,2710 512,2701 629,2740 835,2698 1106,2738 1255,2688 1254,2619 1106,2619 1021,2662 852,2630 732,2673 601,2634 280,2644"/>
                <Baseline points="288,2703 336,2702 384,2701 432,2700 480,2699 528,2697 576,2696 624,2696 672,2694 720,2693 768,2692 816,2691 864,2690 912,2690 960,2688 1008,2688 1056,2688 1104,2687 1152,2687 1200,2687 1248,2687"/>
                <TextEquiv>
                    <Unicode>auch mit dem Schwerd der Gerechtigkeit</Unicode>
                </TextEquiv>
            </TextLine>
            <TextLine id="r3l29" custom="readingOrder {index:28;}">
                <Coords points="262,2812 455,2824 511,2787 690,2777 978,2814 1064,2779 1185,2794 1184,2742 1076,2717 1029,2746 813,2709 624,2751 526,2712 261,2713"/>
                <Baseline points="269,2784 314,2784 359,2784 405,2783 450,2783 496,2781 541,2781 587,2780 632,2780 678,2778 723,2777 768,2777 814,2775 859,2775 905,2774 950,2774 996,2774 1041,2772 1087,2772 1132,2771 1178,2771"/>
                <TextEquiv>
                    <Unicode>Hand zu haben, von dem Obersten</Unicode>
                </TextEquiv>
            </TextLine>
            <TextLine id="r3l30" custom="readingOrder {index:29;}">
                <Coords points="257,2910 318,2932 423,2871 672,2872 717,2896 821,2871 878,2899 988,2868 987,2784 896,2808 837,2794 768,2829 682,2805 610,2853 487,2812 383,2853 307,2804 256,2810"/>
                <Baseline points="264,2874 299,2872 335,2871 371,2870 407,2870 443,2868 479,2868 514,2868 550,2868 586,2868 622,2868 658,2868 694,2868 730,2868 765,2867 801,2867 837,2867 873,2866 909,2865 945,2864 981,2862"/>
                <TextEquiv>
                    <Unicode>Regenten an bentrauet ist</Unicode>
                </TextEquiv>
            </TextLine>
            <TextLine id="r3l31" custom="readingOrder {index:30;}">
                <Coords points="353,3001 416,2977 640,3003 828,2984 1010,3020 1250,2989 1250,2939 1114,2886 954,2891 911,2921 767,2884 634,2913 560,2876 353,2913"/>
                <Baseline points="360,2973 404,2975 448,2975 492,2976 536,2976 580,2978 624,2978 668,2978 712,2979 756,2979 801,2979 845,2979 889,2979 933,2979 977,2979 1021,2979 1065,2979 1109,2979 1153,2979 1197,2979 1242,2979"/>
                <TextEquiv>
                    <Unicode>zu Recht Erdentund Besfrochen.</Unicode>
                </TextEquiv>
            </TextLine>
            <TextLine id="r3l32" custom="readingOrder {index:31;}">
                <Coords points="268,3071 363,3102 597,3058 756,3098 833,3061 887,3109 977,3065 1111,3098 1208,3055 1273,3068 1273,3000 1213,2984 982,3033 764,2985 444,3022 268,2980"/>
                <Baseline points="276,3051 325,3054 375,3055 424,3057 474,3057 523,3059 573,3059 622,3060 672,3060 721,3061 771,3062 820,3062 870,3060 919,3060 969,3059 1018,3059 1068,3057 1117,3056 1167,3055 1216,3053 1266,3051"/>
                <TextEquiv>
                    <Unicode>Es solle dieser unglütsteelige Mißethäter</Unicode>
                </TextEquiv>
            </TextLine>
            <TextLine id="r3l33" custom="readingOrder {index:32;}">
                <Coords points="259,3145 465,3168 769,3139 1124,3186 1252,3134 1252,3103 988,3070 719,3124 444,3071 259,3110"/>
                <Baseline points="266,3140 317,3140 369,3138 420,3138 472,3138 523,3138 575,3138 626,3138 678,3139 729,3140 781,3140 832,3141 884,3141 935,3141 987,3140 1038,3140 1090,3139 1141,3137 1193,3135 1245,3132"/>
                <TextEquiv>
                    <Unicode>Davidamic als ein dieb und Todschläger</Unicode>
                </TextEquiv>
            </TextLine>
            <TextLine id="r3l34" custom="readingOrder {index:33;}">
                <Coords points="275,3269 543,3218 599,3254 843,3206 1206,3224 1221,3157 1053,3189 913,3153 836,3186 704,3158 659,3188 563,3145 407,3151 274,3195"/>
                <Baseline points="281,3212 327,3212 374,3210 421,3210 467,3210 514,3210 561,3210 607,3209 654,3209 701,3209 748,3209 794,3209 841,3209 888,3207 934,3207 981,3207 1028,3207 1074,3206 1121,3206 1168,3204 1215,3204"/>
                <TextEquiv>
                    <Unicode>nach Empfehlung seiner Armen Seele</Unicode>
                </TextEquiv>
            </TextLine>
            <TextLine id="r3l35" custom="readingOrder {index:34;} place {offset:36; length:4;}">
                <Coords points="247,3304 802,3284 867,3326 951,3301 1143,3330 1257,3301 1275,3255 1206,3224 981,3246 812,3215 666,3222 577,3274 523,3232 246,3271"/>
                <Baseline points="254,3296 304,3294 355,3293 406,3293 456,3291 507,3291 558,3290 608,3290 659,3290 710,3288 761,3288 811,3288 862,3288 913,3288 963,3287 1014,3287 1065,3287 1115,3285 1166,3285 1217,3285 1268,3284"/>
                <TextEquiv>
                    <Unicode>in die Erbärmnde ihres Erlösters zu bohl,</Unicode>
                </TextEquiv>
            </TextLine>
            <TextLine id="r3l36" custom="readingOrder {index:35;}">
                <Coords points="260,3390 1087,3400 1201,3383 1236,3340 1166,3314 1010,3351 951,3313 889,3357 755,3357 682,3293 619,3324 448,3289 259,3331"/>
                <Baseline points="266,3377 314,3375 362,3375 410,3374 458,3374 506,3374 554,3374 603,3374 651,3374 699,3374 747,3375 795,3375 843,3375 891,3375 940,3375 988,3375 1036,3374 1084,3374 1132,3372 1180,3371 1229,3368"/>
                <TextEquiv>
                    <Unicode>verdienter Straffe, und anderen bösten</Unicode>
                </TextEquiv>
            </TextLine>
            <TextLine id="r3l37" custom="readingOrder {index:36;}">
                <Coords points="1008,3481 1053,3497 1080,3479 1104,3476 1124,3486 1160,3459 1179,3472 1194,3463 1223,3466 1218,3373 1196,3383 1167,3378 1159,3387 1139,3379 1130,3389 1113,3383 1060,3407 1047,3397 1004,3398"/>
                <Baseline points="1013,3446 1038,3446 1063,3444 1088,3444 1113,3441 1138,3440 1163,3438 1188,3438 1214,3437"/>
                <TextEquiv>
                    <Unicode>Thum</Unicode>
                </TextEquiv>
            </TextLine>
            <TextEquiv>
                <Unicode>Großen Rtahts Verbandten, allso er biß¬
auf Liechtmeß lezthin als Kricht in
diensten gestanden, dergestalten boß¬
hafft und untreu geworden, daß er sich
eines in der Nacht vom 5t zum 6. Augusr
dieses lauffenden Jahrt, nach torhen ge¬
faßten Vorsah allhier in Herren Von
Gingins Haus aus einem Bureat
mitelst falscher Schlüßeln begangenen
diebstahls von einer nahmhaffen sama
Belts sich als alleiniger Rethäter schuldi¬
Erbent und dargegeben, auch zugleich
engestanden, diesen diesstahl in
keine Hände bebomen zu haben.
dieser Übelthäter dan insonderheit auch
höchst schuldig ist, darinen, daß Er nach
keiner behändigung im allharführen
um sich zu fluchten, einer Unserer
Thurnbeibeln, mit deßelben eigenen
Rebehr geschoßen, davon selbiger sein
Leben einbueßen müeßen. S
Aus belchen beyden verüebten Höchst
straßbahren Übel und Mißethaten,
Wir Ihne in Unstere Baude Vest sezen
Als haben Wir, denen
laßen,
die Bemeine Sicherheit zu schühen, und
auch mit dem Schwerd der Gerechtigkeit
Hand zu haben, von dem Obersten
Regenten an bentrauet ist
zu Recht Erdentund Besfrochen.
Es solle dieser unglütsteelige Mißethäter
Davidamic als ein dieb und Todschläger
nach Empfehlung seiner Armen Seele
in die Erbärmnde ihres Erlösters zu bohl,
verdienter Straffe, und anderen bösten
Thum</Unicode>
            </TextEquiv>
        </TextRegion>
        <TextRegion orientation="0.0" id="r4" custom="readingOrder {index:3;}">
            <Coords points="1526,299 1526,3296 2733,3296 2733,299"/>
            <TextLine id="r4l1" custom="readingOrder {index:0;}">
                <Coords points="2601,343 2611,343 2628,355 2656,352 2660,357 2666,352 2687,356 2717,343 2726,347 2740,343 2738,282 2725,283 2717,276 2699,288 2689,282 2676,287 2652,284 2645,290 2635,286 2614,305 2599,304"/>
                <Baseline points="2607,339 2632,340 2657,338 2682,335 2707,335 2733,339"/>
                <TextEquiv>
                    <Unicode>107.</Unicode>
                </TextEquiv>
            </TextLine>
            <TextLine id="r4l2" custom="readingOrder {index:1;}">
                <Coords points="1619,684 1776,703 1924,654 2165,682 2307,632 2468,669 2694,631 2694,503 2580,565 2394,558 2279,613 2120,576 1615,631"/>
                <Baseline points="1625,672 1678,670 1731,666 1785,664 1838,662 1892,659 1945,656 1998,653 2052,650 2105,647 2159,644 2212,641 2265,638 2319,635 2372,630 2426,627 2479,622 2532,618 2586,614 2639,610 2693,605"/>
                <TextEquiv>
                    <Unicode>zum Abschen und Schreben, dem Scharft¬</Unicode>
                </TextEquiv>
            </TextLine>
            <TextLine id="r4l3" custom="readingOrder {index:2;}">
                <Coords points="1609,800 1709,746 1835,734 1893,771 1973,722 2364,710 2444,747 2511,703 2644,716 2641,661 2310,635 2251,686 2187,659 2131,699 2030,671 1964,705 1896,672 1836,709 1731,676 1605,717"/>
                <Baseline points="1613,741 1664,738 1715,735 1766,732 1817,729 1868,727 1919,725 1971,723 2022,721 2073,719 2124,717 2175,715 2226,713 2277,710 2329,707 2380,705 2431,702 2482,698 2533,695 2584,691 2636,686"/>
                <TextEquiv>
                    <Unicode>Richter übergeben, von demselbigen</Unicode>
                </TextEquiv>
            </TextLine>
            <TextLine id="r4l4" custom="readingOrder {index:3;}">
                <Coords points="1613,842 2030,793 2234,820 2300,783 2453,830 2595,816 2703,754 2701,706 2508,707 2429,755 2364,716 2065,768 1989,725 1891,772 1720,745 1611,799"/>
                <Baseline points="1619,815 1672,811 1726,808 1780,804 1834,801 1888,799 1942,796 1995,794 2049,791 2103,789 2157,786 2211,783 2265,781 2319,778 2372,776 2426,773 2480,771 2534,768 2588,764 2642,761 2696,758"/>
                <TextEquiv>
                    <Unicode>gebunden, Oben aus nach dem Hochgericht</Unicode>
                </TextEquiv>
            </TextLine>
            <TextLine id="r4l5" custom="readingOrder {index:4;}">
                <Coords points="1619,922 2084,871 2238,924 2391,861 2536,898 2689,853 2686,787 2370,839 2312,803 2198,846 2127,804 1801,809 1617,872"/>
                <Baseline points="1625,896 1677,892 1730,888 1783,885 1836,882 1889,878 1941,875 1994,873 2047,870 2100,867 2153,866 2205,864 2258,862 2311,860 2364,857 2417,855 2469,854 2522,851 2575,849 2628,847 2681,845"/>
                <TextEquiv>
                    <Unicode>geführt, mit dem Strang vom Leben zum</Unicode>
                </TextEquiv>
            </TextLine>
            <TextLine id="r4l6" custom="readingOrder {index:5;}">
                <Coords points="1612,993 1693,1018 1819,975 1888,1010 1975,961 2504,933 2603,960 2708,913 2575,870 2442,917 2379,880 2129,920 2021,877 1870,939 1784,907 1609,932"/>
                <Baseline points="1619,978 1673,975 1727,971 1781,968 1835,965 1889,960 1943,957 1998,954 2052,951 2106,948 2160,944 2214,942 2268,939 2322,938 2377,935 2431,933 2485,932 2539,932 2593,932 2647,930 2702,932"/>
                <TextEquiv>
                    <Unicode>tos hingerichtet berden, alda er daran</Unicode>
                </TextEquiv>
            </TextLine>
            <TextLine id="r4l7" custom="readingOrder {index:6;}">
                <Coords points="1613,1077 1679,1091 1778,1047 1878,1071 1947,1038 2012,1066 2260,1019 2557,1049 2644,1012 2642,974 2439,942 2284,1001 2156,954 2045,999 1958,980 1888,1009 1834,977 1760,1028 1610,1017"/>
                <Baseline points="1619,1056 1669,1052 1720,1049 1771,1044 1822,1041 1873,1037 1924,1034 1974,1031 2025,1028 2076,1025 2127,1022 2178,1019 2229,1016 2280,1013 2330,1011 2381,1008 2432,1005 2483,1003 2534,1001 2585,999 2636,998"/>
                <TextEquiv>
                    <Unicode>hangend, biß nach Sonen Nidergang</Unicode>
                </TextEquiv>
            </TextLine>
            <TextLine id="r4l8" custom="readingOrder {index:7;}">
                <Coords points="1613,1152 2031,1116 2097,1154 2145,1119 2189,1141 2292,1097 2580,1080 2577,1039 2516,1027 2433,1069 2320,1019 2243,1073 2045,1055 1893,1100 1757,1057 1610,1099"/>
                <Baseline points="1619,1131 1666,1127 1714,1124 1762,1121 1809,1118 1857,1115 1905,1113 1952,1110 2000,1108 2048,1106 2096,1103 2143,1101 2191,1098 2239,1097 2286,1095 2334,1092 2382,1089 2429,1086 2477,1085 2525,1082 2573,1079"/>
                <TextEquiv>
                    <Unicode>verbleiben, und nachleehrts an das</Unicode>
                </TextEquiv>
            </TextLine>
            <TextLine id="r4l9" custom="readingOrder {index:8;}">
                <Coords points="1623,1263 2001,1189 2106,1232 2284,1181 2707,1175 2705,1130 2581,1101 2424,1141 2346,1112 2097,1153 1962,1124 1808,1181 1618,1148"/>
                <Baseline points="1628,1209 1681,1207 1735,1205 1788,1202 1842,1199 1895,1197 1949,1193 2002,1190 2056,1188 2109,1185 2163,1182 2217,1180 2270,1177 2324,1175 2377,1172 2431,1170 2484,1169 2538,1166 2591,1164 2645,1163 2699,1161"/>
                <TextEquiv>
                    <Unicode>Verschmachte Ort verschärret berden solle.</Unicode>
                </TextEquiv>
            </TextLine>
            <TextLine id="r4l10" custom="readingOrder {index:9;}">
                <Coords points="1607,1364 1697,1318 1991,1323 2045,1355 2299,1291 2596,1305 2706,1281 2704,1234 2505,1192 2287,1258 2207,1234 2157,1264 1603,1280"/>
                <Baseline points="1613,1322 1667,1319 1721,1317 1775,1315 1830,1313 1884,1310 1938,1308 1993,1304 2047,1301 2101,1298 2156,1295 2210,1292 2264,1289 2318,1286 2373,1283 2427,1281 2481,1277 2536,1275 2590,1272 2644,1270 2699,1268"/>
                <TextEquiv>
                    <Unicode>Geben in Unster großen Rahts Verzam¬</Unicode>
                </TextEquiv>
            </TextLine>
            <TextLine id="r4l11" custom="readingOrder {index:10;}">
                <Coords points="1602,1432 2058,1414 2115,1384 2213,1416 2374,1370 2417,1397 2476,1382 2474,1316 2063,1348 1897,1317 1655,1335 1600,1372"/>
                <Baseline points="1607,1392 1650,1392 1693,1392 1736,1392 1779,1391 1822,1390 1865,1388 1908,1386 1951,1385 1994,1382 2038,1379 2081,1377 2124,1376 2167,1374 2210,1372 2253,1371 2296,1370 2339,1370 2382,1370 2425,1372 2469,1374"/>
                <TextEquiv>
                    <Unicode>lung d. 15 Septembris 1753. e</Unicode>
                </TextEquiv>
            </TextLine>
            <TextLine id="r4l12" custom="readingOrder {index:11;}">
                <Coords points="1577,1626 2108,1575 2307,1597 2520,1553 2713,1584 2684,1473 2214,1529 2135,1491 1992,1537 1845,1508 1748,1558 1573,1527"/>
                <Baseline points="1583,1599 1639,1596 1695,1593 1751,1590 1807,1587 1863,1585 1919,1581 1975,1579 2031,1577 2087,1574 2144,1571 2200,1568 2256,1566 2312,1563 2368,1560 2424,1559 2480,1556 2536,1554 2592,1551 2648,1550 2705,1548"/>
                <TextEquiv>
                    <Unicode>Vedel an H. Großbeibel  Ihne der Todes,</Unicode>
                </TextEquiv>
            </TextLine>
            <TextLine id="r4l13" custom="readingOrder {index:12;}">
                <Coords points="1593,1699 2010,1692 2083,1652 2203,1699 2313,1651 2430,1676 2695,1627 2693,1594 2435,1588 2310,1635 2071,1591 1979,1638 1717,1650 1588,1619"/>
                <Baseline points="1599,1689 1653,1685 1707,1680 1762,1675 1816,1671 1871,1667 1925,1665 1979,1662 2034,1659 2088,1656 2143,1654 2197,1652 2251,1649 2306,1647 2360,1643 2415,1641 2469,1639 2523,1636 2578,1632 2632,1629 2687,1625"/>
                <TextEquiv>
                    <Unicode>Vrtheil deß Ami zu berichten, mit Gesinne</Unicode>
                </TextEquiv>
            </TextLine>
            <TextLine id="r4l14" custom="readingOrder {index:13;}">
                <Coords points="1581,1771 2436,1748 2664,1714 2660,1627 2387,1701 2094,1711 1942,1673 1793,1729 1578,1714"/>
                <Baseline points="1587,1763 1640,1758 1694,1754 1747,1751 1801,1748 1854,1745 1908,1742 1961,1740 2015,1738 2068,1736 2122,1734 2175,1733 2229,1730 2282,1728 2336,1727 2389,1724 2443,1722 2496,1719 2550,1716 2603,1712 2657,1707"/>
                <TextEquiv>
                    <Unicode>dem Armen Sunder üblicher Maßen das</Unicode>
                </TextEquiv>
            </TextLine>
            <TextLine id="r4l15" custom="readingOrder {index:14;}">
                <Coords points="1588,1840 1762,1832 1802,1851 1896,1828 2004,1859 2067,1821 2093,1828 2091,1779 2049,1766 1953,1778 1923,1756 1900,1775 1850,1757 1814,1766 1749,1808 1640,1766 1587,1788"/>
                <Baseline points="1595,1829 1620,1829 1646,1828 1672,1827 1698,1825 1723,1824 1749,1823 1775,1822 1801,1820 1827,1818 1852,1818 1878,1817 1904,1815 1930,1815 1956,1815 1981,1815 2007,1815 2033,1817 2059,1818 2085,1820"/>
                <TextEquiv>
                    <Unicode>Leben abzusprechen.</Unicode>
                </TextEquiv>
            </TextLine>
            <TextLine id="r4l16" custom="readingOrder {index:15;} place {offset:9; length:6;} place {offset:17; length:4;}">
                <Coords points="1537,2088 1709,2035 1911,2071 2396,2023 2449,2050 2534,2017 2162,1939 1990,1990 1919,1958 1763,1994 1601,1938 1534,1959"/>
                <Baseline points="1544,2043 1593,2041 1642,2039 1691,2037 1740,2034 1789,2031 1838,2029 1887,2028 1936,2025 1985,2024 2035,2022 2084,2021 2133,2019 2182,2019 2231,2018 2280,2018 2329,2018 2378,2019 2427,2019 2476,2021 2526,2022"/>
                <TextEquiv>
                    <Unicode>Redel an Muhgsl. Baul Herren.</Unicode>
                </TextEquiv>
            </TextLine>
            <TextLine id="r4l17" custom="readingOrder {index:16;} person {offset:15; length:8;}">
                <Coords points="1575,2176 1629,2136 1958,2146 2013,2117 2145,2159 2219,2115 2689,2128 2688,2077 2601,2056 2496,2089 2350,2050 2218,2094 1790,2042 1726,2088 1574,2083"/>
                <Baseline points="1581,2130 1636,2125 1691,2122 1746,2118 1801,2115 1856,2114 1911,2112 1966,2111 2021,2109 2076,2109 2131,2108 2186,2108 2241,2108 2296,2108 2351,2108 2406,2108 2461,2108 2516,2108 2571,2108 2626,2106 2682,2106"/>
                <TextEquiv>
                    <Unicode>Ihne freundtl. Ansinnen, üblicher mußen</Unicode>
                </TextEquiv>
            </TextLine>
            <TextLine id="r4l18" custom="readingOrder {index:17;}">
                <Coords points="1576,2228 1744,2236 1805,2198 1899,2223 1993,2187 2282,2237 2337,2186 2676,2187 2675,2153 2531,2119 2414,2170 2184,2136 2084,2166 2025,2133 1575,2176"/>
                <Baseline points="1583,2210 1637,2205 1691,2201 1745,2197 1800,2195 1854,2192 1908,2190 1963,2189 2017,2187 2071,2186 2126,2186 2180,2185 2234,2184 2288,2184 2343,2184 2397,2184 2451,2184 2506,2184 2560,2184 2614,2184 2669,2183"/>
                <TextEquiv>
                    <Unicode>bey dergleichen Exccutionen, auf Morn¬</Unicode>
                </TextEquiv>
            </TextLine>
            <TextLine id="r4l19" custom="readingOrder {index:18;}">
                <Coords points="1573,2304 1649,2325 1762,2287 1822,2320 1932,2272 2353,2328 2416,2284 2670,2271 2669,2239 2440,2205 2372,2240 2080,2212 1991,2248 1819,2210 1740,2261 1631,2215 1572,2242"/>
                <Baseline points="1580,2285 1634,2282 1688,2279 1742,2276 1796,2274 1850,2271 1904,2270 1959,2268 2013,2268 2067,2267 2121,2266 2175,2265 2229,2265 2283,2265 2338,2265 2392,2265 2446,2265 2500,2265 2554,2265 2608,2265 2663,2265"/>
                <TextEquiv>
                    <Unicode>drigen Tag den Stichterstuhl offnen und</Unicode>
                </TextEquiv>
            </TextLine>
            <TextLine id="r4l20" custom="readingOrder {index:19;}">
                <Coords points="1579,2410 1805,2356 2533,2404 2650,2363 2650,2316 1578,2304"/>
                <Baseline points="1586,2366 1638,2364 1691,2363 1744,2362 1797,2360 1850,2360 1903,2358 1955,2357 2008,2357 2061,2355 2114,2355 2167,2355 2220,2354 2273,2354 2325,2354 2378,2354 2431,2355 2484,2355 2537,2357 2590,2358 2643,2358"/>
                <TextEquiv>
                    <Unicode>Schremben vor demselben aufrichten zu</Unicode>
                </TextEquiv>
            </TextLine>
            <TextLine id="r4l21" custom="readingOrder {index:20;}">
                <Coords points="1569,2470 2070,2442 2443,2483 2566,2465 2566,2389 2374,2418 2261,2385 2108,2414 1953,2393 1880,2427 1833,2392 1568,2404"/>
                <Baseline points="1575,2454 1624,2451 1673,2448 1722,2447 1771,2444 1821,2442 1870,2442 1919,2441 1968,2441 2017,2441 2067,2441 2116,2441 2165,2441 2214,2442 2263,2442 2313,2444 2362,2444 2411,2445 2460,2447 2509,2448 2559,2448"/>
                <TextEquiv>
                    <Unicode>laßen, damit die Urtheil gebohnter</Unicode>
                </TextEquiv>
            </TextLine>
            <TextLine id="r4l22" custom="readingOrder {index:21;}">
                <Coords points="1559,2568 1823,2510 2068,2558 2137,2525 2387,2558 2652,2533 2652,2506 2462,2471 2365,2491 2189,2453 1682,2504 1623,2467 1559,2505"/>
                <Baseline points="1566,2528 1620,2525 1674,2523 1728,2520 1782,2519 1836,2518 1890,2517 1944,2516 1998,2516 2052,2516 2106,2516 2160,2517 2214,2517 2268,2519 2322,2520 2376,2522 2430,2523 2484,2525 2538,2527 2592,2529 2646,2531"/>
                <TextEquiv>
                    <Unicode>form noch, dem Arme Sunder abgelesen</Unicode>
                </TextEquiv>
            </TextLine>
            <TextLine id="r4l23" custom="readingOrder {index:22;}">
                <Coords points="1576,2607 1680,2612 1709,2599 1740,2616 1807,2598 1853,2610 1885,2595 1933,2615 1982,2602 1981,2553 1941,2541 1844,2575 1799,2574 1784,2560 1750,2576 1728,2575 1689,2539 1575,2542"/>
                <Baseline points="1583,2600 1609,2599 1635,2598 1661,2597 1687,2595 1713,2595 1739,2594 1765,2593 1791,2592 1817,2592 1843,2592 1869,2592 1895,2592 1921,2594 1947,2594 1974,2595"/>
                <TextEquiv>
                    <Unicode>berden könne.</Unicode>
                </TextEquiv>
            </TextLine>
            <TextLine id="r4l24" custom="readingOrder {index:23;} person {offset:27; length:4;}">
                <Coords points="1518,2857 1681,2801 1994,2842 2059,2809 2114,2848 2215,2809 2305,2870 2387,2832 2455,2866 2656,2826 2657,2768 2399,2788 2308,2728 2124,2781 1991,2725 1722,2770 1619,2716 1521,2721"/>
                <Baseline points="1526,2802 1582,2801 1638,2801 1694,2801 1750,2801 1806,2801 1862,2802 1919,2804 1975,2805 2031,2807 2087,2808 2143,2810 2199,2811 2255,2813 2312,2814 2368,2816 2424,2816 2480,2816 2536,2816 2592,2816 2649,2814"/>
                <TextEquiv>
                    <Unicode>Gudel an H: Pferrherrn De, Frey, Ihne</Unicode>
                </TextEquiv>
            </TextLine>
            <TextLine id="r4l25" custom="readingOrder {index:24;}">
                <Coords points="1564,2902 1699,2883 1990,2930 2077,2882 2244,2942 2397,2904 2613,2961 2646,2955 2649,2855 2367,2882 2078,2814 1980,2850 1683,2801 1566,2823"/>
                <Baseline points="1571,2883 1624,2882 1677,2880 1731,2880 1784,2880 1838,2880 1891,2882 1945,2883 1998,2884 2052,2886 2105,2887 2158,2889 2212,2891 2265,2894 2319,2895 2372,2898 2426,2901 2479,2903 2533,2906 2586,2907 2640,2910"/>
                <TextEquiv>
                    <Unicode>der Ttodes Vrtheil zu berichten, mit Gesien</Unicode>
                </TextEquiv>
            </TextLine>
            <TextLine id="r4l26" custom="readingOrder {index:25;} person {offset:10; length:6;}">
                <Coords points="1570,2973 2653,2999 2655,2932 2463,2961 2290,2919 2203,2945 2110,2903 1909,2899 1752,2945 1572,2910"/>
                <Baseline points="1577,2966 1630,2964 1683,2961 1737,2961 1790,2960 1844,2961 1897,2961 1951,2963 2004,2963 2058,2965 2111,2967 2164,2969 2218,2971 2271,2973 2325,2976 2378,2978 2432,2981 2485,2982 2539,2984 2592,2985 2646,2987"/>
                <TextEquiv>
                    <Unicode>dem Armen Bunder, üblicher müßen, das</Unicode>
                </TextEquiv>
            </TextLine>
            <TextLine id="r4l27" custom="readingOrder {index:26;}">
                <Coords points="1560,3049 1999,3081 2070,3043 2246,3052 2370,3114 2470,3073 2658,3085 2661,3005 2464,3039 2244,2995 2123,3030 1949,2973 1737,3011 1647,2968 1562,2990"/>
                <Baseline points="1568,3032 1622,3033 1676,3033 1730,3033 1784,3035 1838,3036 1892,3037 1947,3038 2001,3039 2055,3041 2109,3044 2163,3045 2217,3048 2271,3050 2326,3053 2380,3055 2434,3059 2488,3062 2542,3065 2596,3068 2651,3071"/>
                <TextEquiv>
                    <Unicode>Leben abzustrechen, und übrigens zu</Unicode>
                </TextEquiv>
            </TextLine>
            <TextLine id="r4l28" custom="readingOrder {index:27;}">
                <Coords points="1571,3130 2324,3141 2502,3194 2679,3160 2680,3117 2580,3090 2359,3116 1884,3055 1721,3092 1630,3055 1572,3091"/>
                <Baseline points="1578,3114 1632,3114 1687,3114 1742,3114 1796,3114 1851,3116 1906,3117 1960,3119 2015,3120 2070,3122 2125,3125 2179,3128 2234,3130 2289,3133 2343,3136 2398,3139 2453,3141 2507,3144 2562,3147 2617,3150 2672,3153"/>
                <TextEquiv>
                    <Unicode>veranstallten, daß dieselbe mit Geistlichem</Unicode>
                </TextEquiv>
            </TextLine>
            <TextLine id="r4l29" custom="readingOrder {index:28;}">
                <Coords points="1569,3203 1830,3225 1961,3192 2252,3255 2570,3253 2565,3174 2483,3204 2287,3153 2234,3177 2168,3136 1994,3181 1572,3134"/>
                <Baseline points="1577,3191 1626,3191 1675,3191 1725,3191 1774,3191 1823,3192 1873,3192 1922,3194 1971,3195 2021,3197 2070,3199 2119,3201 2169,3203 2218,3206 2267,3208 2317,3212 2366,3215 2415,3219 2465,3223 2514,3226 2564,3231"/>
                <TextEquiv>
                    <Unicode>Troß versehen und zum Hochgericht</Unicode>
                </TextEquiv>
            </TextLine>
            <TextLine id="r4l30" custom="readingOrder {index:29;}">
                <Coords points="1561,3323 1874,3311 1924,3274 2049,3291 2051,3219 1980,3225 1900,3205 1831,3229 1799,3216 1768,3233 1753,3217 1716,3241 1674,3220 1650,3231 1601,3199 1563,3204"/>
                <Baseline points="1569,3266 1595,3266 1621,3266 1648,3266 1674,3266 1700,3266 1727,3267 1753,3267 1779,3267 1806,3267 1832,3267 1858,3269 1885,3269 1911,3270 1937,3271 1964,3272 1990,3273 2016,3275 2043,3278"/>
                <TextEquiv>
                    <Unicode>begleitet berde.</Unicode>
                </TextEquiv>
            </TextLine>
            <TextEquiv>
                <Unicode>107.
zum Abschen und Schreben, dem Scharft¬
Richter übergeben, von demselbigen
gebunden, Oben aus nach dem Hochgericht
geführt, mit dem Strang vom Leben zum
tos hingerichtet berden, alda er daran
hangend, biß nach Sonen Nidergang
verbleiben, und nachleehrts an das
Verschmachte Ort verschärret berden solle.
Geben in Unster großen Rahts Verzam¬
lung d. 15 Septembris 1753. e
Vedel an H. Großbeibel  Ihne der Todes,
Vrtheil deß Ami zu berichten, mit Gesinne
dem Armen Sunder üblicher Maßen das
Leben abzusprechen.
Redel an Muhgsl. Baul Herren.
Ihne freundtl. Ansinnen, üblicher mußen
bey dergleichen Exccutionen, auf Morn¬
drigen Tag den Stichterstuhl offnen und
Schremben vor demselben aufrichten zu
laßen, damit die Urtheil gebohnter
form noch, dem Arme Sunder abgelesen
berden könne.
Gudel an H: Pferrherrn De, Frey, Ihne
der Ttodes Vrtheil zu berichten, mit Gesien
dem Armen Bunder, üblicher müßen, das
Leben abzustrechen, und übrigens zu
veranstallten, daß dieselbe mit Geistlichem
Troß versehen und zum Hochgericht
begleitet berde.</Unicode>
            </TextEquiv>
        </TextRegion>
    </Page>
</PcGts>
