3024 4032
119 2598 191 2721 d
133 888 205 960 d
143 999 213 1123 d
143 1135 219 1261 z.
129 1257 217 1368 8
144 1347 218 1450 B.
146 1456 216 1577 d.
133 1582 193 1705 3
75 245 207 368 114.
156 436 234 557 B.
161 609 256 727 c.
287 465 1288 630 Ob Er ohne Anstoßen auf den Toden ge¬
290 549 483 629 fallen?
284 611 1280 750 Nein Er seyn an einen Tänigen Bauk
274 687 1275 831 gefallen, also daß er mit dem Kopft
278 769 901 871 darauligen geblieben.
262 855 1299 989 Ob nach dem fahl er allsobald nichts gere¬
262 925 774 1034 des oder geschreyen?
263 1002 1196 1128 Nein Er habe bein Wort geredet und
264 1081 799 1194 beinen Thon gegeben.
261 1156 781 1282 Ob Er nicht geblutet:
275 1228 918 1363 Er habe bein Blut gestehen.
259 1339 1175 1469 Was vor Ihnen auf dem Tisch gelesen.
262 1430 1271 1561 Wüße nichts anders als Wein und Eswas
250 1506 1229 1628 zu Een, könte nicht mehr Tagen bas¬
260 1589 1271 1717 Er werde Ermahnet seine bekantnuß in
247 1671 1268 1773 Wahrheit und Aufrichtigkeit abzustatten,
263 1744 1217 1848 allso solle Er bey gutem Gebißen und¬
248 1809 1258 1928 vor Bottes angesicht Erblähren, ob er
250 1878 1217 1985 nicht den Unglükhaftigen Streich mit
250 1959 1260 2063 belafneter Fanst versetzet, allso daß er
232 2040 1234 2155 erdban ein Meßer, Gabel oder Ring
250 2108 1261 2223 in der Hand gehabt, solle Gedeuken, daß
240 2178 1237 2295 dieser Streich deß Manns Tod verur¬
225 2249 1249 2360 sachet, und daß nicht leicht zu glauben,
240 2335 1228 2448 daß von einem bloßen Haus, Stoß¬
247 2406 1234 2526 man Jehmand Tod schlagen könn, und
229 2498 997 2607 die Hirnschalen zerbrechen.
244 2592 1269 2715 Er bezeuge beÿ gutem Gelißen, und vor
231 2675 1248 2787 Bott dem Allmächtigen, daß Er nichts
237 2742 1266 2870 in der Hand, auch nicht Einmahl einen
236 2822 1174 2948 Sing angehabt, sonder daß Er den
226 2911 1287 3037 Anglübhafftigen Stoß, mit der bloßen
225 2985 1273 3109 faust, bie oben gestagt, gethan, dar von
235 3063 1273 3191 Er ohne Gebalt auf den Boden gefallen,
237 3131 1155 3260 man habe gemichtmaßet, daß die
204 3234 1234 3347 sirnschalen von dem Fahl herbrochen,
222 3304 1224 3426 zumahlen der Bürg ein Großer Man
207 3377 1201 3506 gebesten, Versichere, daß van Er nicht
934 3455 1213 3576 hierfür
1457 3221 1553 3350 3
2576 285 2703 364 115.
1612 483 2703 655 Hierfür sein gut gebißen hatte, Er sich nicht
1609 547 2716 702 beÿ einer hohen Oberbeit um Gnade Anmel¬
1601 625 2702 799 den dörffte, bie Er in dehmicht sich unter¬
1610 765 1785 852 binde.
1562 817 1597 858 1
1601 778 2687 958 Ob damahlen, als Er das Ungluck gehabt,
1491 869 1558 974 B.
1597 869 2705 1039 Er schons groß gebachsen gebesten, als bie
1603 999 1797 1108 Aujezt.
1605 1055 2683 1206 Nein er seÿe sinthar fast noch um einen
1496 1098 1566 1213 H.
1582 1126 2602 1288 Ropf gewächsten, seÿe noch gar Jung
1598 1203 2704 1362 gelesten; Er habe vorhero nur 1. oder 2.
1608 1332 2104 1445 mahl Comuniciert.
1479 1398 2658 1548 2. Ob der Bürgj viel großer als Er gelesten.
1494 1490 2642 1639 R. Ja der Bürgj steÿe ein sehr länger und
1595 1576 2680 1695 bestezter Man gelesten, Er habe bloß
1593 1645 2572 1771 hinauf in sein Gesticht reben mögen.
1585 1706 2699 1852 Um belche Zeit der Nacht dieses biderfahren.
1490 1734 1584 1845 B.
1497 1789 2626 1948 R. Ohngefehr um Mitternacht, ehe nach als
1596 1911 1744 1968 zuvor.
1496 1954 2710 2073 2. Wie lange Er sich zu Reedorff im Wihrtshand
1600 2043 1913 2147 aufgehalten.
1480 2105 2469 2224 die Ohngefehr bey drey Stunden lang.
1579 2192 2694 2307 Ob Er dorten viel Getrunren und Räuschig
1477 2195 1573 2311 5
1593 2272 1838 2362 gebesten.
1488 2335 2697 2462 R. Er seÿe bein Trinker und bezeuge daß Er
1593 2425 2712 2571 im Geringsten nicht mit Wein übernommen
1592 2493 1829 2580 gebesten.
1770 2573 1836 2615 e
1480 2571 1537 2655 B
1580 2573 2435 2691 Ob der Furg; beräuscht gebesten.
1480 2648 1558 2758 8.
1582 2638 2685 2773 der Bürg seyn so zimlich beräuscht gelorsten.
1573 2732 2578 2860 Er habe selbigen Tags in drey oder Vier
1581 2801 2650 2940 Wihrtshäuseren getrunben, und schon
1585 2880 2674 3020 vor Ankaufft zu Seedorff mit dem Schul¬
1585 2962 2645 3067 meister Kloter zu Lobstigen unterloegt.
1575 3038 2692 3160 Händel gnfangen wollen; Wie solches der
1584 3098 2674 3229 Kloter selbsten Zeugen müßte. Er befinde
1579 3163 2681 3323 sich dermahlen Schulmeister zu Mazleil¬
1569 3244 2643 3404 Ob Er sich Errinere, welche Persohnen im
1580 3324 2636 3494 Rihrtshauß zu Seedorff darbey geloesen.
