3024 4032
223 3229 329 3388 H
370 427 489 525 808
478 539 1482 696 Verbundung hinterbracht, mit vermelden
470 649 1405 771 es steye die Wunde gefährlich, an seiner
454 735 1441 836 stell wäre es ihme nicht geheim, villeicht
469 820 1446 942 konne Herr Hellenberg noch diese Varhe
814 893 1450 1022 Worauf Herr Luh geant,
467 920 808 1016 Sterben:
444 991 1475 1114 wortet, Er habe sein gutes gewißen, herr
433 1086 1462 1224 Follenburg habe Ihne dar zu Coriert, und
1132 1183 1444 1268 Und bätbe
443 1183 1101 1296 er bleibe einmahl hier;
439 1267 1367 1382 den Herrn Deponenten ihme von dem
446 1365 1438 1486 weiteren fleißigen Gericht abzustatten,
455 1455 1457 1573 welches er auch biß zu Herrn Fellenbergs¬
447 1549 714 1676 Tod gethan.
434 1601 1463 1757 Übrigens aber, da Erden Patienten währen
437 1711 1405 1843 seiner Kramkheit alle Tag, Morgens¬
434 1813 1375 1923 und Abendts bestuchet, auch öffters
437 1883 1399 2023 ihme die Gefährlichkeit seiner Wunden
411 1988 1402 2123 geoffenbahret; So habe dennoch der Herr
398 2095 1363 2215 Selbenberg anderssich nicht verlanten
418 2174 1432 2308 laßen, als er wolle auß einem Anglick
400 2285 1402 2405 nicht zwey machen, und er habe so viel¬
398 2383 1370 2500 Schuld andem Unglück als der andere,
392 2489 1414 2599 den Gethäter aber habe er nicht genämstet,
382 2578 1442 2711 Er Bezeug ihme auch von alleindem oben¬
377 2671 1417 2796 geführten, mit Herrn Luz vorgegange¬
370 2761 1403 2893 enen bein Wortgeredet; Weiters habe
369 2856 1428 2990 Herr Fellenburg allen Ihne bestuchenden
371 2955 1444 3104 Herren Medius und Chirurgis anrciomendie¬
368 3045 1397 3187 iret, über seine Verbündung still zu
352 3148 905 3295 schweigen zu halten.
363 3270 1422 3397 Ob Er dato noch deß H: Fellenbergs degen hinter
353 3364 607 3458 sich habe?
1219 3389 1346 3502 1.
2630 414 2797 547 209
1597 587 1822 726 i Ja
1585 686 2668 843 G: Ob er nicht auch deß Herrn Luzen degen
1687 782 1895 895 gestihen:
1600 869 2748 1024 R: Ja, als Herr Lutz gleich von Anfang zu ihme
1685 956 2758 1074 gekommen, habe er ob allei discurieren sein
1654 1057 2745 1164 Degen außgezogen, um zu schauen, ob etwan
1673 1148 2628 1262 Gut daran zu bemercken, weilen aber
1682 1255 2713 1366 keines gestehen, habe er gestagt, Weinich
1673 1335 2377 1437 habe ihne nicht blessiert .
2559 1323 2690 1434 Syin
1648 1424 2658 1534 degen, wie er ihne beschauet, habe eine
1682 1512 2749 1645 lange schmale Kliegen und großes Stich¬
1681 1607 2698 1707 Blatt gehabt; da hingegen deß Herrn
1664 1697 2712 1822 Zellenbergs degen ein kleiner Mosherner
1676 1784 2221 1905 Stadt degen gewesten.
1674 1888 2732 2042 Endete hiermit seine Außaag, sto Er noch
1665 2001 2687 2127 beschehener Ablesung von wort zu wort
1664 2086 2607 2209 bestätiget, und wiße ein mehrers
1669 2185 2091 2295 nicht zu stagen;
2212 2187 2726 2309 Was dann die 5 peci¬
1630 2258 2666 2411 alen Umstand der Blissure bestreffe,
1653 2366 2713 2492 so werde Er auf Hohen Oberbeitlichen Defess
1666 2460 2639 2599 en Circumstanhl. Relatio Chirurgl.
1660 2535 1950 2647 abfaßen.
1819 2662 2267 2776 Aretam ut Supra¬
2236 3011 2583 3207 155 Grors
