3024 4032
386 421 485 502 214.
1330 541 1468 621 büher
491 551 1488 696 Worgend nach 7. Uhr seye Er nun Gort¬
484 663 1478 788 hin gewesen, da man den ersten Apareit
493 739 1463 871 aufgehoben und den zweyten verband
478 822 1483 952 gemacht, und damahls gestehen, daß Herr
478 915 1465 1043 Pellenberg eine Wunden etwann 2. a. 3.
470 1009 1478 1135 finger Linbs- und ohngefährt zn finger
472 1097 1453 1205 socher als der Vabel habe; Er habe
473 1188 1460 1302 sich von Schmerzen im Dauch beklagt
467 1269 1445 1384 und seyn sehr schwach, also daß man
478 1364 1444 1490 keinen Fuls gesführet, zugleich auch
469 1448 1495 1573 balt gebesten; diese gefährlich siheinen
449 1541 1463 1673 de Umbstände, habe man und Er dep
457 1626 1464 1753 in particulare, dem Patienten vorgestellet,
461 1715 1478 1834 mit ermahnen, bann er etwas zu deccu¬
452 1801 1448 1928 mieen habe, er solches nicht länger ver¬
436 1902 1437 2017 schieben stolle p. der Herr Fellenberg¬
434 1989 1408 2119 habe hierauf, gleichsie noch stonsten
428 2085 1382 2206 mehrere mahl bährend der ganzen
413 2164 1430 2302 Kranckheit, sich erläuteret, Er berde¬
421 2275 1451 2406 von dieser HergangenZeit nichts sagen,
427 2359 1478 2493 und bedte, man wolle Ihne nicht fragen
415 2467 1466 2583 Übrigens habe er es derjenigen Perstohn
417 2552 1336 2673 verzogen, und wolle auß einem
404 2638 1450 2760 Ungluck nicht zwey machen, auf welchen
398 2742 1477 2858 Reden er immerdar biß an sein Ein beherret.
406 2819 1445 2944 Damstag Abendts habe der Patient Lieber
405 2907 1373 3021 bekommen, welches allen praecautionen
402 2998 1370 3107 und Medicamenten ofngeachtet, den
402 3089 1412 3213 Bontag über- biß Montags Abendts¬
393 3166 1403 3291 allezeit über hand genommen, biß Nach
368 3251 1338 3387 Mißernacht, da Endl. der Tod erfolget;
1201 3381 1318 3502 Ei
1587 1414 1679 1526 R.
2697 336 2837 449 215.
1690 524 2807 709 he deponent seyn bey dem verschweiden nicht
2320 618 2706 727 Anbeÿ beilen
1712 651 2175 768 zu gegengewesten.
1700 712 2768 840 der Leib nach dem Tod nicht Seciert worden,
1713 804 2799 921 so könne er precises von der Geschaffenheit
1698 895 2806 1023 der Wunden nichts urtheillen noch Außagen.
1714 987 2760 1116 maßen man auch delbige nur nicht
1698 1068 2185 1177 sondiren können.
1712 1178 2796 1317 Ob Er dieser Außaag beiters nichts bey¬
1688 1268 2113 1402 zufuegen habe.
1708 1389 2497 1512 Mein i geringsten nichts;
2556 1416 2773 1512 diß steche
1705 1466 2748 1600 alles, das ihme darvon bebußt, und
1709 1573 2786 1696 welches Er auf erforderen mit seinem
1701 1659 2284 1807 Erß bestätigen Berde.
1788 1754 2676 1901 Also abgelesten et Confiriieret.
1690 1881 2652 2054 Actum den 1.tn Novembris 1757.
1594 2311 2752 2477 4. H: Joban Gotthard Crezelius
1695 2439 2785 2545 bey Herrn Operator Ruhn in Condition
1675 2525 2726 2653 stahend, unter vermahnung allfällig
1686 2602 2758 2736 seine Außaag mit einem Cörperlichen
1683 2684 2257 2828 Eyd zu bestädtigen.
2044 2778 2303 2934 Declaricek
1692 2903 2745 3053 Dein Herr, Näml. H: Operator Ruhn
1683 3013 2736 3146 habe ihne Sontags den 23. t Octobris deß
1684 3080 2706 3217 Nachts zu Herrn Zellenberg geschickt,
1676 3204 2750 3311 um Selbzgem durch die Nacht zu bechen,
1689 3265 2740 3361 und die verordneten Medicament zu geben,
1689 3343 2736 3460 alsto habe er Ihme selbige Nacht abgebortet
2516 3429 2644 3541 biß7
