3024 4032
314 301 464 429 180.
429 408 1541 674 H. Schrltbeis Rabsuns
484 549 1516 753 Bürger der Stadt dern Urbunden
468 658 1532 836 hiermit; Demenach Unster Freybeiber
460 754 1501 898 zu Hindelbame Auß berichtet, bie
466 832 1548 1022 daß Elßbeth Jlocganth vnbührtigen
461 940 1545 1121 der Herrschafft Treidarten, bey All
459 1011 1518 1182 Leemann zu hindelbamb Samsta
468 1132 1552 1279 Morgens den 16.3 Juli in deßen Haus
463 1205 1539 1363 Eines Kindes Männlichen Beschlecht
471 1299 1517 1445 genesten, welches Kind aber von ob¬
440 1379 1477 1537 gedachten Lemanns Ehebeib etbelche
464 1477 1488 1616 Stund nach der Beburth in einem mit
445 1579 1488 1718 etwas Zeugs bedeckten Racht Bshirr
458 1662 1539 1809 Tock unter der Kindbeckerin Rect hert
433 1758 1429 1872 gezogen worden, und nachdeme die
439 1833 1481 1973 Zloygartin von dem gemeinen Werck
412 1959 1487 2062 zurück gekommen, Ihre solches vorge¬
424 2033 1489 2180 halten, belches die Zbggartin endlich
430 2144 1468 2273 dahin eingestehen müßen, daß Sie¬
418 2223 1501 2361 denselben Morgen eines Todten Kindes
409 2337 1510 2463 genesten, und solches auf dem Kirchhos¬
1282 2429 1486 2526 Borauf
410 2436 1178 2553 heimlich begraden wollen.
414 2516 1471 2649 diesere Zwygart in Befängl. verhafft
397 2630 1461 2749 gezogen, da Sie dann in denen mit
394 2717 1470 2832 Ihra gehaltenen Examinibus und nach
403 2808 1458 2947 Vorbeistung der Warter ein mehrers
400 2896 1485 3017 nicht eingestehen bollen, alß daß die
403 3004 1468 3130 sich von dem blinden Carl. Dienz habe
390 3091 1481 3205 Schlängeren laßen, und solches Muhll
377 3198 1443 3320 deß Oberen Chorgrichts angezeigt, bie
382 3281 1480 3401 auch aufolbemelte Zeit in deß Leemans
374 3357 1452 3501 Hauß unerbasteter Beiß eines Kindts
1213 3454 1466 3560 genesten
2742 361 2847 446 181.
1757 553 2750 676 Genesten, welches, weilen die bein
1766 638 2821 723 Lebens-Zeichen bey der Beburt an ihme
1772 718 2784 839 versführet gehabt, geglaubt, es seye
1747 790 2828 916 Aod auf die Welt gekommen, und deßt¬
1748 886 2808 994 wegen solches in ein Beschier verdeht
1766 973 2806 1106 unter dem Reck gelaßen, um Selbiges
1762 1045 2835 1192 kinlich auf dem Kirchhoof zubegrabe
1744 1149 2827 1250 Im übrigen alleZeit betheiret und darnß
1763 1214 2757 1366 beharret, daß Es keine Bebalthätige
1744 1310 2829 1451 hand an dieses unschuldige Kind gelegt,
1754 1395 2799 1522 noch auch im Sun gehabt solches durch
1744 1477 2787 1618 fahrläßigkeit und sonsten aufandere
1757 1562 2724 1682 beis seines Lebens zu berauben
1747 1645 2615 1778 als haben Wir hierauf hin
2025 1770 2353 1899 Ertentt.
1734 1843 2772 2001 Weilen durch die Eriminal Procedur
1742 1960 2709 2078 erhählet, daß 1. diesere Jloggartin
1741 2031 2801 2172 nicht in Casu der Ordnung de Ano 1725.
1742 2117 2804 2253 sich befinde, indeme Sie ihre Schlänger¬
1733 2190 2770 2317 schafft dem Richter angezeigt, zum 2.
1744 2279 2762 2414 keine Gewalthätige Hans an das Kind
1737 2373 2792 2492 gelegt, bin das Sisum repertum solches
1741 2448 2787 2580 außbeistet; Auch wohl möglich gewesten
1726 2514 2778 2667 daß die Mucker ob dem Kirßen Gebin,
1731 2613 2746 2743 des Kind ethann an der Reiter oder an
1731 2673 2773 2811 einem Ist verunglücket habe; diesere
1726 2755 2709 2909 Delinquentin dann von sehrschwochen
1723 2850 2798 2992 Bemuts= Graben und von großerfeheg,
1725 2920 2771 3073 hirfalt sich befindt, also nicht zu ver¬
1726 3033 2773 3157 mchten, daß ein solches Grnies Mensch
1723 3107 2681 3240 zu beschüzung seiner Ehr, und zu
1734 3192 2742 3324 bestorgender Schmach und Schand einis
1743 3270 2703 3427 bösten Vorsahz je möchte bieder Ihre
1722 3348 2760 3496 eigenkind geheget haben, noch auch einer
2565 3464 2764 3575 solchen
