3024 4032
107 292 216 395 120.
159 1355 259 1493 2.
153 1536 264 1678 Rags
296 455 1319 615 Nachgeschiet, um Ihne zu Eemahnen, daß E
317 532 1238 648 fleißig bacde, und sich doch bohl Außführe,
302 603 1321 722 darauf Er Ihne zu NeuenEgg angetroffen,
311 670 1331 823 bey der Ohl bin die Mücker Ihne angebiesen,
310 744 1319 872 und seine Comission außgerichtet, Nachhero
315 813 1225 921 aber habe Er Ihne nicht mehr gestehen,
301 888 1306 1008 diß seÿe alles bas Er von dieser leidigen
310 956 538 1081 Roch biße.
588 990 1225 1119 Endete hiemit seine Außaag¬
418 1074 1090 1191 abgelesten und bestähtiget.
304 1310 1172 1464 p Schori von Ostermanigen
290 1405 1187 1549 Kirchsöri Stadelfingen atatis 66. Jahr.
296 1539 1299 1665 denstelbigen Tag, als in der Nachst das Unglüch
283 1633 1213 1741 begegnet, seÿn Er samt seinem Bruder
293 1712 1259 1814 Peter Schori von Haus gegangen, um 4.
281 1772 1282 1884 Stieren zu baußen, deß Abends seyen sie
282 1852 1264 1962 auf Ihrem Heimleg ins Wihrts hauß zu
286 1921 1298 2026 Seedorff gebesten, allbo Sie mit Ihreme
287 1993 1312 2119 Verbauffer ein benig Weinsauf getrunden
282 2073 1287 2183 wie Sie nun in die Stuben gekomen, haben
268 2139 1252 2252 Sie sich an einen Tisch gesezt, bald darnach
274 2223 1278 2342 seÿn dahar gekommen, der unglükliche
286 2321 1285 2421 Burg, welcher, wie wohlen Er schon zimlich
281 2360 1282 2481 berauschet gebesen, sich denoch an Ihren
278 2447 1297 2556 Tisch zugerrungen, daß Er auch von Ihrem
293 2508 1288 2633 Weinkauf bekome, und habe stich auf¬
277 2616 1275 2688 die Rechte steiten, neben Ihne Deponent
267 2666 1183 2783 gesezt; So seyen noch an Ihrem
274 2739 1283 2872 gleichen Tisch gelesten, der Christen Ber¬
269 2822 1300 2947 samt dem Doctor Niggeler, welche gegen
278 2917 1276 3027 über geseßen, in Ihrer eigenen Uhrti;
284 2990 1252 3111 Sie seyen in bester Meinung allda beÿ
272 3063 1243 3182 Einander gelesten, biß gegen halbe 12.
275 3140 1233 3255 Uhren, da dann Er Deporient und stein
274 3215 1270 3331 Bruder aufgestanden, und nacher Hauß
268 3292 1264 3403 gegangen; Er habe deß Morgens mit
278 3362 1255 3474 bestürzung vernommen, was sich nach Ihrer
1029 3432 1227 3522 Abreiß
1477 3272 1536 3380 .
1477 2422 1536 2521 E.
1464 2661 1550 2777 d.
2567 321 2689 437 121.
1606 502 2700 671 Abreÿß zugetragen, Inmaßen beÿ seiner
1602 592 2672 732 Anloestenheit bein Ohnbeliebiges wort vor¬
1585 673 2695 812 "gefallen, und Er auch an Niemand einen
1585 739 2682 885 Ransch wahrgenommen, als eben an dem
1598 821 2649 956 Bürg, der, bie Er gehöret, stelbigen Tag,
1602 899 2688 1028 wohl etwan in 4. Wihrts häuseren gebesten.
1713 996 2502 1109 Endete hiemith seine Außang.
1689 1074 2400 1228 Abgelesten und bestächtiget.
1469 1243 2584 1394 G. eter Schor deß bligen Bruder,
1623 1369 2049 1486 Atatis 62. Jahr.
1508 1460 2583 1592 Sagt auß, durch aus ein gleiches bie sein
1596 1523 2661 1645 Bruder, mit welchem Er ins Wihrthauß
1587 1611 2656 1750 gebommen, und loider fortgegangen. Ein
2343 1665 2541 1766 fenete
1602 1697 2235 1806 mehrers büße Er nicht.
1606 1803 1665 1859 S
1469 1830 1550 1916 1.
1599 1802 2591 1966 dendicht Laupper der Meger zu¬
1596 1919 2208 2026 Seedorff, aetatis 67. Jahr
1587 2001 2628 2120 Besähtigte von Wort zu Wort, seine in B.
1598 2088 2625 2197 1744. von sich gestelte Deposition, darbey.
1594 2154 2550 2277 Er lediglich verbleibe, es möge komen,
1611 2240 1963 2349 vorzu es bolle.
1648 2302 2526 2432 Darnach burde Er weiters befregt:
1592 2402 2575 2520 Er habe gestagt der Bürg, und der Ger
1583 2489 2641 2583 seyen mit einander in Streids zerfallen,
1594 2550 2638 2680 bas der Anlas zu diesem Streid gelesten.
1599 2669 2614 2778 von dem Anlas dieses Streicss, könte er
1596 2742 2626 2854 nichts sagen, er biße es nicht; Als aber
1602 2816 2640 2931 der Streids hizig berden wollen, seÿn der
1589 2891 2604 3010 Wihrt hinzu gebommen, habe den Fürg
1595 2960 2595 3084 bey dem Wullheil; Vor um gezogen,
1601 3046 2624 3156 und zum frieden angemahnet, sagende,
1585 3125 2595 3235 sie seyen biß hiehin im friden gelesten,
1596 3187 2478 3301 er solle nicht etwas Anders Anfangen.
1582 3267 2630 3401 Ob allsobald hierauf der Herj dem Bürg; den
1574 3353 1927 3463 Streich verstehet.
2405 3415 2591 3535 H. In
