3024 4032
207 320 313 424 18
271 2318 336 2427 F.
282 2467 343 2606 2
279 2583 345 2686 B
282 2895 346 3003 2
477 296 1184 490 Johannes Müller.
389 467 1408 580 Mitwochen Morgens seÿn der Krägenbügl
398 586 1408 677 löuder auf Engistein zu Ihme gekommen, und
400 632 1396 753 habe ihne angesprochen mit Ihme auf Worb¬
389 703 1400 823 zugehen, umb zu schauben, daß er gelt¬
388 771 1414 899 bekommen könne, Inmaßen er gantz Angst¬
383 851 1418 980 lich und halb Desperat gewesen, darauff Er¬
383 914 1397 1038 mit Ihme zum Lieutenant Rodt gegangen
395 1004 1387 1116 welcher Ihnen Aber ihr Ansuchen außge¬
386 1070 1393 1192 schlagen, Nach welchem sie wieder zurück¬
382 1149 1397 1274 auf Engistein gegangen, und auf den Abend
367 1229 1137 1331 wieder ein Ander Verabscheidet,
377 1298 1346 1396 Morndrigen Tags als Donstags seyn der¬
375 1385 1384 1497 Krägenbuhl nochmahlen zu ihme auf Engi¬¬
364 1488 1306 1595 stein gekomen, habe ihne angesprochen,
364 1541 1373 1668 Ihne zu Niclauß Eygiman auf dem Eych;
355 1621 1404 1738 zuführen, umb zutrachten, Gelt von ihme¬
356 1703 1357 1815 zu entlehnen. Da seyn der Kräyenbühl mit
373 1771 1371 1873 deß Mihrts von Morb Knecht voraus biß
356 1852 1360 1973 gahn Morb gegangen, und Als er Inqui¬
355 1936 1400 2059 Sit bald hernach auf Morb gefolget, habe¬
352 2011 1388 2138 er den Krägenbühl von der hinweg zu obigem
351 2093 1356 2215 auß Eggemann ins Erch geschickt, und
343 2179 1369 2265 suther habe er selbigen Mit keinem Aug mehr
353 2265 547 2352 gesehen.
371 2345 1370 2448 ob er weiters nichts mit dem Krägenbuhl¬
350 2409 848 2519 gehabt und gerecket?
375 2498 746 2617 Nein gar nichts.
370 2605 1331 2743 Aus allein obigen erhahle, daß er sich an¬¬
349 2674 1358 2796 heischig gemacht, dem Kräyenbuhl Gelt auf¬
340 2749 1376 2881 zubringen, Weßtlegen er sich deß Krägen¬
353 2829 997 2943 bühls so sehr angenommen?
370 2920 1295 3047 Er könne nicht langnen, daß er sich deß¬
350 2975 1358 3098 Kräyenbühls, als eines Vermeinten Guten
334 3046 1340 3178 freunds angenommen, weilen derselbe ihnen¬
354 3126 1380 3272 auch gutes gethan und manche halb Maas Mün
341 3196 563 3309 ehahlt.
1024 3381 1132 3502 B.
1604 2049 1662 2154 E.
1577 2368 1658 2472 2
1601 513 1666 628 B
1614 1068 1672 1179 3
1601 1379 1664 1475 B
1614 1736 1681 1847 8
2680 255 2834 382 2
1706 323 2449 495 Johannes Muller.
1708 456 2779 621 Er habe erst sich berühmt, daß der Krägen¬
1694 543 2782 703 "bühl niemahl nichts vor Ihne bezahlet, als
1693 609 2761 775 ein einiges mahl zu Höchstedten, Und nun
1676 703 2786 848 gestehe er, der Kräyenbühl habe ihme manche
1685 783 2777 914 halb Maaß Wein bezahlt, diß seÿn ein klärer
1687 854 2732 1013 Widerspruch, und erfolge, daß er nicht die¬
1687 984 2127 1083 Wahrheit brauche?
1698 1053 2755 1183 Er habe vermeint, es sehe nur die letstenmahl
1690 1131 2757 1247 an, da er ihne gesehen, die Gutthaten, so er¬
1683 1187 2769 1316 von ihme genoßen, seyen schon vorigen Jahrs
1677 1300 1888 1391 gewesen.
1677 1327 2721 1487 Wie er selbsten sage, habe der Krägenbuhl
1677 1422 2738 1548 ihme mehrmahlen seine Noth und Elend ge¬
1674 1499 2685 1616 klagt, ob bey dergleichen Anlaß Er dem
1667 1557 2721 1687 Kräyenbühl beine Andere als obige Vor¬
1677 1653 2606 1773 schläg gethan, um Gelt zu Erlangen.
1697 1745 2739 1852 Nein, Anderes gar nichts, als daß er ihme
1684 1821 2739 1928 etwelche Männer vernambstet, bey welchen
1686 1886 2664 1992 er unter guter Bürgschafft das Gelt er¬
1685 1963 2040 2056 langen könte.
1688 2040 2723 2170 ob er dem Krägenbühl nicht gerathen, zu¬
1678 2134 2660 2252 trachten, daß er aus dem Schloß Uzigen
1667 2206 2702 2308 Gultbrieffen nemen könne, für welche er¬
1678 2272 2491 2385 dann Bald gelt würde bekomen.
1679 2361 2720 2461 Sein Rebtag habe er ihme nichts solches ge¬
1673 2445 2665 2555 sagt. Im Widerstihl Weilen doch die¬
1657 2524 2746 2637 Nach hervormüße, so declariere Er, daß als
1671 2589 2676 2715 er mit dem Krägenbuhl von Hächstetten
1655 2678 2717 2796 gegen das Gloatt gegangen, in allein dem
1673 2740 2680 2863 Da sie von gelt suchen geredet, habe der¬
1651 2826 2684 2944 Krägenbühl zu ihme Inquisiten gesagt,
1655 2892 2722 3008 Er lußte woll, wo deßen zu bekommen, un
1670 2960 2714 3095 habe von dem Schloß Utzigen Meldung ge¬
1659 3043 2707 3164 than, sagend, da seyn alleZeit gelt, bi auch¬
1659 3112 2728 3258 daß er vermitlest eines zumachenden falschen
1654 3184 2715 3310 Schlüßels mit ringer Muhe solches zuliegen
1678 3264 2703 3393 Bringen könte, Welches aber Er Inquisit
2486 3400 2653 3500 khin
