3024 4032
380 443 511 542 196
411 528 1507 700 A. Mw H. Briobtsobriber Satte.
500 672 1507 825 Sahler bey auf habendem Eyde declarire.
493 892 1480 1041 Bertzstags den 21.d Octobris Abendes gegen¬
488 998 1453 1104 6. Uhr steye er zu Schniden gegangen,
501 1081 1456 1207 luße sich eigentlich nicht zu ermeren
487 1179 1465 1288 ob Herr Luz schon dorten gewesten, oder¬
500 1256 1486 1381 ob er alsobald nach ihme dahar gekomen
485 1344 1468 1469 Beyen dorten allein bey einander gewesen
486 1428 1402 1566 biß ohngefährd gegen 7. Uhr, da Herr
477 1533 1400 1633 Rahthauß Amann von donstedten
484 1617 1474 1732 und Herr Fellenberg mit einander auch¬
470 1711 1473 1820 dorthin gebomen, Herr Hellenberg habe
472 1791 1478 1910 ich alsobald oben an den Tich verfugt
454 1899 1405 1982 allloo er neben herr Luz gestanden,
461 1975 1423 2089 und hadte ein jeder ein viertel. vorstich¬
443 2045 1477 2172 gleich von anfang habe herr Fellenberg¬
437 2134 1441 2260 den Herrn Luz über ein Process befragt
452 2224 1435 2350 to er von Bestellschafft auß betrieben,
441 2320 1459 2431 nachdeme nun H: Luz den Herrn Bellen¬
427 2397 1370 2523 berg darüber informieret, habe herr¬
430 2498 1395 2611 Fellenberg demHl: Luz für die relation
430 2573 1395 2707 dar von gedancket, Worauß H: Euz
413 2676 1371 2815 dem Herrn Fellenberg geantwortet,
424 2762 1454 2894 die bist ein Varr, nur darfür zudauke?
405 2870 1417 2947 vieste Capression habe Herr Sellenberg¬
412 2907 1426 3034 dem H: Luz verleißlich vorgehalten,
394 2986 1456 3126 darauf Herr Kuh erbiederet, essteyn seine
412 3080 1430 3196 Schuldigkeit gewesten, ihme die Sachauf¬
397 3155 1424 3277 sein begehren zu erzehlen, wie er ihme
725 3236 785 3297 hon
399 3227 1344 3372 dann selbige mehr mahlen erzehlet.
1125 3362 1421 3469 Inzwuschen
2661 381 2799 499 192
1696 564 2745 702 Inzwischen haben Sie einander reciproce¬
1720 644 2757 775 gesfählet und geschäuzlet, H: Luhinston,
1720 743 2748 852 derheit mit etbas groben - doch ganz nicht
1723 829 2753 961 Ehrrührigen worten, und alleZeit unter
1727 903 2773 1019 znscheinender beydsteitiger Wohlmeinen
1721 1003 2737 1117 heit, indemme die alle beyde gelachet.
1721 1077 2743 1188 Dald darnach seye unter anderen Discour¬
1709 1175 2704 1294 den sönschen diesen beyden, und so er
1726 1259 2744 1385 sich recht erstinne, erstlich von H. Luz¬
1709 1352 2692 1463 von bestetung deß Stuben-Meister
1719 1439 2746 1559 Amts geredet worden; da H. Lu sich¬
1715 1531 2758 1631 herauß gelaßen, einer der Ihme darzu
1724 1621 2774 1749 Verhelfte, seyn ein Hundts fuct, worauf
1709 1719 2737 1839 Herr Bellenberg verstehte, und wann
1714 1817 2742 1927 er ihme darzu verhelfte, ob er deßwege
1720 1900 2290 2022 ein Hunzfuc seye?
2388 1909 2734 2015 H: Lutz Ant-
1715 1995 2746 2123 wortete, Er Schelte Ihne deß wegen nicht¬
1703 2092 2714 2214 Herr Fellenberg schiene grad über diese
1721 2180 2731 2310 Reden empfindtlich zu steyn, Sie haben
1711 2291 2752 2388 sich aber hierauf mit einender ex plicirt
1711 2368 2753 2481 alsto daß es geschiemen, sie seyen Bieder¬
1708 2450 2292 2559 zum Bohl zufrieden.
1721 2573 2681 2712 So steyhe unter anderen Discuronn auch
1724 2673 2707 2795 unter Ihnen beyden disputirt worden,
1734 2759 2749 2898 welcher von Ihnen beyden den Satyrischer
1719 2844 2751 2966 Geist habe, haben die decision dem Herrn
1726 2936 2681 3078 Amnann von Consteckken und Ihme
1707 3035 2692 3182 depl. überlaßen wollen, und Herr
1708 3138 2653 3256 Fellenberg die Anstuchung an Sie
1707 3225 2666 3367 gethan, beßen Herr Luhz zu frieden
2443 3355 2710 3457 gebestenc
