3024 4032
207 307 346 437 l
463 294 1132 488 Johannes Müller.
395 463 1413 591 Ihme äußerst abgebehrt, und vorgestellt
392 556 1392 682 daß diß Unterminen halsbrechend seyn,
386 629 1402 752 Auch habe er nur nicht viel Acht auf diese
388 703 1386 819 närrische Morte gemacht, zumahlen der
380 789 1402 907 Krägenbühl sehr betrunden gelesen, als¬
374 874 1398 981 er dieße gesagt, Im Übrigen habe der
376 943 1405 1059 Krägenbühl ihme seithar einmahlen nichts¬
369 1020 819 1135 dergleichen gesagt.
189 1135 433 1260 Pnstak
485 1115 1364 1278 Er seyn ermahnet, die Wahrheit zu¬
376 1242 1375 1355 reden, und so er sich diß ohrts schuldig finde
377 1304 1339 1424 offenherzig zu bekennen; Inmaßen er
374 1389 1320 1490 desto harter wurde angesehen werden
376 1459 1405 1574 Bau er mit Laugnen seine Schuld auf eine
368 1543 961 1649 anderen schieben wolte?
274 1621 350 1748 d
371 1625 1399 1755 Er bezeuge aufrichtig und Beharre darauf,
377 1721 1381 1827 daß er einmahlen dem Krägenbuhl von
381 1795 1415 1909 solchen Sachen geredet, wie auch daß er den
362 1870 1414 1976 Krägenbuhl ernstlich abgemahnt, Als der¬
367 1945 1399 2044 selbe ihme, wie hierben gedacht, von dem
364 2024 976 2144 Schloß Utzigen geredet.
433 2126 1269 2272 Also abgelehen und bestätiget.
356 2243 1372 2377 Würde hierauf wieder an sein Ohrt ge¬
363 2336 560 2455 fehrte
358 2492 1424 2632 Axctum in der Oberen Gefangenschafft
378 2592 1393 2707 durch Mesrr Großbeibel Esinger und¬
368 2642 1387 2802 Grichtschreiber von Erlach den 2. Maÿ¬
360 2742 559 2843 1753.
1573 833 1639 951 F.
1583 2461 1652 2599 3
1588 2781 1646 2911 8.
1599 2930 1667 3031 d
1487 3195 1675 3316 Motteh
1600 1187 1645 1299 G
1583 1436 1646 1545 3.
1578 1910 1658 2026 H.
1685 279 2561 450 weytes amen
2000 443 2129 513 mit
1754 487 2704 687 Hand Kragenblhl, dem
1700 665 2112 774 Schloßer zo.
1662 776 2727 934 Obseith vorgestrigen Examine Er sich nicht
1667 872 2740 1018 noch eines mehreren besunnet, daß er et¬
1650 953 2740 1076 ban seiner Biß herigen Bekantnuß beÿ¬
1650 1044 2517 1176 zusetzen oder abzuänderen habe?
1676 1163 2679 1296 Müßte nichts anders darüber zu redken.
1653 1238 2664 1358 oder dason zu thun, und bestätige seine¬
1653 1322 2724 1451 gantze Vergicht in ihrem völligen Innhalt,
1663 1416 2703 1526 Ob Er mithin auch darauf beharre, daß der
1641 1499 2678 1617 Kindler ihme zuErst den Vorschlag gegeben,
1661 1554 2715 1669 ins Schloß Utzigen einzubrechen. Solle
1643 1638 2613 1773 sich aber bohl bedencken, und sein schon
1641 1724 2706 1844 großes Verbrechen durch eine falsche An¬
1645 1810 2515 1928 klag nicht noch schwarer machen?
1677 1889 2736 2026 da, dem seye also, Er beharre darauß, daß
1653 1971 2709 2103 der Kindler ihme solches in den Sumgege¬
1653 2055 2724 2188 ben, sonsten er niemahlen eine Gedancken
1638 2114 2719 2259 daran gehabt hätte, und werde er hierauf
1661 2210 2710 2314 bleiben, es möge komen, wohin es wolle.
1674 2286 2704 2408 Man und an belchem Ohrt der Rüdler¬
1653 2393 2283 2495 ihme hiervton gerecket?
1689 2448 2732 2576 Seye zu Höchstetten im Wihrts Haus ge¬
1652 2525 2706 2669 wesen, allwo sie sich damahlen allein be¬¬
1641 2604 2700 2722 fanden, und selbigen mahls da Er seine
1653 2680 2413 2825 silberne Sach- Uhr versetzet.
1673 2763 2697 2895 Ob nach diesem der Riedler ihme noch mehr
1666 2869 2100 2965 darvon geredet?
1664 2900 2703 3026 Ja, noch einmahl und das in dem Wihrts¬¬
1666 2985 2718 3104 Hauß zu Morb, am Mitwochen, nachdem
1654 3054 2726 3196 Er zu Crapelwald aus der Gefungenschafft
1661 3126 2677 3259 looßgebrochen, sonsten aber nicht mehr¬
1689 3191 2713 3348 Er seyn nochmahlen errinneret nicht etlan
1663 3271 2663 3402 auß Haß gegen den Riedler ohnbahrheit
2502 3384 2599 3446 in
2674 178 2772 275 21
