<?xml version="1.0" encoding="UTF-8" standalone="yes"?>
<PcGts xmlns="http://schema.primaresearch.org/PAGE/gts/pagecontent/2013-07-15" xmlns:xsi="http://www.w3.org/2001/XMLSchema-instance" xsi:schemaLocation="http://schema.primaresearch.org/PAGE/gts/pagecontent/2013-07-15 http://schema.primaresearch.org/PAGE/gts/pagecontent/2013-07-15/pagecontent.xsd">
    <Metadata>
        <Creator>prov=University of Rostock/Institute of Mathematics/CITlab|PLANET AI GmbH/Gundram Leifert/gundram.leifert@planet-ai.de:name=Transkribus German Kurrent M2(htr_id=29820)::::v=2.6.7
prov=University of Rostock/Institute of Mathematics/CITlab|PLANET AI GmbH/Tobias Gruening/tobias.gruening@planet-ai.de:name=de.uros.citlab.module.baseline2polygon.B2PSeamMultiOriented:v=2.6.7
prov=University of Rostock/Institute of Mathematics/CITlab|PLANET AI GmbH/Tobias Gruening/tobias.gruening@planet-ai.de:name=/net_tf/LA73_249_0mod360.pb:de.uros.citlab.segmentation.CITlab_LA_ML:v=2.6.7
Transkribus</Creator>
        <Created>2022-05-02T15:41:59.597+02:00</Created>
        <LastChange>2022-09-12T15:31:19.042+02:00</LastChange>
        <TranskribusMetadata docId="1334851" pageId="52362650" pageNr="28" tsid="114644473" status="IN_PROGRESS" userId="9570" imgUrl="https://files.transkribus.eu/Get?id=CWZMQBOVCEEDKBRLIEBARRQT&amp;fileType=view" xmlUrl="https://files.transkribus.eu/Get?id=AGRTPENEOZNTDNUYMNJMSNDY" imageId="30691138"/>
    </Metadata>
    <Page imageFilename="IMG_7029.jpg" imageWidth="3024" imageHeight="4032">
        <ReadingOrder>
            <OrderedGroup id="ro_1687513618255" caption="Regions reading order">
                <RegionRefIndexed index="0" regionRef="r1"/>
                <RegionRefIndexed index="1" regionRef="r2"/>
                <RegionRefIndexed index="2" regionRef="r3"/>
                <RegionRefIndexed index="3" regionRef="r4"/>
            </OrderedGroup>
        </ReadingOrder>
        <TextRegion orientation="0.0" id="r1" custom="readingOrder {index:0;}">
            <Coords points="147,199 147,2201 392,2201 392,199"/>
            <TextLine id="r1l1" custom="readingOrder {index:0;}">
                <Coords points="212,338 231,334 248,318 253,322 266,318 274,326 290,320 322,322 323,263 304,259 296,252 289,255 283,250 273,259 250,244 236,250 229,242 213,243"/>
                <Baseline points="219,299 251,300 283,299 315,302"/>
                <TextEquiv>
                    <Unicode>50.</Unicode>
                </TextEquiv>
            </TextLine>
            <TextLine id="r1l2" custom="readingOrder {index:1;}">
                <Coords points="141,1228 195,1232 217,1249 225,1239 241,1246 271,1230 292,1234 311,1215 346,1226 369,1217 386,1230 401,1221 396,1114 311,1103 272,1119 239,1089 220,1086 182,1112 135,1108"/>
                <Baseline points="147,1197 174,1199 201,1197 228,1197 255,1195 283,1193 310,1191 337,1190 364,1188 392,1187"/>
                <TextEquiv>
                    <Unicode>2l fr491.</Unicode>
                </TextEquiv>
            </TextLine>
            <TextLine id="r1l3" custom="readingOrder {index:2;} person {offset:0; length:4; continued:true;}">
                <Coords points="151,2198 170,2199 189,2177 214,2176 250,2156 261,2161 285,2148 322,2162 344,2142 357,2142 354,2072 317,2085 270,2062 259,2069 227,2061 206,2081 190,2077 146,2104"/>
                <Baseline points="155,2150 182,2151 210,2150 238,2149 266,2148 294,2147 322,2143 350,2141"/>
                <TextEquiv>
                    <Unicode>Anti</Unicode>
                </TextEquiv>
            </TextLine>
            <TextEquiv>
                <Unicode>50.
2l fr491.
Anti</Unicode>
            </TextEquiv>
        </TextRegion>
        <TextRegion orientation="0.0" id="r2" custom="readingOrder {index:1;}">
            <Coords points="377,315 377,3452 1395,3452 1395,315"/>
            <TextLine id="r2l1" custom="readingOrder {index:0;} person {offset:0; length:6; continued:true;}">
                <Coords points="629,374 683,356 832,377 888,363 915,380 1008,361 1105,371 1107,284 1007,282 979,301 852,265 830,278 767,267 684,309 631,286"/>
                <Baseline points="636,350 661,350 687,350 713,350 738,350 764,350 790,350 815,350 841,350 867,350 892,350 918,350 944,351 969,351 995,353 1021,355 1046,357 1072,359 1098,362"/>
                <TextEquiv>
                    <Unicode>Cxamen</Unicode>
                </TextEquiv>
            </TextLine>
            <TextLine id="r2l2" custom="readingOrder {index:1;} person {offset:4; length:16;}">
                <Coords points="373,500 927,495 978,528 1094,505 1330,563 1335,449 1207,393 1147,426 1016,388 669,411 636,378 494,426 377,374"/>
                <Baseline points="380,492 427,491 474,491 521,489 568,489 615,488 662,486 710,486 757,486 804,486 851,488 898,489 945,491 992,493 1040,498 1087,501 1134,507 1181,513 1228,520 1275,529 1323,540"/>
                <TextEquiv>
                    <Unicode>Mit Bendicht Schlaft</Unicode>
                </TextEquiv>
            </TextLine>
            <TextLine id="r2l3" custom="readingOrder {index:2;} place {offset:4; length:6;} place {offset:18; length:9;}">
                <Coords points="400,581 633,604 698,567 918,563 1323,632 1362,579 1068,505 403,507"/>
                <Baseline points="408,567 455,567 502,566 549,564 597,563 644,563 691,561 738,561 786,560 833,560 880,561 927,561 975,563 1022,566 1069,569 1116,574 1164,579 1211,586 1258,594 1305,603 1353,614"/>
                <TextEquiv>
                    <Unicode>vor Kysach, Ambts Burgdorff etatis¬</Unicode>
                </TextEquiv>
            </TextLine>
            <TextLine id="r2l4" custom="readingOrder {index:3;}">
                <Coords points="388,660 463,631 795,659 874,633 1335,693 1365,692 1368,639 917,564 804,598 698,568 609,612 473,575 390,593"/>
                <Baseline points="396,630 444,632 492,630 540,630 588,629 636,629 684,629 733,627 781,627 829,627 877,629 925,630 973,632 1021,633 1070,637 1118,642 1166,648 1214,654 1262,662 1310,671 1359,681"/>
                <TextEquiv>
                    <Unicode>87. Jahr, ohnvterheyrathet sc. habe eine Alte</Unicode>
                </TextEquiv>
            </TextLine>
            <TextLine id="r2l5" custom="readingOrder {index:4;} person {offset:29; length:6; continued:true;}">
                <Coords points="394,723 563,700 615,731 658,701 738,745 862,700 1219,758 1391,739 1392,714 956,636 570,664 464,631 396,667"/>
                <Baseline points="402,698 451,699 500,701 549,701 598,701 647,701 696,699 745,699 794,699 843,699 892,699 941,699 990,701 1039,702 1088,705 1137,709 1186,714 1235,720 1284,728 1333,737 1383,747"/>
                <TextEquiv>
                    <Unicode>Muter beÿ Hauß; Sieth Ibiyer Jahri¬</Unicode>
                </TextEquiv>
            </TextLine>
            <TextLine id="r2l6" custom="readingOrder {index:5;} person {offset:0; length:2; continued:true;}">
                <Coords points="387,815 476,772 726,796 802,762 1167,817 1316,794 1266,751 1126,724 1080,747 1044,715 961,735 789,706 732,746 582,707 526,742 458,710 389,732"/>
                <Baseline points="395,773 440,771 486,770 531,768 577,768 623,767 668,767 714,765 760,765 805,765 851,767 897,767 942,768 988,771 1034,773 1079,775 1125,779 1171,783 1216,787 1262,792 1308,798"/>
                <TextEquiv>
                    <Unicode>da sein Racter gestorben, halte er sich hier</Unicode>
                </TextEquiv>
            </TextLine>
            <TextLine id="r2l7" custom="readingOrder {index:6;}">
                <Coords points="393,853 1060,843 1088,870 1304,866 1351,902 1392,889 1394,831 1079,823 997,778 940,816 886,782 834,809 531,771 394,818"/>
                <Baseline points="401,837 450,837 499,836 548,834 597,834 647,833 696,832 745,831 794,831 843,831 893,831 942,833 991,835 1040,837 1089,841 1139,845 1188,850 1237,856 1286,864 1335,872 1385,884"/>
                <TextEquiv>
                    <Unicode>umb die Stadt herumb auf, und habe an dem</Unicode>
                </TextEquiv>
            </TextLine>
            <TextLine id="r2l8" custom="readingOrder {index:7;}">
                <Coords points="884,897 898,900 903,895 917,895 924,901 930,895 935,897 943,895 943,837 936,837 930,843 920,842 917,845 903,842 891,852 884,852"/>
                <Baseline points="891,888 936,888"/>
                <TextEquiv>
                    <Unicode>25</Unicode>
                </TextEquiv>
            </TextLine>
            <TextLine id="r2l9" custom="readingOrder {index:8;}">
                <Coords points="382,922 472,952 546,917 591,936 657,912 726,956 824,904 874,923 873,835 818,858 711,832 682,858 662,845 582,883 506,881 445,843 382,859"/>
                <Baseline points="389,906 414,905 439,905 464,903 489,903 514,903 539,902 564,902 589,902 614,902 640,902 665,902 690,902 715,902 740,903 765,903 790,903 815,903 840,903 866,903"/>
                <TextEquiv>
                    <Unicode>Weg gearbeitet, so.</Unicode>
                </TextEquiv>
            </TextLine>
            <TextLine id="r2l10" custom="readingOrder {index:9;}">
                <Coords points="491,1028 704,1051 748,1024 798,1057 938,1019 990,1049 1197,1055 1230,1052 1232,989 1016,958 952,973 844,910 671,982 565,919 520,950 492,938"/>
                <Baseline points="498,1013 534,1014 570,1014 606,1014 643,1014 679,1014 715,1014 752,1014 788,1013 824,1013 861,1013 897,1013 933,1014 969,1014 1006,1016 1042,1017 1078,1020 1115,1022 1151,1025 1187,1029 1224,1034"/>
                <TextEquiv>
                    <Unicode>Praemisa Exhortatione.</Unicode>
                </TextEquiv>
            </TextLine>
            <TextLine id="r2l11" custom="readingOrder {index:10;}">
                <Coords points="460,1190 945,1174 994,1216 1074,1178 1255,1223 1383,1206 1384,1131 1275,1149 1226,1101 1139,1142 1027,1096 928,1124 798,1094 702,1125 573,1093 461,1117"/>
                <Baseline points="467,1179 512,1179 557,1181 603,1180 648,1179 694,1179 739,1178 785,1176 830,1176 876,1175 921,1174 966,1173 1012,1173 1057,1175 1103,1176 1148,1179 1194,1182 1239,1186 1285,1191 1330,1199 1376,1208"/>
                <TextEquiv>
                    <Unicode>Da ihme selbsten am Besten Bekant¬</Unicode>
                </TextEquiv>
            </TextLine>
            <TextLine id="r2l12" custom="readingOrder {index:11;}">
                <Coords points="386,1259 669,1250 750,1282 823,1250 889,1290 1184,1256 1390,1287 1273,1221 1012,1224 918,1180 627,1213 454,1185 386,1222"/>
                <Baseline points="393,1245 442,1248 492,1249 541,1250 591,1250 640,1250 690,1248 739,1248 789,1247 838,1245 888,1245 937,1244 987,1245 1036,1245 1086,1247 1135,1250 1185,1254 1234,1259 1284,1264 1333,1272 1383,1281"/>
                <TextEquiv>
                    <Unicode>aus wetchen leidigen Ursachen er in Ge¬</Unicode>
                </TextEquiv>
            </TextLine>
            <TextLine id="r2l13" custom="readingOrder {index:12;}">
                <Coords points="394,1336 633,1318 741,1357 1105,1315 1386,1393 1388,1321 1184,1256 984,1294 817,1251 738,1290 669,1249 602,1280 396,1260"/>
                <Baseline points="402,1316 450,1317 499,1317 548,1317 597,1317 646,1317 695,1316 743,1316 792,1314 841,1313 890,1313 939,1313 988,1313 1037,1314 1085,1316 1134,1319 1183,1323 1232,1327 1281,1332 1330,1341 1379,1350"/>
                <TextEquiv>
                    <Unicode>fänglichen Verhafft gezogen worden, Er auch</Unicode>
                </TextEquiv>
            </TextLine>
            <TextLine id="r2l14" custom="readingOrder {index:13;}">
                <Coords points="374,1424 742,1388 809,1428 894,1388 925,1416 1132,1398 1398,1437 1399,1391 1098,1320 954,1365 872,1329 375,1360"/>
                <Baseline points="381,1391 431,1392 482,1392 532,1392 583,1392 633,1391 684,1389 734,1388 785,1388 835,1386 886,1386 937,1385 987,1385 1038,1386 1088,1389 1139,1391 1189,1395 1240,1399 1290,1405 1341,1413 1392,1421"/>
                <TextEquiv>
                    <Unicode>selbsten schon seine Böse that, vor dem nun¬</Unicode>
                </TextEquiv>
            </TextLine>
            <TextLine id="r2l15" custom="readingOrder {index:14;} person {offset:18; length:9;}">
                <Coords points="380,1479 945,1462 996,1491 1099,1466 1376,1494 1376,1437 1228,1403 942,1433 908,1399 831,1433 671,1390 381,1438"/>
                <Baseline points="387,1466 436,1466 485,1466 534,1464 583,1464 632,1463 681,1463 730,1461 779,1461 828,1460 877,1460 926,1460 975,1460 1024,1461 1073,1462 1122,1463 1171,1466 1220,1469 1269,1472 1318,1476 1368,1481"/>
                <TextEquiv>
                    <Unicode>mahls gestorbenen Bentz Joß Bekenet¬</Unicode>
                </TextEquiv>
            </TextLine>
            <TextLine id="r2l16" custom="readingOrder {index:15;}">
                <Coords points="382,1555 501,1537 599,1579 677,1541 781,1574 1055,1540 1106,1569 1379,1570 1327,1493 1194,1509 1098,1466 1027,1503 747,1459 622,1499 469,1464 383,1498"/>
                <Baseline points="390,1538 439,1539 488,1539 537,1539 586,1538 635,1538 684,1536 733,1536 782,1535 831,1535 880,1533 929,1533 978,1533 1027,1535 1076,1536 1125,1538 1174,1541 1223,1545 1272,1550 1321,1554 1371,1562"/>
                <TextEquiv>
                    <Unicode>und eingestanden; Als werde Er anjetzo¬</Unicode>
                </TextEquiv>
            </TextLine>
            <TextLine id="r2l17" custom="readingOrder {index:16;}">
                <Coords points="383,1656 592,1610 853,1639 910,1606 1017,1660 1097,1615 1139,1654 1239,1616 1376,1627 1376,1591 1194,1556 1082,1591 1012,1551 639,1551 569,1580 499,1537 384,1553"/>
                <Baseline points="390,1607 438,1607 487,1608 536,1608 585,1608 634,1608 683,1607 732,1607 781,1607 830,1607 879,1607 927,1607 976,1607 1025,1608 1074,1610 1123,1611 1172,1613 1221,1615 1270,1617 1319,1622 1368,1626"/>
                <TextEquiv>
                    <Unicode>Ernstlich ermahnt, zu Bezeugung seiner¬</Unicode>
                </TextEquiv>
            </TextLine>
            <TextLine id="r2l18" custom="readingOrder {index:17;}">
                <Coords points="394,1706 1024,1679 1082,1716 1163,1684 1318,1700 1319,1646 1245,1624 1012,1657 779,1612 693,1647 509,1617 394,1655"/>
                <Baseline points="402,1676 447,1676 492,1677 538,1677 583,1677 629,1677 674,1677 720,1676 765,1676 811,1676 856,1676 901,1676 947,1677 992,1677 1038,1677 1083,1679 1129,1680 1174,1681 1220,1683 1265,1685 1311,1688"/>
                <TextEquiv>
                    <Unicode>anscheinenden Reuls, eine aufrichtige,</Unicode>
                </TextEquiv>
            </TextLine>
            <TextLine id="r2l19" custom="readingOrder {index:18;}">
                <Coords points="383,1767 1013,1757 1055,1789 1135,1744 1185,1778 1387,1789 1388,1722 1329,1694 1279,1718 1160,1685 1077,1717 1024,1680 703,1680 384,1716"/>
                <Baseline points="390,1745 439,1746 489,1746 538,1746 588,1746 637,1746 687,1746 736,1746 786,1746 835,1746 885,1746 934,1746 984,1747 1033,1748 1083,1749 1132,1751 1182,1752 1231,1754 1281,1757 1330,1760 1380,1763"/>
                <TextEquiv>
                    <Unicode>Bahrhafft, und Umbständtliche Bekantnunß</Unicode>
                </TextEquiv>
            </TextLine>
            <TextLine id="r2l20" custom="readingOrder {index:19;}">
                <Coords points="389,1825 528,1817 589,1855 658,1817 1365,1852 1388,1789 1098,1762 1053,1787 1012,1756 804,1799 606,1752 537,1789 390,1756"/>
                <Baseline points="396,1817 445,1818 494,1818 543,1818 592,1818 642,1818 691,1818 740,1817 789,1817 838,1817 888,1817 937,1817 986,1817 1035,1817 1084,1818 1134,1820 1183,1821 1232,1824 1281,1827 1330,1830 1380,1835"/>
                <TextEquiv>
                    <Unicode>seines Begangenen großen Verbrechens ab¬</Unicode>
                </TextEquiv>
            </TextLine>
            <TextLine id="r2l21" custom="readingOrder {index:20;}">
                <Coords points="378,1921 706,1893 841,1924 923,1895 1349,1916 1368,1849 1267,1828 1177,1859 1048,1822 888,1861 692,1816 378,1865"/>
                <Baseline points="386,1898 434,1896 483,1895 532,1894 581,1893 629,1892 678,1891 727,1890 776,1890 824,1889 873,1889 922,1889 971,1889 1019,1890 1068,1890 1117,1892 1166,1893 1214,1896 1263,1898 1312,1901 1361,1904"/>
                <TextEquiv>
                    <Unicode>zustadten, damit Er Eine Jose oberteits</Unicode>
                </TextEquiv>
            </TextLine>
            <TextLine id="r2l22" custom="readingOrder {index:21;}">
                <Coords points="376,1987 574,1965 679,1993 764,1962 866,2014 1022,1970 1360,1999 1402,1996 1403,1937 922,1896 834,1951 688,1894 377,1920"/>
                <Baseline points="384,1964 434,1965 485,1965 535,1965 586,1965 636,1965 687,1967 737,1967 788,1967 838,1968 889,1968 940,1970 990,1970 1041,1971 1091,1973 1142,1974 1192,1976 1243,1979 1293,1980 1344,1983 1395,1986"/>
                <TextEquiv>
                    <Unicode>zu einem desto gnädigeren Urtheil Be¬</Unicode>
                </TextEquiv>
            </TextLine>
            <TextLine id="r2l23" custom="readingOrder {index:22;}">
                <Coords points="379,2069 414,2061 470,2075 534,2055 560,2071 598,2061 623,2072 722,2059 732,2056 732,1972 700,1973 678,1993 652,1970 619,1966 571,1967 511,1996 475,1997 424,1972 379,1985"/>
                <Baseline points="386,2034 412,2036 438,2036 464,2037 490,2037 516,2037 542,2037 568,2037 594,2037 620,2037 646,2037 672,2037 698,2037 725,2036"/>
                <TextEquiv>
                    <Unicode>wegen könne</Unicode>
                </TextEquiv>
            </TextLine>
            <TextLine id="r2l24" custom="readingOrder {index:23;}">
                <Coords points="733,2064 740,2064 753,2054 766,2052 766,1971 752,1971 750,1969 742,1978 733,1978"/>
                <Baseline points="740,2040 759,2040"/>
                <TextEquiv>
                    <Unicode>H</Unicode>
                </TextEquiv>
            </TextLine>
            <TextLine id="r2l25" custom="readingOrder {index:24;}">
                <Coords points="401,2161 1379,2166 1379,2114 1247,2084 1173,2108 745,2083 606,2119 401,2075"/>
                <Baseline points="408,2142 456,2144 504,2145 552,2147 600,2147 648,2147 696,2147 745,2148 793,2148 841,2147 889,2147 937,2147 985,2148 1033,2148 1082,2148 1130,2149 1178,2150 1226,2151 1274,2154 1322,2156 1371,2159"/>
                <TextEquiv>
                    <Unicode>Seine große Mißethat seÿe ihme freylich¬</Unicode>
                </TextEquiv>
            </TextLine>
            <TextLine id="r2l26" custom="readingOrder {index:25;}">
                <Coords points="383,2216 624,2241 711,2212 1104,2211 1197,2247 1354,2217 1354,2168 1287,2156 936,2182 900,2153 746,2176 686,2147 614,2173 383,2147"/>
                <Baseline points="390,2207 437,2210 485,2211 533,2213 581,2214 629,2214 677,2214 724,2214 772,2214 820,2213 868,2213 916,2211 964,2211 1012,2211 1059,2210 1107,2210 1155,2211 1203,2211 1251,2213 1299,2215 1347,2217"/>
                <TextEquiv>
                    <Unicode>und Keyder, nur zu Wohl bekant, Er be¬</Unicode>
                </TextEquiv>
            </TextLine>
            <TextLine id="r2l27" custom="readingOrder {index:26;}">
                <Coords points="375,2306 433,2278 539,2282 596,2322 827,2277 984,2308 1034,2273 1348,2288 1347,2219 1196,2247 1053,2215 980,2260 894,2227 844,2261 764,2218 667,2257 594,2228 375,2251"/>
                <Baseline points="383,2280 430,2281 478,2282 526,2282 574,2280 622,2280 670,2280 718,2280 766,2279 814,2279 862,2279 909,2277 957,2277 1005,2277 1053,2276 1101,2276 1149,2276 1197,2276 1245,2276 1293,2277 1341,2277"/>
                <TextEquiv>
                    <Unicode>"gehre auch nichts im lönnigsten darvon zu¬</Unicode>
                </TextEquiv>
            </TextLine>
            <TextLine id="r2l28" custom="readingOrder {index:27;}">
                <Coords points="385,2362 635,2385 690,2352 987,2348 1098,2376 1243,2345 1362,2373 1348,2300 1068,2278 868,2322 769,2282 611,2334 548,2285 499,2313 434,2279 385,2298"/>
                <Baseline points="392,2348 440,2349 488,2351 536,2351 584,2352 632,2352 680,2352 729,2352 777,2351 825,2351 873,2350 921,2349 969,2349 1017,2348 1066,2346 1114,2346 1162,2345 1210,2345 1258,2345 1306,2343 1355,2343"/>
                <TextEquiv>
                    <Unicode>verzählen, sonderen wolle offen herzig sagen,</Unicode>
                </TextEquiv>
            </TextLine>
            <TextLine id="r2l29" custom="readingOrder {index:28;}">
                <Coords points="376,2444 584,2457 775,2421 838,2453 878,2422 1085,2419 1151,2451 1338,2421 1337,2370 1212,2349 1014,2405 823,2352 670,2402 438,2359 375,2383"/>
                <Baseline points="383,2427 430,2427 477,2427 525,2427 572,2427 620,2427 667,2427 714,2426 762,2426 809,2426 857,2426 904,2426 951,2424 999,2424 1046,2423 1094,2421 1141,2420 1188,2417 1236,2415 1283,2412 1331,2409"/>
                <TextEquiv>
                    <Unicode>Wie diß große Unglucs wiederfahren,</Unicode>
                </TextEquiv>
            </TextLine>
            <TextLine id="r2l30" custom="readingOrder {index:29;}">
                <Coords points="393,2532 568,2499 1131,2540 1384,2489 1383,2431 1234,2466 1090,2420 971,2466 810,2432 574,2461 392,2439"/>
                <Baseline points="399,2490 447,2491 496,2492 545,2493 594,2495 643,2496 692,2496 740,2498 789,2498 838,2498 887,2498 936,2498 985,2498 1034,2498 1082,2496 1131,2495 1180,2492 1229,2490 1278,2487 1327,2484 1376,2480"/>
                <TextEquiv>
                    <Unicode>und was der Leydige Anlaß darzugebesen.</Unicode>
                </TextEquiv>
            </TextLine>
            <TextLine id="r2l31" custom="readingOrder {index:30;}">
                <Coords points="370,2657 556,2676 619,2639 792,2674 1209,2645 1320,2623 1319,2559 1186,2585 1047,2549 824,2589 728,2557 651,2609 472,2527 368,2575"/>
                <Baseline points="377,2639 423,2639 470,2639 517,2639 564,2639 611,2639 657,2639 704,2639 751,2639 798,2639 845,2639 891,2639 938,2639 985,2637 1032,2636 1079,2634 1125,2632 1172,2629 1219,2627 1266,2622 1313,2618"/>
                <TextEquiv>
                    <Unicode>Verlächene Sinstag Abendes, als er von</Unicode>
                </TextEquiv>
            </TextLine>
            <TextLine id="r2l32" custom="readingOrder {index:31;}">
                <Coords points="380,2729 1357,2709 1355,2623 1160,2667 1106,2636 795,2673 620,2639 574,2676 379,2653"/>
                <Baseline points="387,2706 435,2705 483,2703 531,2702 579,2702 627,2702 675,2702 723,2702 771,2702 819,2702 868,2702 916,2700 964,2700 1012,2700 1060,2699 1108,2697 1156,2694 1204,2691 1252,2688 1300,2684 1349,2679"/>
                <TextEquiv>
                    <Unicode>dem Marith allhier zurück, und nach Hauß</Unicode>
                </TextEquiv>
            </TextLine>
            <TextLine id="r2l33" custom="readingOrder {index:32;} place {offset:30; length:13; continued:true;}">
                <Coords points="382,2798 1306,2769 1356,2750 1356,2709 381,2740"/>
                <Baseline points="389,2769 437,2771 485,2771 533,2771 581,2771 629,2769 677,2769 725,2769 773,2768 821,2768 869,2767 917,2766 965,2765 1013,2763 1061,2762 1109,2760 1157,2759 1205,2756 1253,2755 1301,2752 1349,2750"/>
                <TextEquiv>
                    <Unicode>gehen wollen, habe er auf dem Stalden noch¬</Unicode>
                </TextEquiv>
            </TextLine>
            <TextLine id="r2l34" custom="readingOrder {index:33;} place {offset:0; length:2; continued:true;} person {offset:30; length:13;}">
                <Coords points="383,2854 760,2836 841,2873 930,2835 1386,2837 1384,2789 1295,2759 1058,2793 1012,2766 961,2804 626,2772 382,2798"/>
                <Baseline points="389,2837 438,2837 487,2837 537,2837 586,2837 636,2837 685,2837 734,2837 784,2835 833,2835 883,2834 932,2834 981,2832 1031,2831 1080,2828 1130,2826 1179,2823 1228,2822 1278,2819 1327,2814 1377,2811"/>
                <TextEquiv>
                    <Unicode>in der Stadt angetroffen, den Rickauß Schon</Unicode>
                </TextEquiv>
            </TextLine>
            <TextLine id="r2l35" custom="readingOrder {index:34;} place {offset:4; length:10;}">
                <Coords points="370,2914 624,2906 739,2950 808,2908 1107,2923 1383,2886 1382,2857 1309,2837 1125,2864 934,2838 841,2873 672,2836 369,2853"/>
                <Baseline points="377,2897 429,2898 482,2901 534,2903 587,2904 639,2906 692,2907 745,2907 797,2907 850,2907 902,2906 955,2904 1007,2903 1060,2901 1113,2900 1165,2897 1218,2895 1270,2890 1323,2888 1376,2883"/>
                <TextEquiv>
                    <Unicode>von Vorlauffen, sein Weib, und ein Mentschlin</Unicode>
                </TextEquiv>
            </TextLine>
            <TextLine id="r2l36" custom="readingOrder {index:35;} person {offset:8; length:11;}">
                <Coords points="370,2996 773,2980 845,3006 941,2965 1060,3006 1108,2971 1139,2996 1339,2964 1338,2893 970,2940 832,2911 742,2949 629,2908 369,2931"/>
                <Baseline points="377,2966 424,2968 472,2970 520,2972 567,2975 615,2976 663,2978 710,2979 758,2981 806,2981 854,2981 901,2981 949,2979 997,2978 1044,2975 1092,2973 1140,2969 1187,2965 1235,2959 1283,2953 1331,2945"/>
                <TextEquiv>
                    <Unicode>genant, Anria Tofer so bey Christen¬</Unicode>
                </TextEquiv>
            </TextLine>
            <TextLine id="r2l37" custom="readingOrder {index:36;} place {offset:9; length:8;}">
                <Coords points="370,3053 652,3082 837,3054 903,3088 980,3053 1048,3084 1110,3043 1179,3066 1347,3027 1346,2986 1261,2966 950,3026 618,2982 370,2995"/>
                <Baseline points="377,3038 425,3039 473,3039 521,3041 569,3042 617,3044 665,3045 714,3047 762,3047 810,3048 858,3048 906,3048 954,3048 1002,3048 1051,3046 1099,3044 1147,3042 1195,3037 1243,3033 1291,3027 1340,3021"/>
                <TextEquiv>
                    <Unicode>Krieg zu Bölligen Jungfraub seÿe, welche¬</Unicode>
                </TextEquiv>
            </TextLine>
            <TextLine id="r2l38" custom="readingOrder {index:37;}">
                <Coords points="377,3112 942,3163 1332,3117 1365,3055 1312,3040 1177,3097 1111,3043 1049,3084 984,3054 902,3090 841,3057 760,3095 377,3076"/>
                <Baseline points="384,3108 432,3110 481,3111 530,3112 578,3113 627,3114 676,3116 724,3117 773,3119 822,3119 871,3120 919,3120 968,3120 1017,3119 1065,3119 1114,3117 1163,3115 1211,3113 1260,3109 1309,3105 1358,3101"/>
                <TextEquiv>
                    <Unicode>er wegen einigher Bekantschafft angeredet,</Unicode>
                </TextEquiv>
            </TextLine>
            <TextLine id="r2l39" custom="readingOrder {index:38;}">
                <Coords points="382,3206 549,3182 825,3226 963,3192 1104,3220 1339,3195 1339,3137 1127,3141 1078,3175 1009,3143 950,3166 729,3128 631,3155 559,3114 382,3130"/>
                <Baseline points="389,3177 436,3179 483,3180 530,3183 577,3185 624,3186 671,3188 718,3189 765,3189 812,3191 860,3192 907,3192 954,3192 1001,3191 1048,3190 1095,3189 1142,3186 1189,3183 1236,3180 1283,3176 1331,3170"/>
                <TextEquiv>
                    <Unicode>und mit Ihnen zum Chor hinausgegangen,</Unicode>
                </TextEquiv>
            </TextLine>
            <TextLine id="r2l40" custom="readingOrder {index:39;}">
                <Coords points="377,3299 500,3261 1072,3285 1156,3248 1286,3256 1338,3210 966,3192 811,3225 555,3184 375,3209"/>
                <Baseline points="383,3255 430,3255 477,3257 525,3258 572,3258 620,3260 667,3260 714,3260 762,3260 809,3260 857,3258 904,3258 951,3257 999,3255 1046,3253 1094,3251 1141,3248 1188,3244 1236,3240 1283,3236 1331,3231"/>
                <TextEquiv>
                    <Unicode>Eben, da man zum Thor Schließen ge¬</Unicode>
                </TextEquiv>
            </TextLine>
            <TextLine id="r2l41" custom="readingOrder {index:40;}">
                <Coords points="382,3367 437,3345 552,3391 877,3388 1348,3308 1347,3278 1156,3249 1071,3285 1025,3261 950,3317 756,3269 596,3269 533,3309 450,3264 380,3296"/>
                <Baseline points="389,3338 436,3338 484,3338 531,3338 579,3338 626,3338 674,3338 721,3338 769,3338 816,3338 864,3336 912,3335 959,3335 1007,3332 1054,3330 1102,3328 1149,3324 1197,3320 1244,3315 1292,3309 1340,3303"/>
                <TextEquiv>
                    <Unicode>dromel p. Seÿen gantz guter diegen</Unicode>
                </TextEquiv>
            </TextLine>
            <TextLine id="r2l42" custom="readingOrder {index:41;}">
                <Coords points="1182,3448 1203,3451 1224,3443 1236,3451 1260,3442 1275,3447 1303,3422 1327,3428 1340,3422 1333,3344 1292,3364 1270,3363 1257,3377 1235,3373 1189,3414 1179,3415"/>
                <Baseline points="1188,3435 1216,3429 1245,3425 1274,3423 1303,3422 1332,3420"/>
                <TextEquiv>
                    <Unicode>mit</Unicode>
                </TextEquiv>
            </TextLine>
            <TextEquiv>
                <Unicode>Cxamen
Mit Bendicht Schlaft
vor Kysach, Ambts Burgdorff etatis¬
87. Jahr, ohnvterheyrathet sc. habe eine Alte
Muter beÿ Hauß; Sieth Ibiyer Jahri¬
da sein Racter gestorben, halte er sich hier
umb die Stadt herumb auf, und habe an dem
25
Weg gearbeitet, so.
Praemisa Exhortatione.
Da ihme selbsten am Besten Bekant¬
aus wetchen leidigen Ursachen er in Ge¬
fänglichen Verhafft gezogen worden, Er auch
selbsten schon seine Böse that, vor dem nun¬
mahls gestorbenen Bentz Joß Bekenet¬
und eingestanden; Als werde Er anjetzo¬
Ernstlich ermahnt, zu Bezeugung seiner¬
anscheinenden Reuls, eine aufrichtige,
Bahrhafft, und Umbständtliche Bekantnunß
seines Begangenen großen Verbrechens ab¬
zustadten, damit Er Eine Jose oberteits
zu einem desto gnädigeren Urtheil Be¬
wegen könne
H
Seine große Mißethat seÿe ihme freylich¬
und Keyder, nur zu Wohl bekant, Er be¬
"gehre auch nichts im lönnigsten darvon zu¬
verzählen, sonderen wolle offen herzig sagen,
Wie diß große Unglucs wiederfahren,
und was der Leydige Anlaß darzugebesen.
Verlächene Sinstag Abendes, als er von
dem Marith allhier zurück, und nach Hauß
gehen wollen, habe er auf dem Stalden noch¬
in der Stadt angetroffen, den Rickauß Schon
von Vorlauffen, sein Weib, und ein Mentschlin
genant, Anria Tofer so bey Christen¬
Krieg zu Bölligen Jungfraub seÿe, welche¬
er wegen einigher Bekantschafft angeredet,
und mit Ihnen zum Chor hinausgegangen,
Eben, da man zum Thor Schließen ge¬
dromel p. Seÿen gantz guter diegen
mit</Unicode>
            </TextEquiv>
        </TextRegion>
        <TextRegion orientation="0.0" id="r3" custom="readingOrder {index:2;}">
            <Coords points="1566,269 1566,431 1614,431 1614,269"/>
            <TextLine id="r3l1" custom="readingOrder {index:0;}">
                <Coords points="1562,395 1582,392 1587,386 1598,389 1608,375 1617,379 1624,377 1608,314 1594,317 1575,334 1564,329 1562,333 1547,335"/>
                <Baseline points="1566,381 1614,369"/>
                <TextEquiv>
                    <Unicode>1.</Unicode>
                </TextEquiv>
            </TextLine>
            <TextEquiv>
                <Unicode>1.</Unicode>
            </TextEquiv>
        </TextRegion>
        <TextRegion orientation="0.0" id="r4" custom="readingOrder {index:3;}">
            <Coords points="1626,72 1626,3503 2810,3503 2810,72"/>
            <TextLine id="r4l1" custom="readingOrder {index:0;}">
                <Coords points="2684,144 2704,142 2735,126 2744,130 2750,124 2767,131 2783,121 2806,125 2804,60 2752,41 2737,52 2724,50 2705,62 2698,59 2681,64"/>
                <Baseline points="2690,110 2717,110 2744,108 2771,107 2798,107"/>
                <TextEquiv>
                    <Unicode>554.</Unicode>
                </TextEquiv>
            </TextLine>
            <TextLine id="r4l2" custom="readingOrder {index:1;}">
                <Coords points="1673,368 1692,366 1708,349 1734,356 1771,324 1794,327 1827,307 1846,312 1864,295 1901,298 1889,245 1836,263 1805,262 1763,280 1716,267 1685,296 1655,298"/>
                <Baseline points="1673,341 1700,337 1728,330 1755,323 1783,314 1810,308 1838,300 1865,295 1893,291"/>
                <TextEquiv>
                    <Unicode>Gram:</Unicode>
                </TextEquiv>
            </TextLine>
            <TextLine id="r4l3" custom="readingOrder {index:2;}">
                <Coords points="1731,453 1844,397 1915,411 2133,338 2340,350 2450,268 2426,154 2331,230 2115,238 2077,288 1999,316 1931,291 1881,335 1780,326 1714,372"/>
                <Baseline points="1731,420 1766,412 1802,402 1837,395 1873,387 1908,381 1944,374 1979,367 2015,361 2050,355 2086,348 2121,341 2157,334 2192,328 2228,320 2263,311 2299,304 2334,294 2370,283 2405,273 2441,261"/>
                <TextEquiv>
                    <Unicode>da</Unicode>
                </TextEquiv>
            </TextLine>
            <TextLine id="r4l4" custom="readingOrder {index:3;}">
                <Coords points="1645,559 2211,438 2348,453 2646,360 2806,364 2791,220 2692,309 2143,363 2086,408 1740,450 1638,522"/>
                <Baseline points="1649,542 1706,531 1764,519 1822,507 1880,496 1937,485 1995,473 2053,462 2111,451 2168,441 2226,430 2284,419 2342,409 2399,399 2457,389 2515,379 2573,369 2630,360 2688,351 2746,341 2804,333"/>
                <TextEquiv>
                    <Unicode>mit Einander über das Geld hinausgegangen,</Unicode>
                </TextEquiv>
            </TextLine>
            <TextLine id="r4l5" custom="readingOrder {index:4;} place {offset:38; length:4; continued:true;}">
                <Coords points="1633,661 1737,600 2118,568 2159,525 2727,428 2719,384 2643,360 2458,440 2215,440 2127,502 1986,489 1618,577"/>
                <Baseline points="1634,626 1688,613 1742,599 1796,588 1851,576 1905,565 1959,554 2014,543 2068,534 2122,525 2177,516 2231,507 2285,498 2339,489 2394,480 2448,472 2502,464 2557,455 2611,446 2665,436 2720,428"/>
                <TextEquiv>
                    <Unicode>Als sie zu dem Abbeg gekommen, so auf Wor¬</Unicode>
                </TextEquiv>
            </TextLine>
            <TextLine id="r4l6" custom="readingOrder {index:5;} place {offset:0; length:7; continued:true;} person {offset:34; length:7; continued:true;}">
                <Coords points="1633,694 1718,708 1878,637 1968,656 2065,611 2144,636 2225,583 2652,532 2641,465 2593,458 1626,648"/>
                <Baseline points="1640,689 1690,676 1740,666 1790,656 1840,644 1890,636 1940,627 1990,618 2040,610 2090,602 2141,594 2191,587 2241,580 2291,572 2341,564 2391,557 2441,549 2491,542 2541,534 2591,525 2642,515"/>
                <TextEquiv>
                    <Unicode>lauffen führet, habe ob gemeldter Siclaus</Unicode>
                </TextEquiv>
            </TextLine>
            <TextLine id="r4l7" custom="readingOrder {index:6;} person {offset:0; length:5; continued:true;}">
                <Coords points="1640,776 1711,730 1803,749 1999,684 2399,674 2678,613 2754,572 2745,509 2344,605 2248,585 2144,636 1822,659 1773,702 1628,698"/>
                <Baseline points="1643,746 1698,734 1753,724 1808,714 1863,704 1919,694 1974,686 2029,678 2084,670 2139,661 2195,655 2250,647 2305,639 2360,632 2415,624 2471,617 2526,608 2581,601 2636,592 2691,582 2747,573"/>
                <TextEquiv>
                    <Unicode>Schon, zu ihme Inquisiten gesagt, Er wolle</Unicode>
                </TextEquiv>
            </TextLine>
            <TextLine id="r4l8" custom="readingOrder {index:7;} person {offset:36; length:4; continued:true;}">
                <Coords points="1642,820 2196,734 2341,767 2484,690 2711,678 2731,608 2525,661 2468,633 2421,677 2056,675 1802,750 1707,735 1637,786"/>
                <Baseline points="1649,812 1703,800 1757,789 1811,778 1865,769 1919,760 1973,753 2027,745 2081,737 2135,730 2189,724 2243,717 2297,710 2351,704 2405,698 2459,692 2513,684 2567,677 2621,669 2675,661 2729,653"/>
                <TextEquiv>
                    <Unicode>mit ihme biß zur Papÿr Mühl; gehen, Ban¬</Unicode>
                </TextEquiv>
            </TextLine>
            <TextLine id="r4l9" custom="readingOrder {index:8;} person {offset:0; length:8; continued:true;}">
                <Coords points="1634,916 1809,843 1895,865 2775,753 2765,679 2624,718 2531,686 2341,766 2081,747 1869,821 1625,845"/>
                <Baseline points="1637,884 1693,872 1749,862 1806,852 1862,842 1919,833 1975,825 2031,818 2088,810 2144,803 2201,795 2257,789 2313,783 2370,776 2426,769 2483,763 2539,757 2595,751 2652,745 2708,739 2765,732"/>
                <TextEquiv>
                    <Unicode>er Bolle ein Galb; bezahlen, darauf Er geant¬</Unicode>
                </TextEquiv>
            </TextLine>
            <TextLine id="r4l10" custom="readingOrder {index:9;} place {offset:26; length:4;}">
                <Coords points="1640,967 1774,926 1835,949 1943,895 2043,937 2174,872 2517,834 2598,862 2740,817 2736,782 2323,788 2218,849 2030,865 1816,848 1634,918"/>
                <Baseline points="1646,951 1700,939 1754,928 1808,919 1863,910 1917,900 1971,893 2026,885 2080,879 2134,873 2189,867 2243,861 2297,855 2351,849 2406,845 2460,838 2514,833 2569,827 2623,820 2677,813 2732,807"/>
                <TextEquiv>
                    <Unicode>wortet, Er wolle es gerne Thun, und seyen¬</Unicode>
                </TextEquiv>
            </TextLine>
            <TextLine id="r4l11" custom="readingOrder {index:10;}">
                <Coords points="1650,1027 2284,933 2436,974 2605,905 2710,942 2792,895 2784,820 2535,884 2351,853 2043,937 1932,905 1790,974 1643,964"/>
                <Baseline points="1655,1011 1711,1002 1767,992 1824,984 1880,975 1937,967 1993,960 2049,952 2106,945 2162,939 2219,933 2275,927 2331,921 2388,916 2444,912 2501,906 2557,902 2613,896 2670,892 2726,887 2783,882"/>
                <TextEquiv>
                    <Unicode>diemenach alle mit Einander zur Japyr Muhl¬</Unicode>
                </TextEquiv>
            </TextLine>
            <TextLine id="r4l12" custom="readingOrder {index:11;}">
                <Coords points="1639,1099 1790,1056 2146,1044 2185,1009 2621,1025 2756,946 2656,955 2567,912 2437,971 2370,934 2128,952 1726,1002 1635,1059"/>
                <Baseline points="1644,1077 1699,1069 1754,1060 1809,1053 1865,1046 1920,1038 1975,1031 2031,1024 2086,1019 2141,1014 2197,1007 2252,1002 2307,997 2362,992 2418,988 2473,984 2528,980 2584,975 2639,971 2694,967 2750,963"/>
                <TextEquiv>
                    <Unicode>gelesen, da habind sie sehr viele Leuth ange¬</Unicode>
                </TextEquiv>
            </TextLine>
            <TextLine id="r4l13" custom="readingOrder {index:12;}">
                <Coords points="1634,1171 1811,1189 2018,1106 2663,1062 2771,1032 2764,967 2621,1025 2464,1005 2342,1047 2183,1009 1811,1107 1752,1071 1629,1127"/>
                <Baseline points="1640,1157 1696,1148 1752,1139 1808,1131 1864,1124 1920,1117 1976,1109 2033,1101 2089,1095 2145,1089 2201,1082 2257,1076 2313,1071 2369,1065 2426,1060 2482,1055 2538,1049 2594,1045 2650,1040 2706,1037 2763,1032"/>
                <TextEquiv>
                    <Unicode>stroffen, so daß der Wirth sie geheißen in die</Unicode>
                </TextEquiv>
            </TextLine>
            <TextLine id="r4l14" custom="readingOrder {index:13;} place {offset:0; length:12;}">
                <Coords points="1639,1235 2561,1150 2748,1115 2757,1041 2691,1078 2597,1042 2470,1097 2384,1075 2287,1119 2241,1090 2158,1142 2093,1112 1969,1165 1696,1162 1635,1196"/>
                <Baseline points="1646,1223 1701,1216 1757,1208 1812,1202 1868,1195 1923,1188 1979,1182 2034,1177 2090,1170 2145,1166 2201,1159 2256,1154 2312,1148 2367,1143 2423,1137 2478,1132 2534,1125 2589,1120 2645,1113 2700,1107 2756,1100"/>
                <TextEquiv>
                    <Unicode>Obere Cammer gehen, darauf sie dorten alle</Unicode>
                </TextEquiv>
            </TextLine>
            <TextLine id="r4l15" custom="readingOrder {index:14;}">
                <Coords points="1638,1304 2548,1227 2624,1179 2725,1220 2786,1180 2778,1103 2715,1138 2462,1135 2311,1201 2188,1164 2145,1211 1866,1199 1633,1255"/>
                <Baseline points="1643,1289 1699,1282 1756,1275 1813,1269 1869,1263 1926,1257 1983,1251 2039,1246 2096,1240 2153,1235 2210,1230 2266,1224 2323,1218 2380,1212 2436,1207 2493,1199 2550,1193 2606,1186 2663,1179 2720,1172 2777,1163"/>
                <TextEquiv>
                    <Unicode>Vier mit Einander getrungen, und Ein Urth</Unicode>
                </TextEquiv>
            </TextLine>
            <TextLine id="r4l16" custom="readingOrder {index:15;}">
                <Coords points="1640,1376 2760,1270 2757,1178 2483,1247 2409,1216 2321,1270 2183,1235 2124,1274 1952,1296 1878,1258 1634,1317"/>
                <Baseline points="1646,1359 1701,1351 1757,1343 1812,1336 1868,1330 1923,1324 1979,1319 2034,1313 2090,1308 2145,1303 2201,1298 2256,1293 2312,1289 2367,1284 2423,1279 2478,1274 2534,1269 2589,1263 2645,1257 2700,1251 2756,1245"/>
                <TextEquiv>
                    <Unicode>Von 21. B. gemacht, welche er Inquisit allein</Unicode>
                </TextEquiv>
            </TextLine>
            <TextLine id="r4l17" custom="readingOrder {index:16;}">
                <Coords points="1647,1451 1807,1405 1974,1429 2053,1385 2507,1395 2716,1342 2710,1273 2647,1305 2578,1277 2456,1334 2278,1318 2215,1354 2109,1311 2052,1347 1640,1376"/>
                <Baseline points="1652,1430 1704,1423 1757,1416 1810,1409 1863,1404 1916,1397 1968,1393 2021,1387 2074,1383 2127,1379 2180,1374 2232,1370 2285,1365 2338,1361 2391,1357 2444,1353 2496,1347 2549,1344 2602,1339 2655,1332 2708,1328"/>
                <TextEquiv>
                    <Unicode>bezahlt. Ob während dießem trunde habe</Unicode>
                </TextEquiv>
            </TextLine>
            <TextLine id="r4l18" custom="readingOrder {index:17;}">
                <Coords points="1635,1523 2089,1497 2166,1456 2233,1498 2302,1444 2500,1425 2667,1448 2772,1367 2618,1347 2410,1399 2367,1370 2197,1430 2054,1384 1950,1436 1763,1428 1631,1469"/>
                <Baseline points="1640,1490 1696,1487 1752,1481 1809,1477 1865,1472 1922,1467 1978,1462 2034,1458 2091,1453 2147,1448 2204,1445 2260,1440 2316,1435 2373,1432 2429,1427 2486,1424 2542,1420 2598,1418 2655,1415 2711,1412 2768,1410"/>
                <TextEquiv>
                    <Unicode>er von ohngefehrd seinen silbernen Binger</Unicode>
                </TextEquiv>
            </TextLine>
            <TextLine id="r4l19" custom="readingOrder {index:18;}">
                <Coords points="1628,1581 2785,1493 2782,1452 2709,1432 2547,1434 2396,1488 2278,1466 2229,1497 2167,1456 2028,1506 1625,1536"/>
                <Baseline points="1634,1556 1691,1553 1748,1550 1805,1547 1862,1543 1919,1539 1976,1536 2034,1532 2091,1527 2148,1524 2205,1520 2262,1517 2319,1512 2376,1509 2434,1505 2491,1500 2548,1497 2605,1494 2662,1491 2719,1488 2777,1484"/>
                <TextEquiv>
                    <Unicode>Ring abgezogen, und solchen an die Andere</Unicode>
                </TextEquiv>
            </TextLine>
            <TextLine id="r4l20" custom="readingOrder {index:19;} person {offset:25; length:13;}">
                <Coords points="1637,1643 2725,1571 2721,1505 2684,1495 2261,1516 2187,1567 2007,1547 1908,1595 1829,1566 1634,1585"/>
                <Baseline points="1643,1625 1696,1622 1750,1619 1804,1616 1857,1613 1911,1610 1965,1607 2018,1604 2072,1601 2126,1598 2180,1595 2233,1592 2287,1589 2341,1585 2394,1582 2448,1578 2502,1575 2555,1572 2609,1569 2663,1565 2717,1562"/>
                <TextEquiv>
                    <Unicode>Hand anlegen wollen. Der Niclaus Schön;</Unicode>
                </TextEquiv>
            </TextLine>
            <TextLine id="r4l21" custom="readingOrder {index:20;}">
                <Coords points="1620,1713 1911,1684 1990,1720 2105,1672 2427,1687 2456,1658 2587,1683 2693,1639 2734,1666 2766,1578 2650,1571 2520,1627 2410,1583 1618,1671"/>
                <Baseline points="1626,1694 1682,1692 1739,1689 1796,1687 1853,1685 1910,1682 1966,1678 2023,1675 2080,1671 2137,1667 2194,1664 2250,1660 2307,1656 2364,1653 2421,1649 2478,1647 2534,1644 2591,1641 2648,1640 2705,1638 2762,1637"/>
                <TextEquiv>
                    <Unicode>habe ihme aber solchen zu besichtigen geforde,</Unicode>
                </TextEquiv>
            </TextLine>
            <TextLine id="r4l22" custom="readingOrder {index:21;} person {offset:35; length:9;}">
                <Coords points="1643,1785 2574,1718 2683,1751 2790,1712 2786,1638 2623,1682 2456,1658 2261,1707 2065,1684 1859,1724 1800,1692 1722,1743 1640,1731"/>
                <Baseline points="1649,1764 1705,1763 1762,1761 1819,1759 1875,1756 1932,1752 1989,1749 2045,1745 2102,1742 2159,1738 2216,1734 2272,1731 2329,1727 2386,1724 2442,1721 2499,1718 2556,1716 2612,1715 2669,1713 2726,1713 2783,1713"/>
                <TextEquiv>
                    <Unicode>iret, und nachwerts habe obbedeute Ana Dofer</Unicode>
                </TextEquiv>
            </TextLine>
            <TextLine id="r4l23" custom="readingOrder {index:22;}">
                <Coords points="1631,1871 1850,1826 2022,1865 2390,1797 2593,1836 2648,1800 2780,1809 2776,1723 2683,1751 2488,1722 2231,1788 2034,1797 1961,1762 1627,1794"/>
                <Baseline points="1637,1830 1693,1830 1750,1829 1807,1826 1863,1824 1920,1821 1977,1819 2033,1815 2090,1812 2147,1808 2204,1805 2260,1802 2317,1798 2374,1794 2430,1791 2487,1788 2544,1786 2600,1784 2657,1782 2714,1779 2771,1778"/>
                <TextEquiv>
                    <Unicode>selbigen dem Schon, genomen und bey sich be¬</Unicode>
                </TextEquiv>
            </TextLine>
            <TextLine id="r4l24" custom="readingOrder {index:23;}">
                <Coords points="1644,1932 1791,1935 1839,1896 1941,1938 2387,1867 2786,1898 2819,1886 2815,1789 2593,1836 2411,1798 2015,1869 1943,1832 1860,1881 1764,1845 1641,1866"/>
                <Baseline points="1650,1905 1708,1903 1766,1901 1824,1899 1882,1896 1940,1892 1998,1890 2056,1886 2114,1883 2172,1880 2230,1877 2288,1874 2346,1870 2404,1867 2462,1865 2520,1863 2578,1860 2636,1859 2694,1857 2752,1857 2810,1857"/>
                <TextEquiv>
                    <Unicode>halten; darauf Er Inquisit diesem Mentsch</Unicode>
                </TextEquiv>
            </TextLine>
            <TextLine id="r4l25" custom="readingOrder {index:24;}">
                <Coords points="1643,1992 2214,1954 2684,1986 2781,1956 2779,1872 2617,1906 2551,1866 2429,1906 2083,1899 1946,1938 1858,1902 1641,1947"/>
                <Baseline points="1649,1971 1705,1971 1761,1970 1817,1968 1874,1966 1930,1964 1986,1962 2042,1959 2099,1958 2155,1955 2211,1953 2267,1950 2324,1949 2380,1947 2436,1946 2492,1944 2549,1943 2605,1943 2661,1943 2717,1943 2774,1944"/>
                <TextEquiv>
                    <Unicode>seinen Ring alsobald zu ruckgeforderet, Er¬</Unicode>
                </TextEquiv>
            </TextLine>
            <TextLine id="r4l26" custom="readingOrder {index:25;}">
                <Coords points="1643,2070 1751,2042 1974,2087 2101,2039 2192,2065 2483,2027 2726,2059 2762,2055 2760,1964 2369,2010 2294,1966 2036,1999 1848,1972 1775,2024 1642,2021"/>
                <Baseline points="1650,2046 1705,2045 1760,2043 1815,2042 1870,2040 1926,2039 1981,2037 2036,2036 2091,2034 2146,2033 2202,2031 2257,2030 2312,2028 2367,2027 2422,2025 2478,2025 2533,2024 2588,2024 2643,2022 2698,2022 2754,2022"/>
                <TextEquiv>
                    <Unicode>ihme aber zur Antwort geben, Er mnneße dann</Unicode>
                </TextEquiv>
            </TextLine>
            <TextLine id="r4l27" custom="readingOrder {index:26;}">
                <Coords points="1654,2121 1848,2150 1982,2108 2340,2160 2438,2110 2673,2124 2686,2085 2521,2042 2369,2084 2241,2042 1974,2087 1745,2058 1654,2086"/>
                <Baseline points="1662,2112 1712,2114 1763,2114 1814,2114 1865,2114 1916,2114 1967,2114 2017,2112 2068,2112 2119,2111 2170,2109 2221,2108 2272,2107 2323,2106 2373,2105 2424,2103 2475,2103 2526,2103 2577,2102 2628,2103 2679,2103"/>
                <TextEquiv>
                    <Unicode>mit Ihr Seÿm. Dann wolle sie ihme solchen</Unicode>
                </TextEquiv>
            </TextLine>
            <TextLine id="r4l28" custom="readingOrder {index:27;}">
                <Coords points="1645,2196 2738,2204 2737,2133 2655,2113 2304,2165 2028,2125 1964,2162 1645,2146"/>
                <Baseline points="1652,2187 1705,2187 1759,2187 1813,2186 1867,2186 1921,2186 1975,2184 2029,2184 2083,2183 2137,2183 2191,2183 2244,2181 2298,2181 2352,2181 2406,2181 2460,2183 2514,2183 2568,2184 2622,2185 2676,2187 2730,2189"/>
                <TextEquiv>
                    <Unicode>wieder geben, worüberhin er sich zur Ruhls</Unicode>
                </TextEquiv>
            </TextLine>
            <TextLine id="r4l29" custom="readingOrder {index:28;}">
                <Coords points="1643,2289 2764,2272 2764,2214 2603,2192 2063,2220 1992,2182 1876,2218 1809,2187 1644,2231"/>
                <Baseline points="1650,2258 1705,2258 1760,2258 1816,2258 1871,2256 1926,2256 1982,2256 2037,2256 2092,2256 2148,2256 2203,2256 2258,2256 2314,2256 2369,2256 2424,2256 2480,2258 2535,2259 2590,2261 2646,2262 2701,2264 2757,2267"/>
                <TextEquiv>
                    <Unicode>gehalten, und in dem vorhaben, mit obigem</Unicode>
                </TextEquiv>
            </TextLine>
            <TextLine id="r4l30" custom="readingOrder {index:29;}">
                <Coords points="1636,2348 1737,2381 1964,2335 2068,2373 2323,2337 2665,2375 2767,2355 2767,2276 2607,2305 2089,2267 1919,2311 1809,2261 1636,2291"/>
                <Baseline points="1644,2328 1699,2330 1755,2330 1811,2331 1867,2331 1923,2331 1978,2331 2034,2331 2090,2330 2146,2330 2202,2330 2257,2330 2313,2330 2369,2331 2425,2331 2481,2333 2536,2334 2592,2336 2648,2337 2704,2341 2760,2343"/>
                <TextEquiv>
                    <Unicode>Mentsch heym, auf bolligen zu gehen, habe</Unicode>
                </TextEquiv>
            </TextLine>
            <TextLine id="r4l31" custom="readingOrder {index:30;}">
                <Coords points="1641,2416 2045,2409 2128,2463 2228,2432 2329,2465 2417,2424 2781,2440 2805,2383 2322,2337 2229,2370 1967,2334 1642,2367"/>
                <Baseline points="1649,2399 1706,2400 1763,2401 1821,2402 1878,2403 1935,2403 1993,2403 2050,2405 2107,2405 2165,2405 2222,2406 2279,2406 2337,2408 2394,2409 2451,2412 2509,2414 2566,2417 2623,2421 2681,2425 2738,2429 2796,2435"/>
                <TextEquiv>
                    <Unicode>er nach bezahlter Urthi bald fortgehen wollen</Unicode>
                </TextEquiv>
            </TextLine>
            <TextLine id="r4l32" custom="readingOrder {index:31;} person {offset:31; length:8; continued:true;}">
                <Coords points="1647,2487 1928,2521 2002,2477 2331,2523 2443,2489 2585,2528 2686,2505 2688,2448 2555,2421 2464,2457 2415,2425 2359,2471 2205,2468 2044,2408 1857,2441 1750,2406 1648,2448"/>
                <Baseline points="1655,2469 1706,2472 1757,2472 1808,2474 1859,2475 1911,2477 1962,2478 2013,2480 2064,2481 2115,2481 2167,2483 2218,2484 2269,2486 2320,2487 2371,2489 2423,2490 2474,2492 2525,2494 2576,2496 2627,2498 2679,2501"/>
                <TextEquiv>
                    <Unicode>und habe Abscheid genomen, die Wirthin¬</Unicode>
                </TextEquiv>
            </TextLine>
            <TextLine id="r4l33" custom="readingOrder {index:32;} person {offset:0; length:4; continued:true;}">
                <Coords points="1633,2557 2679,2596 2632,2515 2558,2539 2470,2501 2300,2538 2113,2491 1889,2535 1737,2476 1635,2497"/>
                <Baseline points="1641,2543 1692,2544 1744,2545 1795,2546 1847,2547 1898,2549 1950,2550 2001,2552 2053,2553 2104,2553 2156,2556 2208,2558 2259,2559 2311,2561 2362,2563 2414,2565 2465,2568 2517,2570 2568,2571 2620,2573 2672,2576"/>
                <TextEquiv>
                    <Unicode>habe ihme im Forthgehen gesagt, Er solle.</Unicode>
                </TextEquiv>
            </TextLine>
            <TextLine id="r4l34" custom="readingOrder {index:33;}">
                <Coords points="1637,2663 1768,2612 1956,2665 2060,2633 2226,2674 2611,2656 2689,2692 2727,2678 2731,2599 2609,2617 2490,2565 2320,2600 2276,2559 2145,2614 1642,2550"/>
                <Baseline points="1646,2615 1699,2616 1753,2618 1807,2619 1861,2621 1914,2622 1968,2625 2022,2627 2076,2630 2129,2632 2183,2634 2237,2637 2291,2640 2344,2642 2398,2645 2452,2648 2506,2651 2559,2654 2613,2657 2667,2659 2721,2661"/>
                <TextEquiv>
                    <Unicode>Sorg haben, daß er nicht gebläpfet werde,</Unicode>
                </TextEquiv>
            </TextLine>
            <TextLine id="r4l35" custom="readingOrder {index:34;}">
                <Coords points="1650,2701 2700,2752 2701,2688 2599,2667 2541,2698 2326,2651 2084,2677 2009,2638 1923,2670 1758,2618 1652,2658"/>
                <Baseline points="1658,2685 1709,2688 1761,2690 1813,2693 1865,2696 1917,2697 1968,2700 2020,2702 2072,2704 2124,2706 2176,2709 2227,2711 2279,2712 2331,2715 2383,2717 2435,2720 2486,2721 2538,2723 2590,2725 2642,2727 2694,2729"/>
                <TextEquiv>
                    <Unicode>und Er darauf geantbortet, Er seyn keine.</Unicode>
                </TextEquiv>
            </TextLine>
            <TextLine id="r4l36" custom="readingOrder {index:35;}">
                <Coords points="1638,2780 2694,2817 2679,2740 2357,2775 2264,2731 2105,2762 2040,2721 1884,2741 1642,2693"/>
                <Baseline points="1646,2757 1698,2761 1750,2765 1802,2768 1854,2769 1906,2772 1958,2775 2010,2777 2062,2779 2114,2781 2166,2783 2218,2785 2270,2787 2322,2790 2374,2792 2426,2795 2478,2797 2530,2800 2582,2804 2634,2807 2687,2811"/>
                <TextEquiv>
                    <Unicode>Gefahr, Es thüge ihme Niemand nichts.</Unicode>
                </TextEquiv>
            </TextLine>
            <TextLine id="r4l37" custom="readingOrder {index:36;} person {offset:23; length:10;} person {offset:35; length:4; continued:true;}">
                <Coords points="1648,2896 2715,2971 2720,2905 2445,2848 2334,2894 2149,2840 1653,2835"/>
                <Baseline points="1656,2882 1708,2885 1761,2888 1813,2891 1866,2895 1919,2898 1971,2901 2024,2906 2077,2910 2129,2914 2182,2919 2235,2922 2287,2926 2340,2931 2393,2935 2445,2938 2498,2942 2551,2945 2603,2948 2656,2952 2709,2954"/>
                <TextEquiv>
                    <Unicode>Als er hierauf mit der Anna Tofer, die¬</Unicode>
                </TextEquiv>
            </TextLine>
            <TextLine id="r4l38" custom="readingOrder {index:37;} person {offset:0; length:14; continued:true;}">
                <Coords points="1649,2965 2754,3055 2783,2979 2394,2939 2294,2972 2174,2931 2067,2963 1883,2902 1653,2902"/>
                <Baseline points="1658,2946 1713,2951 1769,2955 1825,2959 1880,2964 1936,2967 1992,2972 2047,2976 2103,2979 2159,2984 2215,2988 2270,2991 2326,2996 2382,3000 2437,3005 2493,3009 2549,3013 2604,3018 2660,3021 2716,3027 2772,3032"/>
                <TextEquiv>
                    <Unicode>Riclauß Schönj und seinem Weib vom Wirths¬</Unicode>
                </TextEquiv>
            </TextLine>
            <TextLine id="r4l39" custom="readingOrder {index:38;}">
                <Coords points="1651,3025 1949,3073 2027,3044 2494,3079 2590,3120 2676,3096 2755,3132 2768,3057 2523,3010 2451,3037 2163,2989 2092,3029 1655,2973"/>
                <Baseline points="1659,3017 1713,3021 1768,3024 1823,3027 1878,3032 1933,3035 1988,3038 2043,3043 2098,3046 2153,3050 2208,3054 2262,3058 2317,3062 2372,3068 2427,3072 2482,3076 2537,3083 2592,3087 2647,3092 2702,3099 2757,3104"/>
                <TextEquiv>
                    <Unicode>Hauß hinbeyg, ein Schrack dee Weg hirauf¬</Unicode>
                </TextEquiv>
            </TextLine>
            <TextLine id="r4l40" custom="readingOrder {index:39;}">
                <Coords points="1636,3121 1827,3096 2736,3181 2740,3125 2672,3102 2554,3129 2497,3084 2247,3062 1641,3052"/>
                <Baseline points="1646,3081 1700,3086 1754,3090 1808,3094 1862,3098 1917,3102 1971,3106 2025,3110 2079,3114 2133,3118 2188,3122 2242,3125 2296,3130 2350,3134 2404,3137 2459,3142 2513,3146 2567,3150 2621,3155 2675,3159 2730,3164"/>
                <TextEquiv>
                    <Unicode>"gegangen, biß zu dem Scheid Weg, Allwo¬</Unicode>
                </TextEquiv>
            </TextLine>
            <TextLine id="r4l41" custom="readingOrder {index:40;} place {offset:12; length:8;}">
                <Coords points="1661,3161 1819,3208 2026,3181 2427,3247 2713,3241 2718,3175 2451,3184 2316,3142 2255,3180 2025,3116 1953,3144 1824,3097 1665,3107"/>
                <Baseline points="1668,3158 1719,3159 1771,3162 1823,3165 1875,3168 1927,3171 1979,3175 2031,3179 2083,3183 2135,3188 2187,3192 2238,3197 2290,3201 2342,3205 2394,3209 2446,3212 2498,3217 2550,3221 2602,3225 2654,3228 2706,3231"/>
                <TextEquiv>
                    <Unicode>der Weg von Bölligen in die große Land¬</Unicode>
                </TextEquiv>
            </TextLine>
            <TextLine id="r4l42" custom="readingOrder {index:41;}">
                <Coords points="1647,3250 2714,3320 2741,3281 2612,3232 2462,3270 2085,3189 1998,3233 1916,3177 1798,3219 1653,3166"/>
                <Baseline points="1656,3230 1709,3232 1763,3234 1817,3238 1871,3241 1925,3245 1978,3247 2032,3252 2086,3256 2140,3259 2194,3263 2247,3267 2301,3271 2355,3276 2409,3280 2463,3284 2516,3288 2570,3291 2624,3295 2678,3299 2732,3303"/>
                <TextEquiv>
                    <Unicode>Straaßfalle, da haben sie sich eine kleine</Unicode>
                </TextEquiv>
            </TextLine>
            <TextLine id="r4l43" custom="readingOrder {index:42;}">
                <Coords points="1650,3336 1761,3308 1838,3351 1986,3322 2285,3379 2493,3363 2748,3441 2775,3344 2650,3299 2292,3276 2227,3307 2174,3275 2114,3308 2041,3252 1969,3282 1657,3247"/>
                <Baseline points="1659,3303 1714,3306 1769,3308 1824,3312 1879,3315 1935,3318 1990,3321 2045,3325 2100,3329 2155,3333 2211,3338 2266,3342 2321,3346 2376,3352 2431,3357 2487,3362 2542,3369 2597,3374 2652,3380 2707,3387 2763,3393"/>
                <TextEquiv>
                    <Unicode>Weil aufgehalten, die beyden Weibs Bilder¬</Unicode>
                </TextEquiv>
            </TextLine>
            <TextLine id="r4l44" custom="readingOrder {index:43;}">
                <Coords points="2468,3483 2495,3478 2512,3489 2540,3477 2563,3490 2626,3485 2647,3490 2676,3522 2734,3512 2740,3442 2715,3448 2667,3419 2603,3401 2562,3398 2521,3416 2475,3407"/>
                <Baseline points="2478,3464 2503,3466 2528,3468 2553,3471 2578,3473 2603,3475 2628,3477 2653,3481 2678,3482 2703,3484 2729,3486"/>
                <TextEquiv>
                    <Unicode>Samblich</Unicode>
                </TextEquiv>
            </TextLine>
            <TextEquiv>
                <Unicode>554.
Gram:
da
mit Einander über das Geld hinausgegangen,
Als sie zu dem Abbeg gekommen, so auf Wor¬
lauffen führet, habe ob gemeldter Siclaus
Schon, zu ihme Inquisiten gesagt, Er wolle
mit ihme biß zur Papÿr Mühl; gehen, Ban¬
er Bolle ein Galb; bezahlen, darauf Er geant¬
wortet, Er wolle es gerne Thun, und seyen¬
diemenach alle mit Einander zur Japyr Muhl¬
gelesen, da habind sie sehr viele Leuth ange¬
stroffen, so daß der Wirth sie geheißen in die
Obere Cammer gehen, darauf sie dorten alle
Vier mit Einander getrungen, und Ein Urth
Von 21. B. gemacht, welche er Inquisit allein
bezahlt. Ob während dießem trunde habe
er von ohngefehrd seinen silbernen Binger
Ring abgezogen, und solchen an die Andere
Hand anlegen wollen. Der Niclaus Schön;
habe ihme aber solchen zu besichtigen geforde,
iret, und nachwerts habe obbedeute Ana Dofer
selbigen dem Schon, genomen und bey sich be¬
halten; darauf Er Inquisit diesem Mentsch
seinen Ring alsobald zu ruckgeforderet, Er¬
ihme aber zur Antwort geben, Er mnneße dann
mit Ihr Seÿm. Dann wolle sie ihme solchen
wieder geben, worüberhin er sich zur Ruhls
gehalten, und in dem vorhaben, mit obigem
Mentsch heym, auf bolligen zu gehen, habe
er nach bezahlter Urthi bald fortgehen wollen
und habe Abscheid genomen, die Wirthin¬
habe ihme im Forthgehen gesagt, Er solle.
Sorg haben, daß er nicht gebläpfet werde,
und Er darauf geantbortet, Er seyn keine.
Gefahr, Es thüge ihme Niemand nichts.
Als er hierauf mit der Anna Tofer, die¬
Riclauß Schönj und seinem Weib vom Wirths¬
Hauß hinbeyg, ein Schrack dee Weg hirauf¬
"gegangen, biß zu dem Scheid Weg, Allwo¬
der Weg von Bölligen in die große Land¬
Straaßfalle, da haben sie sich eine kleine
Weil aufgehalten, die beyden Weibs Bilder¬
Samblich</Unicode>
            </TextEquiv>
        </TextRegion>
    </Page>
</PcGts>
