3024 4032
289 3379 422 3481 Ants
324 2530 457 2634 Inot.
401 1778 509 1901 Frag
390 1908 514 1997 Auth
512 488 1573 702 Das gleiche außgeuiebet mit gleichen
566 640 1539 779 umständen, wie das erstere mahl¬
555 713 1529 904 das dritte mahl habe Er er auf der
539 839 1507 979 Weyd begangen, dahin der Knab¬
548 941 1535 1115 ihme gleichfalls nachgelosen, längen
547 1025 1536 1196 nicht als vier Tag nach dem 3 beyten
542 1114 1496 1243 mahl; habe die Sach alleZeit mit
522 1213 1418 1349 gleichen umständen vernebet.
525 1335 1552 1507 Der vierte mahl seÿn Ihme der Ruob¬
529 1439 1550 1604 enttlohen; Er Ihme aber nicht nachge¬
514 1544 1551 1682 loßen, zumalen es Sontag wäre, und
516 1634 1565 1776 andere Suben von Ferne dahar gekommen
540 1762 1566 1932 Wie Ihme dergleichen Sachen in Sinn gekommeen
533 1905 1563 2051 die Leute im Hauß haben vor den Kinderen
509 2004 1538 2132 offt mahls stobueste Sachen gezehlt, von
497 2105 1544 2222 denen er solches auch gehöret, dann sonsten
475 2181 1522 2320 es ihme nicht bare in Sinn gekommen.
497 2280 1529 2434 seye ihme herzlich leyd, daß Er Sich ge¬
473 2383 933 2516 weit vergeßen.
483 2509 1546 2682 Wiebohlen Er in vielem mit deß Knab
480 2638 1492 2762 Außag übereinkomme, sto Scheine
455 2738 1456 2840 es doch, daß. Er nicht durchaus die
434 2803 826 2942 Wahrheit rede
831 2842 1472 2962 Es burde Ihme.
441 2933 1441 3057 hierauff deß Hauflis Deposition
451 3034 1485 3153 abgelesten, mit befragen, obstich¬
437 3131 1493 3231 in der That nicht also verhalte, wie
422 3220 1116 3370 der Haupl außgesagt
445 3374 1478 3508 Erkönne in der That nicht anderster,
1306 3493 1417 3591 2l8
1679 660 1711 733 u
2652 505 2728 593 339
1765 597 2801 756 Als deß Knaben Deposition durchauß¬
1786 692 2837 845 wie er solche von Sich gestelt, bestätigen,
1777 774 2834 931 sto viel den Perstöhnlichen Fehler zwischen
1768 861 2730 991 Ihe und dem Kraben anbetrifft
1775 946 2722 1089 Belangens aber die Zeit,seit worn Er
1777 1032 2768 1189 mit diester Sach einngegangen, könne
1770 1120 2809 1261 Er Sich eigentlich nicht daran erinnere
1771 1230 2791 1379 glaube aber, es seÿe länger als Ein
1757 1333 2730 1512 Monat, wie der Knab angegehen.
1945 1469 2425 1608 Confrontation
1813 1559 2759 1670 1bischen Harißl. Müller und dem Inqudlten
1749 1599 2674 1748 Über den Umstand aber, da der
1740 1690 2701 1861 Inquisit hievor außgestagt, Er habe
1746 1784 2647 1911 den Knaben nicht in die Steben
1781 1855 2732 1959 sonder es seye ihme dahin nachgegangen
1743 1890 2374 2010 hinein getragen,
2375 1922 2744 2012 denne es habe
1741 1981 2691 2133 der Knab Sich Selbsten das Heinl
1749 2049 2732 2209 auffgehoben  Wurde der Hausl.
1740 2178 2733 2295 gegen dem Inquisiten Confrontiert.
1733 2256 2717 2380 Da verlantete Sich der Knab, er könn
1758 2352 2756 2497 wohl seyn, daß der denz. Ihne nicht
1750 2446 2767 2583 in die Stuben getragen, aber einmal
1725 2518 2747 2687 habe Er Ihme hinein geruffen, und
1751 2641 2748 2784 dann Ersstchon in die Stuben gekommen
1743 2738 2694 2863 sto habe Er nicht gelußt, was der
1739 2812 2665 2971 Denz mit Ihme machen wollen;
1730 2912 2747 3054 Bbetreffend aber die Aufhebung deß
1724 3016 2701 3142 Heimts, so erhielte der Hängl. dem
1730 3121 2666 3246 Inquisiten unter Augen, daß
1736 3213 2724 3340 Er ihme das Hein auffgehoben, nach¬
1733 3311 2654 3443 weme Er Ihne auf den Toden gelegt;
2548 3408 2668 3546 auß
