3024 4032
563 510 1554 718 Wohl Er stolle er freylich der Meuten
575 633 1540 778 sagen, damit Sie es dem Herrn
575 704 1527 862 Predigkant stage; draufseyn
569 791 1558 949 das Kind nach hauß boren, und
550 878 1530 1026 habe alstobald zu deß Durch Simon
552 968 1553 1139 Muter, welche da gebesten, mit iesen
551 1073 1530 1186 worten gesagt, krit d. der Denz hat
560 1140 1524 1267 nich vor dem Hauß an ein Arstee
538 1243 1504 1353 genommen, und in die Stuben
538 1333 1520 1471 getragen, hat mir das Zeug auf¬
533 1429 1501 1542 gehoben. Eben damalen seye
532 1505 1538 1663 der Reich Simon dorten vorbeygang,
527 1595 1478 1729 wordieß seine Muter ihme nach¬
513 1682 1507 1815 gegangen, und von deßentwegen
508 1773 1540 1900 gepalget, stagende, Er bare einsauberen
500 1886 1462 1984 Knecht, wann er solches verrebet
498 1953 714 2047 höcke.
835 1968 1466 2071 Hierauß habe das Kind
497 2058 1487 2163 ihra der Muter noch in fernerem
471 2131 1501 2257 erzehlet, der denz habe noch anders-
485 2233 1451 2350 genacht, aber er dörfte es nicht
478 2323 1487 2447 Tagen, auß Forcht, Sie schlage Ihns,
461 2425 1516 2528 als Sie Ihns aber geheyßen erzehlen
454 2518 1493 2639 habe es ihr die Hergangenheit gestagt,
464 2616 1436 2709 also wie es solche in nachgemelt
455 2696 1481 2814 seiner Außag abgestattet; Indeme
446 2786 1378 2916 um das Meitsch diese Sach alsto
427 2884 1419 3008 erzehlet, seye das Giebl. sein
427 2977 1482 3095 Behiderl. auch darzu gebommen, welcher
434 3051 1468 3188 alsobald gestagt, Er weiße wohl, wie
406 3135 1385 3295 das werde gegangen seyn, der
413 3266 1447 3398 denz Simon habe ihme gleiches schon
398 3376 1439 3493 zum druten mahl gemachet, das
1204 3459 1405 3589 let steh
1618 1715 1699 1819 3
2647 515 2738 597 317
1742 597 2796 730 Reste als 4te mahl aber habe er entfliehen
1762 682 2669 785 können, und Sich in das Roden
1739 755 2747 889 unbeschloßen. Das Meitsche habe
1749 837 2779 979 Sich anfänglich über etbag Schmeszens
1727 920 2770 1073 geblagt, Sie habe Ihres visitirl, denoch
1757 1020 2681 1136 nichts geschändtes auch bein dlut
1741 1087 2078 1223 versprihret.
2258 1142 2683 1247 Endete hiermit
1729 1201 2739 1327 ihre Außag, so Ihra abgelesten und
1741 1300 2648 1417 wortlich also bestätiget worden.
1751 1689 2729 1860 Asell. Muller, ebiger ezeuigen
1725 1805 2666 1953 Kund, zbrischen 5. mid 6. Jahr alt.
1716 1907 2496 2041 auf betragen, Sagt auß
1684 2056 2708 2241 Der denz Simon habe ihns unter ihren
1714 2191 2626 2317 Hauß thur hinbegg, in seine
1715 2289 2669 2390 Stuben getragen, dorten habe erihns
1709 2353 2678 2491 auf den Toden geleget, das Zeug¬
1720 2451 2666 2563 aufgehoben, hernach habe er stein
1714 2539 2688 2667 Blied vorgezogen, und solches ihme
1709 2617 2692 2773 dem Kind in die Schaam gestoßen,
1721 2744 2679 2864 und habe Ihns bey einer Stund-
1721 2829 2653 2948 lang also gehalten, Er habe ihme
1708 2926 2673 3060 soehe gethan, es habe gesucht dannen
1690 3027 2683 3151 zu kommen, aber es habe nicht
1707 3126 2698 3251 können, der denz habe Ihns nicht
1708 3204 2714 3342 wollen laßen gehen, und steye über
1691 3296 2721 3418 Ihns gelegen, Es habe nicht geblutet,
1722 3392 2705 3494 aber es habe an dem Heins Naßel
2443 3447 2709 3585 geschwötz
