3024 4032
337 1873 410 1998 S
351 2007 403 2090 O
356 1245 434 1332 Si
368 1519 418 1597 A
357 414 478 525 150.
390 479 1498 644 A. Bezeuge, daß es nicht vermuhtet, daß er¬
478 575 1498 692 um die Genist zu thunsteye, bohl habe
485 656 1522 788 es das Kim gestühret, aber beiters, nchte
466 715 1504 859 gemihtmäßet; Anbey habe es eigens¬
463 805 1504 946 lich auch nicht gebußt, seit bie langer¬
471 884 1471 1021 Schlänger steye, beilen es beständig¬
475 946 1483 1100 mit ihme dem Klindenauf und Nieder
459 1045 1405 1179 gegangen, so habe es das nicht recht
467 1133 856 1251 wißen können.
466 1224 1477 1358 Ob die Jungfraubsto beÿ Ihme gelegen
443 1307 1498 1433 Ihns niht gefragt, da die Ihns alstogeschen
459 1387 1216 1522 bald auf bald Nieder gehen.
460 1485 1489 1640 Es habe der Jungfrau gestagt, der Dauch¬
468 1564 1483 1705 thüge ihre Sehe, beiters habe Sie Ihne¬
447 1650 1345 1791 mit gefragt, auch stonsten nichts.
438 1747 676 1877 gebußt.
443 1850 1459 1998 Mann es hernach Kindbetterin Borden
436 1995 1451 2120 Erst ein benig nach 6. Uhren; die Jung¬
418 2059 1458 2199 Frau stere schon um 4 Uhr aufgestanden
412 2137 1456 2267 gahn Welchen, und als Sie wiederheims
400 2223 1429 2347 gekommen, habe Sie ihme etbann um
415 2306 1468 2427 6. Uhren ein benig Suppen ins Sath
400 2386 1472 2520 gebracht, Nachwerts seÿn die Jungfrau
400 2465 1451 2616 nochmalen hinauff ins Gaden gebommen
372 2553 1415 2689 habe den Strahl genommen, und erst
380 2638 1397 2757 sernach habe es das Kind bekommen.
296 2743 380 2870 B.
392 2739 1192 2931 Wir es hiermit zugegangen?
304 2851 1467 3038 A. die großen Schmerzen haben Ihns getrie¬
388 2960 1416 3104 eblen, daß es stats aufgestanden, und
394 3040 1445 3194 in die untere Stuben gegangen, da habe
370 3116 1392 3280 ihme die Meisterin gestagt, es stolle
367 3224 1415 3369 ein Nacht-Gshirr mit ihm herauf¬
371 3296 1452 3447 nemmen, und sich im Selt still halten,
1310 3417 1419 3531 Soc
2677 390 2785 512 151.
1692 482 2777 677 So habe es ein herdiges Nacht Gstihern
1689 608 2764 744 horauf genommen, und steye darüber¬
1691 678 2756 825 gestanden, und daßeyn ihme das Kind¬
1699 755 2693 903 und alles mit einander gekommen.
1588 850 2706 1023 E. Ob es das Kind in das Nacht gftehrer
1684 948 2078 1069 empfangen?
1600 1027 2728 1182 A. vad Kind steye mit dem Kopff auf das¬
1677 1124 2767 1261 vort deß Nacht Gstchirrt gefallen, allda
1676 1195 2759 1343 esstelbiges ligen laßen, ohne etwas daran
1671 1274 2028 1410 zu machen.
1571 1372 2417 1569 Hu. Wad es hieraufgethan:
1588 1520 2749 1687 4. Es steye ein wenig auf das dett gelegen
1684 1609 2760 1761 um nicht lange hernach seye es herab
1675 1693 2743 1827 in die Kuch gegangen; Betorderst
1675 1784 2757 1917 aber habens das Gstchirr und das Kind
1671 1854 2632 1979 mit einem alten Hembd gedecket,
1669 1952 2702 2076 damit nicht etwann die Razen darzu
1653 2018 2737 2166 kommen, und habe es unter das Badt
1660 2109 1953 2240 gestoßen.
1582 2221 2755 2369 3r. Ob es die Nabelstihnur nicht verbune
1662 2305 1840 2394 en2
1584 2398 2706 2539 A. Vbein. Es habe nichts daran gemacht.
1594 2481 2747 2657 Bn. Ob es dann die Wabelstchnur nicht abgehaun¬
1598 2618 1642 2692 A.
1662 2589 2714 2753 Wein, Siestege herrißen es habe Völlig.
1667 2689 2283 2816 nichts daran gemachet.
1560 2756 1645 2899 S
1672 2765 2642 2941 Ob es das Kind nicht aufgehoben und
1672 2865 1947 2972 bestchanet:
1573 2966 1649 3040 A.
1656 2936 2739 3094 Mein, es habe es mit in die Hand genommen
1669 3039 2333 3144 noch sonsten betrachtet.
1552 3102 1650 3216 H.
1669 3111 2400 3263 Ob das Kind nicht geweinet:
1570 3206 2730 3350 A. Wein. Es habe es mit gehört greinen.
1558 3302 2713 3469 Br. Ob das Kind Tod oder Lebendig gebesen.
2573 3455 2699 3542 Kih
