3024 4032
102 114 253 234 34.
175 396 310 519 R.
169 561 270 673 D.
181 766 273 851 e2
169 927 255 1049 2.
147 1245 270 1337 R.
140 1390 227 1492 2.
106 2094 233 2197 R.
88 2730 181 2841 2.
27 2804 241 2922 Insiste
382 426 1400 658 Quil nesenlouvendit pas, maio quere¬
377 507 1408 726 uetoit pas benucoup, aiant receu enavam
363 581 1348 765 Quie disoit avoir prisse lariviere a
365 656 1398 848 Lichenbuch, et que cependant personeno
370 713 871 805 vouloit Cavow vu
346 783 1354 952 due cetoit in Gaisan portant grosses
359 852 1083 974 Culottes, qui Cavoit passe.
343 951 1382 1117 Quie devoit avouer fie uavoit quo comiolo
370 1018 1372 1164 Vol, Canuit du 5. au 6. cheo M. de Moyri¬
357 1077 1404 1238 quie voqoit bien partoutes lesirconstan
348 1131 1276 1277 zue malgre sallegative il enserat
347 1194 679 1267 couvainen
331 1261 1368 1428 Quie nelaroit point fait, et ue sauroit
332 1328 615 1425 Cavouer.
337 1385 1351 1554 Tuil nexpent mier detre arrive ici, aiant
337 1477 1348 1602 passe a lasapeterie, et lelien quie a
336 1533 1365 1674 defigne pour sa Couchie nepistantpas:
343 1610 1362 1721 nonplich quedavoir passe lebon malin
334 1664 1374 1786 aCapelen, Guemine et Morat ou il afait
340 1713 1310 1834 voir sonlerggent, consistant dano les
338 1760 1350 1887 memes eoneces, et les Courses qui ont
317 1826 1330 1939 ets wolech alr deMouri et tout eela
334 1897 1316 1990 estarrive le Mecredi 6 leudemaindu
328 1942 1328 2046 Vol comi pendant lammit precedente,
322 2002 1335 2109 quainsiavant quedele fanr convaince
326 2050 1065 2159 ie doit avouer et confesser
307 2130 1325 2225 Quie persiste denavoir pero ete dauola
328 2204 1326 2271 Bille, quie naeuque sapropre Boupse
325 2259 1285 2335 Eönge et verte, quie narvit point de
297 2302 1347 2396 Diecettes, que loretoit alui depiio lougtems
304 2367 1326 2439 et que cest Calame quilui a Mhange des
304 2437 1321 2518 pieces de cing batz pour 1 Fraues, que
302 2472 1279 2581 Detoit le 5. et non le 6. quie avoit eti
304 2534 1317 2635 a ces eudroito la, que cest la la verite et
295 2597 1274 2699 quie uapoiut comio levol, etquil ne
299 2666 802 2760 Cavouera jamars.
308 2733 1290 2863 Sie ofsit persister amer tous les faito¬
303 2820 1293 2918 Curlesquels onvient de Cinterroger;
298 2869 1329 2972 quie devoit reflechir que son opiniatiote
296 2921 1306 3031 nesauroit lii servir, pu quou eloit
305 2981 1333 3072 in etat dele convaiuere et delui prouvar
297 3039 1311 3131 article par Artieletous ces Faits Quil
286 3100 1279 3201 docten meine teis considerer, que
296 3147 1297 3271 quand ie naurvit dantre prime, que
288 3220 1275 3328 davoi tue son Conducteur de queta
277 3270 1231 3389 pens, ie seroit roupablsde morti
281 3326 1261 3463 quaiusi il doit songer a sonsalut, et
284 3405 1258 3514 comencerfarepentanee, war im aren
272 3463 1159 3588 Cibre et volontaire de sesCrimes.
964 3554 1109 3641 Quil
1490 593 1598 702 ob
2653 121 2797 219 891
1649 456 2721 682 Juie hait bienquie a merite la Mort nour
1647 507 2692 724 avotr comis ce Meurtre, et quie subirele
1646 556 2766 772 chätiment, mais quie ne peut avouerdavir
1636 629 2732 863 Cait cetol, quon pourrafaire deluitont
1642 777 2153 902 ce que con voudia.
1646 940 2752 1117 et Interrogatsire aiant ets lu aunpriminel, ila
1655 1000 2744 1170 confirme seo Repouses danstout Leurcontenn.
1614 1145 2574 1316 Faitdausles Prisous le 23. Acut 3753.
