3024 4032
241 2248 390 2386 Furg.
248 2604 405 2781 Auti
229 3002 381 3145 Ro9
308 303 436 419 178.
304 821 452 940 Ants
451 409 1561 678 Seharst- Richter hervor geruhten dind
448 559 1528 750 der Inquisitin vorgebinsten, mit bieder¬
434 650 1503 818 solten ermahnungen, die Wahrheit in
447 728 1333 885 Toctes nahmen zu bebennen.
464 844 1508 1031 Es beharre, daß es die Wahrheit nach
454 947 1498 1110 bestein Wißen und gebißen geredet,
432 1030 1515 1185 sto bahr Gock im Himmet lebe, allein
438 1126 1541 1295 es habe schon oben gestagt, bey dem Kiese
448 1223 1467 1347 Gebümen könne es villeicht das Kin¬
445 1316 1514 1455 getruckt haben, bann es auf einem Ast
442 1389 1495 1546 gelegen, doch ohne bosten kinn begen
430 1488 744 1595 dem Kind:
392 1587 1474 1769 Hier Wff Bunde die Inquisitin zu
413 1705 1529 1837 der Golter geführet, und da ohngeachtet
418 1780 1451 1928 alles zusprechens und Ermahnens¬
412 1874 1453 1983 Die auf Ihren obigen Außaagen
398 1951 1497 2062 persisttert, burde Sie auf der Fellette
411 2026 1434 2199 gestehet und gebunden, daniethin
421 2137 1132 2271 auf ein frisches gefraget.
430 2250 1524 2386 Ob stein Kind in der Geburth keine Lebeni¬
385 2341 1488 2487 zeichen von sich gegeben entbeders daß
396 2439 1454 2571 es geburret, geschreyen, gehablet, oder
394 2522 1070 2664 sich sonsten gerühret.
439 2654 1466 2780 Mbein. es habedeßen gänzlich nichts
394 2733 1471 2878 gehöret, gestehen noch gesführet; Er
379 2827 1447 2964 habe V6r9H die Wahrheit gestagt,
371 2913 1469 3016 und böune nicht ein mehrers sagene
392 3015 1482 3171 Ob Er vor Godt und der Hohen Oberbeit
365 3095 1467 3233 stagen und mit guten Gebißen bezun¬
383 3145 1479 3313 könne, daß es das Kind nicht gegriffen,
356 3267 1431 3426 getrückt oder gebürget, noch stonsten
358 3350 1443 3540 et bas vorstezliches vn ihme gemachet
1233 3454 1433 3576 Antlo
1607 1463 1674 1550 1.
2726 328 2856 458 179.
1615 446 2767 670 16 a. das dorste es mit gutem Gebißen
1694 574 2742 730 Nagen, es habe völlig nichts andem¬
1705 678 2845 831 Kind gemachet, äußert bie schon gestagst,
1701 767 2820 870 daß es billeicht das Kind auf dem Daum
1711 860 2805 1004 konne getrucket haben, aber ohne Vor¬
1688 930 2462 1091 sah, es stage die Wahrheit.
1627 1050 2832 1194 B. Warunes dem Kind die Wabelschnur nicht
1689 1150 2746 1294 zu gebunden, ob es nicht dardurch im
1704 1237 2740 1381 Dien gehabt, daß sich das Kind zu Tod
1690 1336 1994 1439 Verblute?
1693 1415 2813 1553 Mein, es bezeuge nochmalen, daß es nicht
1700 1507 2781 1632 gebußt, daß man die Vabel-Schnur¬
1695 1580 2317 1721 habe zubinden stollen.
1693 1684 2808 1797 Bier burde nun Substotirt, Nachdeme
1672 1758 2772 1914 ie Inquisitin bey einer viertel Stund¬
1704 1847 2712 1994 lang gebunden auf der Solter Damb¬
1683 1970 1963 2087 gestoßen.
1845 2055 2796 2206 N. zu betrachten, daß die Inquisitin
1686 2131 2765 2284 in dieser Schreibhafsten Stuation über
1688 2227 2674 2352 alle vermahnungen und fraagen
1694 2287 2700 2458 recklich und viel resoluter als vorher
1689 2397 2065 2529 geantbortet.
1802 2525 2689 2667 Alsto abgelesten und Confirmirt.
1683 2631 2700 2771 Actum in der Oberen Gefangenschafft
1694 2718 2404 2873 den 30. z August 1457
