3024 4032
145 2975 235 3111 I
181 2117 257 2260 6.
106 256 266 369 124.
310 410 1279 594 Herj habe sich eine Ceil hernach fort
307 544 530 639 begeben.
307 570 1325 747 ob Er gestehen den Berj den Streich schlage¬
196 606 273 710 8
319 692 1325 835 Ja, ed habe Ihne gedunkt, der Heristrale
182 710 273 828 d
310 770 1341 917 gleich sam nur die Faust unten auf gegen
305 843 1308 979 den Bürg, aber den fahl habe er hierauf
305 914 1165 1035 allsobald gehöret, doch nicht gestehen.
310 992 1301 1128 Ob Er nicht gehöret, daß man dem Kei¬
201 1001 258 1112 B
292 1065 1276 1189 zugemichtet, er habe etwas in der Hand
297 1162 544 1254 gehalten.
187 1234 1330 1370 R. Ja, darvon seÿn geredet worden, es habe
289 1303 1290 1441 sich aber der Herj verstrochen, auch sich
292 1378 1319 1488 ersuchen zu laßen Anerbodten; Man
286 1454 1323 1577 habe aber Gemihtmaßet, es umeße der
304 1528 1262 1645 Bürg in dem fahl den Kopft auf den
302 1614 1006 1722 Zaul Angeschlagen haben.
1125 1625 1262 1718 diß
286 1676 1222 1800 seyn seine gelßenhaffte Außaag.
296 1750 1277 1887 Weiters Cuße Er hierüber nichts zu
273 1839 505 1935 Zeugen.
356 1910 1055 2058 Abgelesen und bestähtiget.
277 2124 1249 2280 Albrecht N08I. der Chorrichter
273 2225 606 2324 zu Seedorffe
280 2296 1279 2422 Bessaftigte auch von Wort zu wort steine
281 2390 1150 2495 in A. 174II. gegebene Declaration,
286 2455 1264 2563 darbey er mit gutem gelaßen Verbleibe,
267 2556 1285 2653 kügte hinzu, daß er gestehen, daß ehe der
278 2611 1251 2716 Berisich zu Wehren begehrt, der Burg¬
274 2688 1262 2796 theils mit Worten und zwey oder drey
274 2755 1269 2867 Mahlen mit Kläpsten den Ger Ange¬
275 2828 1283 2940 geisten, darauf Endtlichen der Ber;den
274 2905 1094 3033 Anglüblichen Streich geschlagen.
265 2995 1211 3122 Ob nicht Er Gezeug selbsten den Berl
280 3079 925 3194 Ermahnet sich zu behren.
268 3164 1196 3286 Er habe Ihne Traecise nicht ermahnet,
267 3246 1245 3357 wohl aber habe Er gestagt, ban es Ihne
263 3311 986 3437 Antruße, er hädte sich gebehret.
1028 3395 1250 3530 H. Was
1448 1664 1571 1800 Rgl.
1507 549 1559 652 8.
1497 780 1559 894 8.
2587 260 2738 384 125.
1598 475 2686 629 Sad der Anlas deß streidts Zlouschen dem
1614 545 2719 712 Burg und Ger; und Belcher der Anfänger
1596 677 1853 785 gebesten.
1607 704 2727 855 Was der Anlaß gebesten, das habe er eigent¬
1579 789 2712 959 glich nicht gehöret, aber bohl habe er gestehen,
1604 888 2690 1022 daß der Bürgj der Anfänger gelesten,
1601 942 2614 1104 1 bohl mit Worten als mit Werben.
1610 1031 2661 1182 tin mehrers Cöußte Er hierüber nicht
2022 1111 2696 1249 Endete seine Außang.
1587 1149 1917 1266 zu Zeugen.
1726 1204 2475 1377 Abgelesen und bestälstiget.
1588 1445 2707 1610 Jacob R Ot der Schulmeisten zu Seedoß
1597 1571 2124 1690 deß obigen Bruder s
1590 1661 2631 1788 Er habe über diese leidige begebenheit
1588 1747 2676 1870 anders nichts zu Zeugen, als bas Er grad
1592 1814 2682 1934 anfänglich in A. 1744 hierüber außgesagt,
1582 1906 2693 2020 welche Außaag, so Ihme wörtlich abgelesten
1589 1977 2653 2097 worden, er hiemit bey gutem Gebißen
1573 2050 2705 2184 durchaus bestöhtige; Mit dem beÿfüngen,
1572 2126 2635 2248 jehdoch, daß der Der nach gethanem
1574 2195 2673 2321 Streich auf den Bergi, sich allsobald bider
1580 2265 2675 2411 an Sein Ohrt gesetzt, und daß Er Einmahl
1585 2345 2691 2486 nichts in seinen Handen bahrnemen könne,
1580 2425 2541 2551 darmit Er möchte geschlagen haben.
1585 2504 2679 2626 Ein mehrers seyn Ihme hierüber nicht
1561 2582 2682 2732 bebant. Endete hiermith steine Außaag
1660 2654 2375 2813 Abgelesten und bestähtiget.
