3024 4032
154 230 305 319 70
208 758 290 848 2.
209 880 290 978 2
210 1015 291 1122 2.
195 1161 314 1292 R.
382 450 1346 612 bi entrecing deus Rolsi dela achieir
377 547 1370 668 an Diner deus Lots, et a WylerOliigue
371 610 1409 753 encor une bonteille, tellement aue montum
364 648 1346 770 depuis le, la Montagne, latumee du¬
380 715 1353 830 vin Cavvit quasi empeche devvir clair
372 781 1273 870 Siles Archer uavoient puis paru
367 828 1327 931 pareillement avoir pris tropderiu
341 892 1358 1018 Quil neCapas remaryue, maio qua
362 966 1382 1077 Caverite ie uetoit pas eu etat den juger
367 1045 1373 1176 ComentlAfaire setort passee lon quil
358 1110 1161 1209 trouvale uvien desechaper
368 1178 1363 1314 Une Temme quonavoit prio pour porte¬
347 1249 1341 1365 ses Bardes, les avoit jettees dedessus sa
358 1323 1327 1405 tele disant quellevouloit leo attachei
352 1376 1374 1489 pourles vorter antzement, en quoi lun
346 1418 1313 1530 des Archers lin avoit aide, euviron
340 1490 1317 1599 dis pas derriere lui Detenu, quise
342 1552 1359 1657 trouvoita cöte de Cautre Archer, Et¬
349 1607 1318 1713 come cettefeme nepousvit venura
346 1665 1322 1770 bout de rdchurger von Säquet, ce¬
340 1718 1337 1819 dermer avvit pose son susie dabord¬
350 1782 1334 1874 a eote delui, et etoit allle en arriere,
332 1849 1339 1943 preo de ce Saquet, pour aider Desorte
332 1899 1339 1999 que setant trouve tout leul a portee
329 1959 1309 2051 de preudre ce Jusie, de Cendroit on il
331 2025 1308 2126 etoit, Cechaufement dur infui avoit
322 2082 1246 2184 fait taire reflexion, quonalloit
337 2160 1308 2244 Semprisouer: cequi ledeshonoreroi
325 2219 1298 2293 ches lui; que malheureusement ces
325 2280 1314 2361 causes Cavvient determine a lafuite.
329 2338 1271 2427 siant donc arie lefusil, il dit aus
325 2391 1308 2467 Archers quie vouloit senaller Sur
315 2442 1274 2526 quoi Carcher Berman, Caiantvu
323 2512 1351 2579 courit contre lui, et aladistane deuviren
325 2562 1260 2657 4. a 5. pus, il lui Cachale coup, jetta
325 2608 1325 2720 aussitötle fusie, et courut dauo leboio¬
310 2677 1231 2778 quapreo su etie enfonce, il su etoit
313 2739 1327 2836 arrete jusquala mmit, qui a causedela
309 2806 1343 2899 pluie qquie faisoit, etoit forb obscure I
316 2854 1352 2959 passucnonite le pout de Gumine, portant
289 2912 1329 3026 ses soulien ala main, afindemurcher¬
301 2994 1287 3083 vlus doucement, quil avvit demandeen
314 3044 1303 3145 dela du Sont, anne Maison fort proche,
308 3098 1301 3193 du Sam et delCauquon lii avoit donei
308 3162 1291 3249 quil avoit passe la miit vis a vio, dano
302 3234 1316 3326 une Maison nonvellement bätie, qui uetoit
302 3279 1300 3379 vus encorachevee ii habitee, que le¬
311 3334 1238 3439 endemain degrand matta, il avoit
298 3384 1234 3493 repasse le Sont, etoit retourue par O
1089 3476 1260 3535 Milien
1493 1379 1552 1490 2.
1489 1503 1569 1605 R
1492 1862 1557 1959 2.
1483 2107 1572 2210 R.
1493 2232 1568 2334 D.
1497 2997 1575 3105 2.
2653 139 2764 247 71.1
1634 398 2756 596 milien duvillage de Wyler Olugue, et alleen
1631 479 2745 657 drviture contre leMarais, evitant eependantet
1635 536 2742 714 Caissant aladrvite levillagedephietze, que
1631 612 2660 764 tout pres duMarais, pendant lagrande
1628 633 2770 830 chaleur, il Setvit repose et couché derriere uu
1644 708 2748 893 huisson, jusques contre lestrois heures; quar
1637 762 2722 936 lon il pussale Marais endroiture, et etant
1632 835 2741 970 arrive an Village de Sreiten, i ydemanda
1637 887 2748 1029 in pende lait, quaiant ete reconu, in Bome
1643 950 2751 1094 in demandu pourquoi il uvoit tuerce Prevöt.
1646 1014 2752 1128 qui voulut Sabord mer que cesut lui, inis que
1628 1064 2745 1190 Cautre aiant insiste, il prit lahuite, quoului
1635 1108 2761 1247 avoit couruapres, et que comet il etoit preo du
1621 1182 2758 1320 Dois, in Bomelni avsit läche unsoupdeSusil,
1634 1264 2473 1375 qui lempechade courir plus loiu.
1622 1332 2717 1470 Quilui adoue cegrandlon, qui Cetoit trouve
1635 1418 2383 1534 daus sespoches, en arrivuntici¬
1632 1492 2692 1604 Quie Cavoit dejadepuis fort lonatens, lui¬
1630 1550 2676 1652 Cervant aouvrir leCaddnat de fon Porte
1633 1621 2715 1690 Manteau; quelaiant Couille ad Plaise
1634 1665 2697 1763 onne Cavoit pus aperc sauo doute, purce
1636 1725 2709 1811 quie leportort alapoche delontre daus la
1628 1801 1822 1879 Ceinture
1625 1859 2767 1968 Juaiant ete souille, il nest pas vrachemb lable.
1639 1956 2731 2014 quon neut plis apercu cexlon, quie doit dire
1634 1995 2571 2080 laverite, et si ou nelelui a pas doue a
1639 2050 2491 2122 Weyermanshaus, euarrivant ici.
1621 2115 2670 2244 de proteste quenon, et quie adit laverite,
1625 2234 2727 2372 Quelesauses quiedisoit Carvir determine
1636 2316 2739 2435 ächercher hafnite, et particulierement atuer
1636 2366 2740 2490 ConConductenr, uetvient pus vruisemblableo¬
1638 2432 2673 2548 quil en avoit dautres plus importantes,
1624 2477 2757 2617 saus quoi il uauroit pas erait sifortdaller
1633 2546 2638 2658 cuprisou, quil etoit donc serieuseluent
1631 2602 2754 2742 exhorte afaire unelibue et sidele Confession
1623 2637 2750 2818 desruisous quie avvit en de eraindrexempri¬
1635 2703 1890 2777 fouement.
1640 2750 2747 2941 Quasurement il ny eua pas daubres, et ueut
1630 2837 2762 3010 ete leviu, ie uauroit pus craiuc dese dechargen
1637 2894 2684 3056 des soubeous, quelou ervioitawir coutre
1628 2955 2743 3133 lui, et desaire voir a cet egard, son innocence¬
1635 3022 2737 3241 Vicela est pourquoi il avoit doue eraint de
1618 3093 2673 3285 se constituer en Srisow, quie sarvit bieu
1624 3165 2671 3345 que Conue condamnoitanam Innocent,
1630 3229 2658 3410 muns quil saloit necessairement quil se
1608 3271 2748 3467 sentit coupable de crimes graves, pour avoir
1620 3311 2756 3520 ose tuer quelquum, afin desesauver dautant
1624 3390 2702 3582 vlusfaclement, quie devoit rentzer en lui¬
2531 3572 2689 3674 Meme
