3024 4032
220 393 304 503 30
258 431 381 564 9u
204 776 401 901 Grag at
281 1285 357 1401 B
397 340 1387 546 kamen, m Johanes Müller
383 482 1221 669 in Confroniatione Gegen den
533 591 1090 743 Kraperibusl
432 742 737 884 Riehler,
384 827 1334 968 Ob Er nicht gestehen müße, dem Krägen¬
392 925 1302 1051 bühl auch gesagt zu haben, Er könne die¬
377 1009 1280 1136 nülen Thaler beis sieden, solle nur et¬
366 1097 1293 1217 an 20. solche machen, Er wolle selbige¬
373 1181 858 1301 dan schon loeis sieden?
397 1271 1349 1397 kein, darvon habe er gleichfalls kein Mort
375 1376 550 1474 geredet.
389 1429 1365 1585 Hgauff bethenente der Rragenbut
391 1529 1314 1651 Funter Angen deß Riedlers, daß
386 1618 1344 1726 treylich, Als sie einsten mit Einander som¬
369 1692 1257 1819 Neuls Hauß fortgegangen, Er ihme Vor¬
361 1765 1323 1887 schläge gethan, Gelt zumachen, und nah¬
367 1849 1304 1967 mentlich solle er 20. nübe Thaler als ein
374 1921 1350 2056 Prob machen, da Er Riedlig dann selbige
371 2032 1332 2112 weis sieden wolle. Und noch mehrmahlen
365 2081 1257 2195 habe er ihme von solchen Sachen geredet.
342 2183 1372 2347 Dießes aber verneinete der Riehler¬
379 2305 849 2414 gleichfalls und sagte:
364 2378 1298 2497 Er habe im Gegentheill den Kräyenbühl¬
367 2455 1322 2560 offers gebahrnet, wan er mit Silber und
365 2533 1329 2644 Jießen umbgehe, Einmahlen kein Gelt
354 2611 1354 2716 zu machen, beilen dießes Halsbrechend
361 2676 1311 2794 seÿn, berde darauf leben und sterben,
343 2757 1326 2926 Histemnach berden beyde Bieder
449 2885 921 3010 an ihre Ohrt geführt
437 2990 1138 3143 Abgelesten und bestätiget
371 3129 1316 3291 FactuM in der Oberen Ge¬
374 3253 1281 3397 Gefangenschafft den 7. ten May.
355 3315 585 3440 1753.
1872 427 2145 568 Gotl.
1671 565 2641 697 An Mebosh ProßWeibel Esinger und¬
1680 665 2282 779 BrichtSchreiber von Erlach¬
1686 762 2693 931 Da Meine Bnadige Herren und
1690 876 2705 1011 Oberen Räth und Büyger Hans Krägen¬
1665 955 2625 1064 buhl den Schloßer von Läuperslöyl, begen¬
1665 1037 2667 1138 seines in dem Schloß Utzigen Verübten¬
1655 1102 2682 1216 Nächtlichen Einbruchs und Diebstabls nicht
1668 1182 2670 1290 nach der Schärpfte ansehen wollen, sonder ihme
1664 1248 2700 1361 das Leben in Gnaden geschencket, ihne aber
1650 1328 2710 1440 für 20. Jahr so wohl aus Hhr Brrasen Stätt,
1668 1409 2704 1489 als Dero Mediat und Imediat Landen als
1658 1494 2682 1595 auch aus sämbtlicher Löbl. Eydgnoßschafft,
1658 1546 2689 1644 zugelandt, und Benachbahrten Ohrten deß
1668 1609 2710 1724 Bißthembs Sasel und Niubinburg banisiert,
1667 1695 2674 1794 Als werden deßen Ihr Herr Broßleibel und
1655 1763 2684 1865 Herr BrichtSchreiber hiemit verständiget, und
1663 1836 2671 1937 Euch aufgetragen in folg der Urtheil diesem
1660 1903 2682 2012 Krägenbühl den Banisations- Erd zu Inti¬
1661 1982 2723 2073 imieren, Wie Zuthun ihr Bestens wüßen werdet,
1651 2044 2686 2189 REctum Coam 200. den 28. May.
1667 2143 1869 2235 1753.
1968 2215 2181 2321 Josl
1661 2293 2550 2447 An Mecsh die Eats.
1655 2405 2691 2542 Sie deßen auch berichten, mit frendlichem
1661 2500 2647 2610 Gesinnnen, nach eingeführter Übung, die Lobl.
1660 2556 2652 2680 Eydtgnößisch, und zugelandt, bie auch be¬¬
1656 2630 2683 2749 nachbahrte Ohrt dießer Banisation zu Avi¬
1661 2714 2604 2822 Sieren, damit dem Krägenbühl in Dero¬
1658 2777 2585 2888 Landen kein Auf Enthalt gestattet werde:
1650 2852 2672 2979 zu welchem und deßen Signalement hier mit¬
1657 2922 2659 3056 kom̄e, umb dinen Eircular Schreiben Beÿge¬
1636 2997 2660 3112 pfügt werden zukönme. Actum Coram
1645 3076 2456 3214 200. den 28t Maÿ. 1753.
2643 364 2746 466 31
