3024 4032
395 371 538 453 250.
661 365 1449 538 & Contumar Nrtheil
517 478 1533 699 1die Schultheiß Rustund
563 636 1470 769 Burher der Stadt dern, Ar kunden
547 720 1480 872 hiermit; demmenach Wir auß dem
563 822 1456 937 Auß abgelestenen In formationen
569 909 1526 1058 und Kundtschafft= Anßaägen erbahren
569 1006 1485 1149 müßen, daß Freytags den 2t. Z 86ri
560 1104 1495 1233 Eetsthin, Abendts um 8. Uhren, Herr¬
544 1206 1514 1340 Hierommuß Sellenberg, Bürger der Stadt
564 1303 1438 1416 dern, deßen Traurige Wahrzeichen
532 1389 1487 1540 gegenwärtig bey der Stellstim, von dem
525 1491 1431 1611 Wannel Euch, auch Bürgen der
531 1577 1443 1704 Stadt dern, allhier in der Stadt auf
518 1676 1491 1798 dreyem plaz durch einen digen Stichaeso
530 1791 1525 1900 verlundet worden, daß nach der Relation
506 1863 1480 1987 medio Chirurqua, Er herr Fellenberz¬
522 1959 1411 2091 Vibontag darauf um Miternacht
515 2061 1495 2169 an dieser seiner empfangenen Wunden
508 2158 1473 2266 Todes verblichen, dahero Er Erannel¬
497 2243 1464 2364 Ruz als Bethäter sich auf flechtigen
1070 2340 1428 2452 Alß haben.
498 2362 863 2483 fuß gestehet.
484 2435 1476 2563 Wir nach anhörung obbemelter deß bey
493 2542 1436 2668 aufgenommenen Informationen auf¬
480 2642 1368 2778 gethanen Rechtsah bey Äußeren
481 2726 1343 2879 Eyden zu Recht Erkennt und
688 2831 1110 2980 Besprochen.
444 2911 1462 3102 Weilen der Bethator Emanuel Luzsich¬
463 3060 1412 3171 flüchtig gemacht, in maßen Er beder
460 3126 1440 3263 an dem Ersten, Anderen noch dricen
442 3227 1443 3353 Land Sag auf die öffentlich beschehenen
450 3324 1367 3455 Kurft Sich nicht tir Recht gestellet
1254 3369 1379 3513 And
1685 2911 1764 3003 F.
1692 3162 1745 3277 3
2717 414 2837 494 251.
1799 542 2815 683 Und über diesen Todtschlag sich versproch¬
1814 646 2750 757 und verantwortet hat, daß gedachter
1799 713 2785 834 Emnanuel Lutz von dem Fried in Un¬
1805 790 2810 921 frieden, von der Sicherheit in die Ansicht
1805 878 2806 995 heit Erkennt, und allstein Buck zu handen
1792 960 2766 1090 Mrghl. und oberen verfallen seyn,
1800 1055 2777 1162 Anber der Rethäter der Stadt dern Land
1791 1140 2745 1285 und Bebieth für Ein Huusert und Ein
1788 1236 2689 1350 Jahr verlohren haben, und Selbige
1797 1328 2761 1455 Jurohin nicht mehr betrecken, auch (bo
1794 1418 2735 1546 Er darum betrecten Burde:/ Nach der
1792 1503 2743 1632 Stadt dern Recht und Sahung mit dem
1799 1603 2760 1751 Schldrt vom Leben zum Tod hingerich¬
1770 1698 2747 1825 tet berden stolle. Heben in Außer
1773 1767 2773 1950 Großen Rahts Verstamblung d. 12. Z.
1774 1879 2179 2034 December 1757.
1787 2023 2683 2199 Jedul an Meghl die Roht
1751 2178 2743 2316 Selbigen Obige Urtheil Kund machen
1787 2270 2655 2375 Damit Sie nach derselben Intent
1781 2347 2637 2474 deß Emannei Lutzen Büter
1784 2425 2664 2558 als confiscirt zuhanden nomen
1995 2591 2475 2746 Formulare
1744 2708 2606 2844 Dieses Witten und letzten
1852 2811 2553 2940 gehaltenen Landtagt.
1835 2924 2708 3052 in Kleider deß Entleibsen lagen
1783 3006 2700 3125 in der Großen Stuben bey den
1761 3100 1945 3210 Krnt
1773 3164 2638 3294 Ihr Sondl. Hh. Amtt Schultheiß
1767 3236 2703 3361 thate die Ptoposition und eröfnete
1786 3326 2372 3449 Bardem ed zu thiun
