3024 4032
376 373 517 496 234.
484 505 1472 689 Wüße ein mehrers nicht, und endete
488 634 1533 798 hiemit Ihre Außaag, So also abgeleßen
491 719 1396 851 und von Wort zu bort bestätiget
493 822 720 895 worden.
557 880 1465 1014 Aictum den 2en Novembris 1757
437 1257 1497 1473 Junter Carl Striger dach Capi¬
454 1411 836 1501 ver Dectariert.
451 1648 1476 1782 Erst bamstag Morgens gegen 9. Uhr¬
445 1762 1469 1855 habe Er durch ein Message von Fraub¬
448 1837 1480 1970 Fellenberg seiner Geschwegen vernomen
436 1944 1421 2065 der Herr Fellenberg seyn unräßlich,
431 2046 1471 2167 zudeme aber die Magdt zimlich erschroben
419 2148 1383 2244 mer beis die Kramckheit eine Colie
413 2231 1450 2370 gereinet, und darüber von sein depl.
406 2342 1436 2471 Frau demahlin über die Wahrheitder
417 2444 1474 2585 doch gedruckt burde, stagte es in geseim
403 2581 1445 2686 daß in der That der Herr Selbenberg nicht
407 2653 1428 2777 eine Colie, sonder eine Wunden habe,
415 2750 1395 2875 und daß Doctor und Schärer die ganze
397 2858 1359 2984 Nacht bey ihme gewesen wie auch
389 2961 1322 3105 Mhghr. heimlicher Kellenberg.
370 3067 1398 3208 darauf Er depl. sich alsobald erstlich¬
371 3182 1406 3314 zu Herrn Heimlicher verfuegt, um
368 3292 1414 3427 zu vernemen, bas vorgegangen,
1213 3402 1372 3493 wnd tc
1474 1440 1522 1481 3
2640 400 2818 497 235
1750 583 2777 715 und dorten leider vernommen, daß Herr
1747 679 2742 796 Billenbergeine allein anschein nach sehr
1738 752 2769 891 gefährliche Wunden empfangen; Nach¬
1722 857 2787 991 diesem seye er alstobald zu dem Verleund¬
1730 954 2753 1063 ten gegangen, welchen Er stehrschwach¬
1752 1046 2695 1176 und blaß im dect angetroffen, habe
1723 1111 2687 1265 ihme seine empfindlichkeit über den
1725 1228 2687 1363 gegenbörtigen Zustand zu erbennen
1718 1326 2733 1440 geben, Und bie der Kramke darüber
1724 1414 2730 1552 Antworten wollen, habe Er Ihn gebeden
1717 1509 2732 1629 still zu seyn, nicht zu reden dann es
1718 1585 2750 1723 ihme sonsten Schädlich ware; darauf
1720 1687 2755 1823 er von der Fraub Bellenberg vernommen
1727 1786 2765 1903 bie der Herr Gestern Abendts verbem¬
1715 1880 2723 2006 det nach hauß gekomen, bie solches in
1705 1989 2747 2092 dera Deposition umbständlich enthalten.
1718 2068 2743 2198 von dieser Zeit an, biß zu dem er folgten
1721 2143 2698 2287 Tode, seyn er alle Tag mehrstens beÿ¬
1709 2258 2663 2387 dem Krancken gewesen. Allein
1714 2339 2710 2468 während der ganzen Zeit, da Er sich also
1732 2429 2657 2569 bey ihme befunden, habe er nicht das
1721 2527 2693 2649 geringste gehöret noch wahrgenommen
1687 2626 2735 2755 daß er von dieser leidigen hergrugen
1704 2711 2685 2837 heit weder von Disputa noch querelle
1714 2808 2692 2896 noch von jemanden, mit deme er ge¬
1702 2900 2731 3017 schlagen, ein einziges wort gesprochen.
1708 3008 2737 3109 Er Ihne auch niemahls darüber befragt,
1714 3083 2607 3214 weilen er gewußt, daß man ihme
1696 3182 2518 3300 dardurch burde Muhe machen;
2553 3181 2691 3274 Nil s
1705 3278 2488 3393 also dar von nichts zu stagen.
2551 3295 2668 3395 Mach
2527 3382 2656 3476 pitti
