3024 4032
369 377 493 458 232
509 516 1537 698 von anfang hinbegg biß zu dem Enden, den
484 628 1539 795 Petienten mit möglichstem fleiß bestorget
485 721 1520 900 Wahrend deß Herrn Fellenborgs Kramk
475 841 1511 988 heit, habe Er ihn von diester nng lickhud¬
485 934 1510 1069 tigen und höchst traurigen begebenheit
478 1029 1456 1147 gar nicht das geringste großenbahret,
458 1136 1514 1286 Imbiederspiel habe Er Sie die Frau dep¬
476 1206 1441 1320 mehrmahlen ersucht, denen Herren
476 1294 1466 1432 Doctor und Schatter an zurecomondieren,
473 1385 1450 1517 über keine Olessure Stillzuschweigen
470 1478 1446 1589 und reinen Mund zu halten, welches
460 1559 1229 1653 er biß zu dem Tod sontenat.
1246 1590 1461 1700 Hoch¬
461 1649 1422 1759 erinnern Sie sich, daß gleich anfangs,
451 1736 1478 1870 da herr Fellenberg seine erste Schwachheit
461 1816 1446 1944 auf dem Sopha empfunden, und die
448 1905 1431 2008 die Doponentin allein bey Ihme sich¬
454 1986 1457 2109 befunden, Er mit ganz schwocher Stimm
436 2075 1392 2197 gestagt, der Herr Luh; Sie habe aber
425 2176 1478 2301 damals keine replation darauf gemacht
424 2246 1463 2379 und erst nach deß verstorbenen Leicht,
425 2347 1462 2440 da ihr gestagt worden, es verlaute der
422 2431 1426 2564 Herr Luh seÿe der Gethäter, seÿn Ihr
423 2533 1349 2641 dieses Bieder zu Sinei gestiegen.
401 2613 1473 2753 Indeßen aber habe Sie den H. Hellenberg
424 2701 1401 2830 wahrend seiner ganzen Franckheit
403 2793 1370 2919 von der hergangenheit kein Wort
408 2887 1411 3004 gefragt, theils weilen Sie ihme nach
395 2989 1368 3117 seiner eigenen erläuterung nicht
392 3092 1465 3217 Muhe machen wollen, theils dann welle.
390 3184 1460 3312 Sie niemahls geglaubt, daß die Blesser
389 3273 1367 3413 alsto gefährlich seye, wie der Leidige
1145 3396 1431 3511 Außgange
2658 399 2835 483 2331.
1724 566 2469 686 Außgang es nun erzeiget.
1733 662 2798 795 Auf befragen, ob Herr Zellenberg Ihre
1743 740 2772 860 von der Dispitte, oder dem Urhabdeßel¬
1733 819 2599 948 ben keine eröffnung gethan?
1739 900 2543 1037 Antwortete Frau deponentin¬
2568 948 2718 1033 Wein,
1740 1007 2414 1115 gar im geringsten nicht.
2566 1038 2707 1108 Vur
1742 1089 2514 1216 deßen eriinere Sie sich noch,
2577 1127 2682 1223 aß.
1742 1177 2629 1288 Sontags Abendts, als ein bleiner
1738 1270 2737 1394 Anschein miher beßerung vorhanden
1736 1358 2649 1474 und einer von denen Anbestenden
1720 1416 2730 1567 Herrn Doctor oder Schärer er Ihr den
1727 1513 2717 1676 Frau depl: eröffnet, habe biederauf¬
1726 1601 2725 1715 geantwortet, quen ce cas Mr Fellen¬
1715 1683 2720 1800 berg sera plus heureux quesage, dies es
1714 1777 2643 1893 habe Er in dem Tect gehöret, und
1705 1844 2701 1980 darauß erbiederet, bie verstehet ihr
1701 1949 2678 2070 das, Si dous partis en general, vono
1715 2035 2472 2161 aves raison, sonsten nicht.
1708 2151 2745 2282 Endtlichen fuegte die Frau Deponentin
1715 2237 2733 2377 noch bey, daß Herr Sellenberg in seine
1712 2326 2657 2450 Revereyen offters außgesprochen,
1712 2402 2714 2550 keinen Mund: Einsten auch habe
1721 2504 2704 2600 er gestagt, Solt ich much dann an meinen
1708 2581 2698 2686 Ehren laßen verlesen: Anderes aber
1709 2664 2647 2786 so mit dieser Hergangenheit möchte
1713 2753 2656 2858 relation haben, noch die beneuung¬
1703 2819 2663 2952 eines Gethäters, habe Er mit keinem
1700 2912 2174 3022 Wort vermeldet.
1703 3009 2613 3162 Seyn übrigens bein Heistl. zudem
1682 3122 2618 3218 Kramiben bescheiden worden, weilen
1697 3209 2676 3339 man ihne allzuschwach befunden, und
1691 3242 2736 3427 man alle Emotionen für gefährl. erachtet.
2470 3409 2642 3512 Gußec.
