3024 4032
168 216 265 322 48.
463 222 1291 383 Relatio Chijuugica:
265 351 1390 571 AAuf Gefehl der WohlEdlgebohrnen e.
376 482 1396 613 Meiner Insonders HochgeEhrtesten Herren
372 545 1393 709 Herrn GroßWeibel von Muraet und
372 605 1384 730 Herrn BrichtSchreiber von Erlath u.
374 672 1374 815 Habe Ich Endts Underschriebener Reuthe dem
373 751 1400 877 23 Becembris 1754. Vormittags, Wbischen
369 813 1396 940 Galb. 9. biß halb. 11. Uhr, in dem Wirths Haus
378 879 1382 992 bey der Paper Muhl den Leichkam deß¬
402 929 1401 1072 bald nach Unserer Ankonfft verstorbenen
382 993 1377 1151 Bendicht, Joß, von dötschigen, besichti¬
377 1069 1090 1194 iget und folgendes befunden.
379 1147 1346 1266 Ware das Redt, borauf der Verlundte¬
270 1181 336 1259 it.
371 1229 1363 1331 lage, win auch sein Dembd, und andere¬
370 1284 1349 1398 Leinband, so umb, und auf ihme sich be¬
358 1349 1379 1462 pfande, voller Bluth, auch unter dem Bedte
372 1421 1383 1564 sahe man viel durch gelauffenes Gebluckh¬
388 1504 1328 1642 bey Unserer Ankonfft fande an dem
244 1503 353 1651 35
389 1591 1331 1705 Verbundeten keinen Fulß; Er hadte¬
365 1656 1400 1775 etliche Convulsiones, schon damahls, als
365 1732 1385 1834 auch nach dem Bald darauf erfolgten Hie¬
367 1793 1370 1911 rscheid, sahe der Körper gantz blaß aus¬
266 1873 363 2012 35
390 1907 1374 2030 Auflincker Seite deß Bauchr, 3  Joll
371 1998 1378 2067 vom Kabel ware im Ausfall von ohnge¬
360 2049 1349 2163 fehr zbey Ellen vom Intestino Ileo, die
373 2112 1347 2231 Bedärme baren gantz Braunroth, und
356 2191 988 2300 gabe, viel Bluth von sich.
370 2266 1312 2388 Die Wunde in den dacken deß Bauchs¬
244 2262 351 2378 1
365 2357 1351 2461 Bare 14. Linien lang, und bin gemelt,
359 2425 1325 2540 3. 2. Zoll vom Stabel, schilft gegen die
355 2486 912 2584 Leisten sich hinziehen d.
289 2544 1371 2696 55. Bey durchsuchung dießer außgefallenen
358 2642 1369 2754 Gedärmen fande eine Zwey Liniie lange
340 2709 1315 2791 Wunde in gemeldtem Intestino Heo nahe
343 2773 1355 2864 bey der Verküupftung mit dem mesenterio¬
350 2838 1369 2957 oder Bebröse, so auch beyder Seiten durch
345 2935 578 3004 "gienge.
360 2959 1367 3083 Nach gemachter öffnung deß Bauchszeigte
249 2939 342 3054 63
346 3042 1347 3149 sich im Mesenterio eine Hand Breits ob der
344 3114 1353 3215 Darin Wunde, und gantz nahe BeÿmIn¬
352 3162 1353 3262 stestino eine Zbey Linien lange Wunde,
364 3210 1342 3337 belche viel bluthergoße. Das Bebröte
357 3288 1329 3390 und die Bedarme Baren in den Ba¬¬
338 3359 1305 3468 "genden ihrer Wunden von Beblüth
1138 3426 1319 3549 Gehon
2679 115 2791 214 49.
1622 324 2666 580 sehr ausgedehnet und aufgetrieben.
1635 399 2790 632 In der Söhle deß Dauchs aber fande sich gar
1625 495 2742 704 bein ergoßenes Beblucth: Alle Übrige¬
1638 583 2749 786 theile deß Cörpers, so bohl innerliche als¬
1638 621 2819 834 Äußerliche, Baren in natürlichem Zustande,
1634 722 2738 962 In Betrachtung dießer Verletzung, und¬
1643 816 2743 1025 der dabeÿ sich eeignrten Umbständen, da
1649 908 2714 1094 auf den Stuch durch die Secken deß Banchs
1644 958 2768 1156 alsobald ein so starcer Auß fahl von Ge¬
1633 1040 2740 1244 darmen erfolget, bey belchem nach Berths
1628 1119 2771 1310 begen der kleinen Wunde eine Strangula,
1633 1185 2735 1363 ition der Bedärmen sich eingefunden, die
1634 1266 2759 1437 Verletzung deß Darms als auch diß Be¬
1627 1343 2768 1505 bröstes aber sich an solchen Orthen befinder
1626 1421 2778 1582 bo die mehrsten Bluth Befäße und die gro¬
1639 1496 2809 1663 esten zugegen, so ist mit Grund zu schließen,
1646 1571 2776 1726 daß die starcke Verblutung die nächste Ur¬
1638 1640 2759 1812 sach deß Todts gelesen. Die Wunden¬
1647 1712 2764 1869 deß Bebröster und Sarms, sonderlich deß
1644 1776 2710 1949 lezteren, so doppelt durch stochen, und¬
1631 1850 2766 2013 besonderen Lage seiner Verletzungen für
1642 1952 2634 2081 Absolute Lethal zu halten seyen.
1617 2087 2780 2252 Dießes berichtet Eydt, und Pflichtmäßig.
1716 2363 2122 2526 Signirt,
2056 2498 2812 2658 H.Ruhn, operator
2192 2593 2624 2717 Insulanis
