3024 4032
258 388 347 458 31.
387 447 1410 627 Weiler der Verbunde Peponent so beschaffen,
410 547 1285 706 daß der Tos augenblicklich zu vermuthen,
415 611 1365 731 würde alsbald der Bethäter gegen den Ver¬
396 682 1324 821 lundten confrontieit. Der Blessierte de¬
393 755 1404 862 clarierte annoch bey guter Sinnlicher Vernunfft
399 824 1390 935 daß der Vor Augen stehende Bendish Schläfti¬
393 897 1341 1014 der Rethater seÿe. Welcher es auch sogleich
394 954 1314 1077 selbsten eingestanden, Allein an den Ver¬
405 1024 1334 1140 lendten drückte, daß Selbiger ihne ange¬
394 1087 1374 1219 griffen, und er sich nur auf die Begenlrhr¬
381 1167 1352 1280 gesetzt. Der Verbundte, welcher hierüber
388 1239 1353 1368 Ernstlich ermahnt würde, bey dermahlen an¬
391 1306 1322 1400 reikendem Tod, aufrichtig und beÿ gutem
393 1382 1313 1473 Bebißen zu erklähren, Ob er angegriffen
388 1444 1338 1542 mit Worth oder mit Wercken? Declarierte.
388 1510 1281 1628 gleichfahls bey getem Verstand /: obwohlen
390 1584 1353 1697 sehr schlach:/ Er begehre mehrers nicht, als¬
392 1663 1336 1768 von Godt dem Herrin ein seeliger Ende zu
393 1723 1329 1824 Erlangen, berde demnach sein Bewißen,
390 1787 1330 1885 in diesen Umbständen nicht beladen, Be¬
371 1855 1293 1962 Zeuge aber, daß er den Schläfl; in kiinen
371 1924 1340 2015 Wegen nicht angegriffen noch angetastet u.
383 2000 1294 2112 Ein Mentsch, so bey dem Schläfti gewesen.
381 2071 1324 2176 habe ihme ein Nasen Kumpen genommen, und
365 2133 1353 2254 habe sich darmit samt dem Schläfl; forth begeben,
367 2207 1314 2315 darüberhie Er Ihnen von deßtlegen nach ge¬
382 2285 1349 2392 loßen. Wiße aber gar nicht, daß auf deran¬
377 2353 1318 2463 komen Er einichen Angriß mit Werck oder
365 2408 1346 2512 Thaten verüibet; Dennoch wölle er gerne die
382 2488 1323 2600 Sach über sich iimrn, könne sich aber nicht er¬
374 2567 1339 2681 rineren noch glauben, daß er einichen An¬
364 2620 659 2725 grift gethan.
359 2701 1367 2817 Morauf der Schlafej, dem Verbundten unter
365 2786 1358 2911 Augen Vorhielte daß freylich. Er ihme nach
361 2843 1312 2968 gelosen, und mit einem angelorffenen
376 2925 1356 3048 Hann Stecken angetastet, darauf Er Schläft,
364 2989 1347 3117 geschreyen, Er werde sich behren, bin er könne,
368 3088 668 3165 und möge. s.
356 3138 1338 3283 der Verwundte könte sich aber hieran Bie¬
383 3217 914 3324 derum nicht errinneren.
1009 3264 1324 3363 Nach Etwelchen
998 3360 1310 3447 Momenten
1542 2707 1622 2789 A.
1463 2902 1642 3010 Zeugeh
2656 368 2736 464 25
1670 536 2699 641 Momenten aber, sagte Er zuletzt, und zbar
1683 618 2341 719 schon mit gebrochenen Worten,
1668 684 2700 789 Es kan wohl seyn, daß ich etwas gethan
1685 746 2445 863 habe, daß nicht Recht ist. p.
1678 819 2052 925 Denne sagte Er:
1671 869 2673 1005 Ichmag mich nicht besinnen, daß zu
1673 962 2395 1054 samen geschlagen worden.
1665 1032 2699 1144 Da man Endtlichen noch einmahl an ihne gedruckt
1664 1105 2653 1207 Ob er mit Mercken oder Thatin angegriffen
1668 1164 1864 1256 sagte Er,
1667 1224 2566 1308 Ich kan es nicht glauben und nicht
1682 1299 2685 1374 1ißen . Und Bliebe hernach auf obigen
1670 1358 2061 1452 seinen Außagen.
1672 1385 2674 1514 Ebenfahls bezeugete der Verlänndte, daß er
1677 1476 2676 1553 nicht betrundken, und mit Mein übernomen
1670 1544 2653 1648 gelesen, und daß die lerdige that, obnweit
1666 1600 2658 1700 von hier, auf derrn Barders Mattin neben
1659 1663 2676 1743 Herrn Raubt Man Denners Madten am Baag¬
1667 1719 2679 1813 neben dem dach vorgegangen, Gleich nach 10.-
2236 1785 2689 1892 Nach diesem reckte
1666 1790 2018 1876 Uhren Abendts
1670 1843 2628 1949 das Ende also an, daß er ein mehrerr zu
1663 1905 2640 2005 reden nicht vermögend gewesen; Und¬
1657 1970 2658 2079 starbe also  36 Godt bill - seelig umb¬
1663 2050 1908 2123 9. 4. Uhr.
1666 2065 2673 2197 In Unser Allseitiger Begenbarth. Actum
1664 2144 2672 2258 in dem Japyr Mühl; Wirths Hauß, Mitbech¬
1658 2211 2581 2319 Morgens den A. Decembiis: 1754.
1654 2357 2677 2485 Gierauf burde gleichen Tag und Orths von
1655 2440 2676 2559 folgenden Persohnen Hernere Information
1656 2512 1971 2612 aufgenomen.
1688 2675 2632 2811 Christen Mahlz, der Chor Richter,
1667 2762 2024 2881 auf dem Rein
1731 2880 2667 3020 Bestern Abendts nach 10 Uhr, da Er
1663 2983 2722 3093 in seiner Ruhlo geliesen, seyn ihne sein Krecht¬
1656 3045 2668 3160 christen Rohrer ruffen gekommen, Er solle ge¬
1649 3098 2614 3234 schbind ins Wirths Hauß gehen, seynem
1645 3174 2592 3292 Groß Unglück begegnet; darauf er
1646 3245 2622 3376 sogleich aufgestanden, und in lirca umb¬
2439 3323 2626 3422 Halber.
