3024 4032
312 2785 382 2892 3.
304 3002 368 3116 3
233 316 343 443 26
233 988 413 1127 Befregt.
296 1528 370 1647 2
308 1813 366 1921 B
312 2048 381 2182 de
303 2260 357 2404 8
465 287 1209 485 Zweytes Gkamen.
668 431 794 542 mit
426 448 1374 687 Hosannes Wuller, onst
477 616 1197 754 Lahme Riedler genant.
465 816 1342 975 amissa xhoitatione.
443 938 1374 1100 Ob er nicht geständig seyn müße, daß
403 1057 1361 1168 unth der Zeith, als er mit dem Schloßer
401 1125 1399 1262 Kräyenbühl in Bekantschafft gerathen, er
407 1208 1384 1325 demselben jederZeit nachgeloßen, bald hier
402 1279 1339 1408 Bald dorthin bescheiden, und viel gelt ge¬
392 1368 1406 1492 holßfen Verpraßen in allen Mihrts Häuße,
398 1457 511 1530 ren?
408 1503 1347 1638 Erhoffe der Krägenbuhl werde dußes nicht
389 1597 1352 1702 auf ihne erweißen können, dan derselbe
388 1668 1314 1788 ihme, und nicht er dem Krägenbühl nache¬
394 1744 591 1845 gelaßen.
395 1831 1353 1938 ob er dann auch laugnen dörffe, daß er dem
383 1902 1366 2012 Krägenbähl versprochen, ihme zu gelt zu¬
376 1973 635 2079 Verhilffen
410 2061 1393 2200 Ta, das Bekenne Er, aber auf keine Ander¬
380 2144 1366 2271 rn Weis als auf gute Bürgen und Eicher-
369 2225 484 2314 theit.
394 2273 1327 2407 Ob er nicht bekantlich seyn müße, ersten
382 2371 1366 2480 mahls zu Pöchstetten und ein zweytes mahl¬
368 2434 1343 2549 zu Morb im Wihrts Hauß dem Kräÿenbühl¬
383 2503 1326 2611 angegeben zu haben, ins Schloß Utzigen¬
377 2578 1364 2711 einzubrechen, und dorten gelt und Gultbrieffe
366 2651 1345 2766 zumimmen, welche Gultbrieffen er dann schon¬
382 2718 1329 2847 Versetzen und Gelt darauf finden wollte?
404 2810 1326 2946 von allem dießem habe er dem Krägenbuhl
386 2878 1333 3017 kein Mort nicht geredt, Er hoffe seine Unschuld¬
380 2942 1088 3078 Berde genugsamb an Tag kommen.
374 3033 1362 3158 Es seyn doch wohl zuglauben, daß er den Kräg¬
386 3101 1310 3239 genbühl zu diesem Einbruch eingeführet;
374 3184 1360 3318 Nachdeme Er selbigem nach und nach seine
1117 3343 1250 3427 Gelt
1591 773 1661 896 d
1522 326 1646 425 1ls
1619 340 2648 509 Mramen, mid Johanes Eiller.
1492 415 1599 512 1
1677 514 2668 630 Gelt durch gebracht, habe er ihnen in seinen
1672 598 2670 722 treckenden Umbständen, dergleichen leicht¬
1679 666 2327 787 fertige Vorschläge gemacht:
1701 754 2715 906 Er betheure, daß er sein Lebtag dem Kräÿen,
1682 857 2698 955 buhl nichts Unrechtes angerathen, sonder e¬
1675 942 2661 1069 heitlich von Einbrechen bein Wort nicht ge¬¬
1658 1017 2709 1140 esprochen; Im Wiederstihl, der Kräÿenbuhl
1667 1100 2714 1210 habe ihme einsten etwas von solchen Sachen ge¬
1655 1180 2709 1301 gredet, welches er ihne so gleich abgelehrt, und
1657 1263 2612 1392 besagt, das seyen Galzbrechende Sachen;
1654 1340 2640 1469 Übrigens aber habe er darauf, als eine
1675 1432 2679 1557 unbesonnene Red, keine Achtung gemacht.
1889 1698 2392 1816 onscontation
1639 1842 2706 2006 Herauff burde der Kragenbudl¬
1641 1956 2615 2071 wieder herunter gebracht, und unter¬
1739 2036 2553 2187 Augen deß Riedlers gestellt
1637 2208 2703 2358 Da dann der Erstere dem Letsterin fri¬
1668 2336 2670 2453 scher dings mit Umbständen vorhielte, Er¬
1654 2390 2706 2504 Riedler habe Ihme zu Höchstetten in um ge¬
1655 2463 2679 2576 geben ins Schloß Uzigen einzubrechen, und
1670 2538 2675 2649 Gelt und Gultbrieffen zunemen, Welches
1654 2603 2678 2728 er ihme ein zweytes mahl zu Worb wieder¬
1648 2682 1841 2788 pfahlet.
1649 2788 2693 2948 Der Riedler aber betheurete, daß dieste
1658 2905 2672 3025 Anklag falsch, und er daran unschuldig seyn,
1662 2976 2681 3091 darauff werde er Beharren, Eine Hohn Ober¬
1669 3042 2657 3158 keit möge mit Ihme machen, woas Sie Wolle
1651 3122 2271 3246 Er habe sein Guth Gelaußen
2294 3267 2625 3421 Frrag¬
2662 334 2748 455 2
