3024 4032
340 361 489 445 202.
463 510 1473 674 Geantwortet, Seitwärts. Anbey habe
454 621 1512 786 er Ihnen denen Anwestenden Medicis un
459 702 1497 856 Chirurgis ein völliges Silentium, fo 8080
453 795 1516 963 der Verbndung als übriger hergangen
444 900 1505 1041 heit gegen jedermann auferleget und
456 998 793 1102 anbefohlen.
962 973 1510 1125 Bey welch beydlezten
442 1086 1501 1211 Gestimmigen, Näml. seines eigenen
454 1172 1451 1295 und deß anbefohlenen Silentij, der¬
430 1260 1481 1394 Herr Patient biß an das Ein behörret.
429 1378 1390 1526 Sey erster Verbindung scheinte der
436 1476 1436 1592 Dauch zimlich aufgetrieben, der Herr
428 1568 1439 1678 Patient erklagte sich über Schwerzen
434 1639 1498 1781 und Stechen, Gleich nach geschehener
421 1732 1474 1861 erster verbindung, da Herr Doctor Masie
424 1825 1398 1947 auch als berusten herzugekommen,
407 1929 1470 2027 fande man den Patienten sehr talt und
400 2000 1111 2137 ohre empfindl. Fuld;
1245 2016 1420 2113 Welihe
401 2098 1453 2227 so wohl Waturl. Spuls- als Wären
405 2196 1477 2302 man erst biß Morndrist als Seinstage
392 2279 1423 2404 Nach Mittag wiederum in Vbaterl.
392 2381 1447 2504 Stand herstellen können. Indeme
398 2466 1462 2604 nun dieser Umstand Ihnen denen
382 2562 1389 2695 be erlgestenden Herren Medicis und¬
380 2686 1432 2796 Chirurgis gefährlich vorgekommen,
368 2766 1420 2869 haben Sie dem Patienten den Anschein
377 2850 1389 2960 keines heran nahenden und bevore.
364 2943 1403 3085 stehenden Todes angebündet; Auch
371 3029 1421 3173 während der ganzen Kranckheit haben
367 3138 1425 3267 Sie dem Herrn Patienten seine ver¬
349 3223 1449 3359 wündung allezeit vor höchst gefährlich.
953 3323 1392 3456 Sontag Abendts
358 3312 739 3453 vorgestellet.
1168 3414 1410 3539 bebamet
2645 422 2807 541 2038
1711 545 2701 718 bebame der Patient Lieber, sto Montag
1715 655 2673 788 den ganzen Tag fort daurete, und hin
1721 746 2765 868 und wieder mit Reverey begleitet wäre,
1718 821 2742 943 Montags Abendts zwiischen 12 und 1. Uhr
1706 904 2704 1039 verscheidete der Herr Patienl in seiner¬
1720 999 2710 1127 Gegenwart, waren auch zu gegen, Herr
1714 1090 2756 1214 Sperator Kuhn, Herr Hartmanns Jedien¬
1710 1176 2533 1325 ter, und die Frau fellenberg.
1699 1258 2714 1391 Da nun nachwerts keine Section vor¬
1705 1381 2677 1497 gangen, Er aber Ectlich declarieren
1715 1449 2705 1579 müße, so könne er also nicht Eydtl.
1703 1544 2678 1667 asserrieren, Ob die Wunde Absolute¬
1706 1636 2758 1761 per se per acudeno oder gar nicht tödlich
1702 1729 2698 1852 gewesten, um so da mehr, da in dem
1696 1808 2744 1924 ganzen Decurou der Kramckheit nichts
1704 1886 2755 2023 von Dlut, woeder durch Erbrechen, Stuhl¬
1697 1989 2700 2121 gang noch Harn beobachtet worden.
1708 2152 2738 2268 Ob als er von Anfang berufen worden.
1592 2124 1659 2263 3.
1702 2234 2723 2367 Er niemand bey dem Patienten an ge¬
1697 2325 1932 2431 troffen.
1700 2423 2689 2581 habe niemand anders bey Ihme ange¬
1581 2439 1651 2568 B
1694 2552 2603 2673 troffen, als seine Frau Liebstin¬
1582 2643 1654 2793 2
1712 2654 2695 2788 Ob er den Patienten öffters in dieser
1684 2750 2280 2902 Bramsheit besucht?
1697 2875 2745 3006 Er steye nebst herr Operator Hortmann
1584 2871 1663 2979 R
1697 2970 2759 3094 die erste ganze Nacht bey ihme geblien
1685 3063 2727 3178 eben, und nachwerts habe er Ihne täglich
1702 3163 2707 3281 wenigstens 3. biß 4. mahl besuchets
1592 3255 2695 3413 2. In denen öffteren bestuchungen, so er¬
2522 3388 2691 3492 derir e
2752 2211 2791 2266 ses
2759 1421 2790 1484 9
