3024 4032
338 2364 470 2508 Pnag.
330 2877 448 2959 Ante
558 537 1583 751 Sie wollen etwar mit einander mächen
555 642 1576 830 und der Warren treiben; Er habe aber
553 767 1517 891 nicht geholften sein Zeug auf heben,
558 829 1579 1003 sonderen der Reich habe das Zeug außge¬
531 946 1557 1112 stürzet, Ihne an Armgenommen
546 1033 1549 1185 und auf den Toden gelegt; Er habe das¬
533 1139 1539 1285 nicht begehrt, und auch nicht gelußt
543 1227 1548 1377 bas Er mit Ihme wolle machen; Nach¬
514 1339 1538 1451 werts seyn Er in der That von Selbsten
533 1412 1538 1548 eingelöibet mit dem Deich auf den Herd¬
526 1499 1472 1627 Opftel lah gegangen, und dorten
501 1597 1553 1736 geblieben, biß daß der Rench und seine
496 1665 1513 1831 Muter wieder heym gegangen, da Er¬
513 1768 858 1896 mit gelesen.
482 1869 1522 2089 Welch obige deß Elstelis Außag der ng¬
489 1998 1554 2174 für bekant angenommen und Confirmirt
657 2198 1111 2337 Berkers befragt.
499 2382 1520 2512 Rnjezo solle Er auch offenherzig stagen,
470 2467 1489 2611 wie offt Er mit dem Jungen Knaben
453 2548 1514 2686 deß Ebstelis reiderl. unreine Austauß¬
445 2644 1514 2789 genebet, und auf welche weig Er dieses
451 2723 788 2844 verrichtet?
478 2880 1516 3014 Er bekenne, daß Er diesen Fehler mit
431 2952 1528 3079 dem Knaben 2. mahl in seinem Hauß,
442 3037 1475 3172 und ein dricker mahl in der Mey
435 3128 1472 3258 begangen, und ein viertes mahl¬
422 3220 1465 3364 seye Ihme der Knab entflohen, da Er
424 3325 1482 3456 Ihme domalen nicht begehrt nach zu¬
397 3408 703 3528 laufen.
2694 464 2808 543 327
1765 598 2794 738 das erste mahl so er solches mit dem
1766 707 2811 829 Kinaben außgenebet, seye schon in
1756 789 2748 905 Verurigem Herbst gewesen, daer
1745 876 2760 1014 Ihme in die Stuben nachgekommen
1760 957 2718 1093 der Knab habe zu Ihme gestagt, Sie
1766 1063 2819 1169 wollen der Harren treiben, und alsobal
1755 1128 2817 1272 die Hafftl an den Tschopen aufgemacht,
1756 1238 2794 1366 So Er Ihme geholften abziehen, da habe
1755 1319 2736 1455 er Ihme auch die Hosten abgemacht
1760 1427 2731 1552 und Ihne dauchlings auf den Toden
1743 1523 2716 1666 gelegt, der Knab habe das Hernl.
1757 1602 2744 1754 Selber aufgehoben, nachberts seye Er
1751 1685 2737 1834 über Ihne gelegen, da Er stein Blind
1737 1805 2705 1941 her vor gezogen, und solches dem
1756 1903 2736 2030 Knaben in Affter gestoßen; habe
1732 1991 2730 2119 Ihne etbann ein viertel Stund also
1755 2071 2788 2215 unter Sich gehalten, und den Saamen
1741 2156 2771 2326 fließen laßen, so aber gheben aber
1734 2254 2750 2391 gefloßen, maaßen Er das Glied nicht
1738 2369 2687 2490 Ticht hinein vringen können, der
1739 2428 2760 2583 Knab habe hernach angefangen zu
1744 2537 2710 2675 Schreyen, darauf Er wieder ab Ihme
1745 2644 2548 2759 gegangen und aufgestanden.
1736 2756 2750 2895 Das zweÿte Wahl etbann eine Wochen
1752 2860 2755 2981 nach obigem, habe Er das gleiche wieder
1751 2939 2759 3070 in gleicher Stuben gethan, da der Knao
2055 3018 2120 3076 das
1732 3023 2741 3136 Ihme wieder erstere mahl dahin nach¬
1735 3130 2680 3241 gekomen; Er habe Ihme gestagt;
1748 3215 2713 3341 Sie wollen Späß treiben, darauf Er
1733 3308 2745 3446 Ihme die Hosten aben gemacht, und gänzl.
2565 3410 2676 3509 desf
