3024 4032
332 1116 409 1238 G.
343 356 475 474 201.
455 474 1494 663 Dem Patienten abgestacket, und denen
460 618 1502 757 wiederholten admonitionen, sto er Ihme
460 708 1460 851 auß Anlaß der Gefährlichkeit seines
460 786 1482 943 zustandes gethan; Ob Er ihme nicht
461 891 1358 1010 ein mehrers und etwas Specialeri
448 975 1319 1140 eröffnet über die Verlönndung:
457 1128 1477 1283 Nein gar nichts, habe die schon gemelt
444 1243 1494 1389 verdeutet, er wolle auß einem Unglük
436 1336 1450 1466 nicht zwey machen, und annebens¬
427 1425 1464 1566 zu verstehen geben (: welches er hieos
449 1534 1492 1667 nicht gedacht; daß er die größere Schuld¬
429 1623 1490 1769 deß Anglücks auf sich habe; Übrigen
441 1722 1500 1866 aber habe Er sich erläuteret, Er steyn bereit
406 1816 1477 1941 zu sterben, und beinen Nahmen eines
416 1922 1211 2056 Gethäters habe er genamstet.
421 2052 1453 2170 Endete hiemit seine Außrag, sto ihme
426 2140 1465 2255 vorgelesten und also von Wort zu Wort
406 2226 1382 2358 als der Wahrheit gemöhe bestätiget
418 2320 1447 2449 worden, Wit Erbieten solche auf
402 2421 1387 2547 begehren Eycklich zu beträfftigen.
387 2537 1459 2673 Der H: Bezeugfuegste Endl. vonstelbsten
387 2639 1470 2767 hinzu, daß er von dieser Vergangenheit
386 2715 1477 2832 niemand nichts entdecket noch angezeigt,
397 2805 1377 2929 wie ihme habe wollen vorgehalten
390 2883 1465 3014 werden; Auß der Ursach, daß er beine
378 2970 1473 3115 Pflicht darzu habe, und in Biederfiel¬
381 3093 1474 3223 kein Doctor Eyd ihne zur verschwiegen,
351 3169 1146 3309 heit halte und verbinde.
522 3310 1065 3421 Actum ut Supra
2664 389 2807 508 205/
1683 556 2712 679 Morndrigen Tags constituierte sech.
1695 647 2703 785 Herr Doctor Roßelets nochmals von
1712 738 2662 850 selbsten, und stehte obiger seiner
1706 829 2644 954 deposition diese Erläuterung bey¬
1703 906 2771 1025 daß als Er dem Herr Fellenburg gefragt,
1706 990 2770 1093 mit bas vor einem Instrumenter Olessiert
1697 1071 2677 1185 worden, Er geantwortet, mit einer
1690 1152 2741 1283 zweyschneidigen Klingen Me. Mit
1703 1261 2767 1378 beyfuegen, bann Er deß anderen seine
1677 1336 2667 1474 Klingen und der andere Seine zehabt
1697 1437 2730 1561 hätte, wurde es villeicht anders außge¬
1690 1540 2046 1652 fallen seyn;
2208 1537 2687 1651 Allein man stolle
1703 1615 2545 1741 ihne weiters nichts mehr fragen
1806 1709 2620 1852 Endete hiermit seine Außdaag
1877 1797 2558 1934 wiße ein mehrers nicht.
1595 2135 2737 2335 H. Herr Operator Kuihtt, bey Ermah¬
1681 2272 2702 2406 eeung auf habenden Eydts declariert.
2117 2465 2199 2533 ten
2266 2465 2329 2542 ei
1678 2477 2727 2592 Freytags den 21.. 8.. Abendts ohnge¬
1697 2563 2698 2677 Jahrd halber 8. Uhr, seyn Herr Luz an
1697 2655 2708 2762 der Cram Daßen Schaft steithen ob den
1684 2739 2725 2837 Mezgeren Bohnhaffts zu ihme gekommen,
1691 2812 2692 2942 habe einen kleinen Rausch gehabt, da
1690 2900 2732 3019 habe er unter seinem Rock ein kleinen
1705 2985 2746 3113 bloßen degen vorgezogen, mit verdeuten
1685 3083 2701 3204 er habe um einer Bagatelle willen mit
1674 3169 2732 3301 Herrn Fellenberg eine Querelle haben müße,
1680 3258 2673 3382 da er ohngeachtet alles Außredens und
2455 3378 2746 3483 Abmahnens ec.
