3024 4032
293 2244 374 2334 3.
340 371 485 472 200.
439 498 1541 693 Bramkheit vernommen, da Er aberstins
453 632 1505 758 den Herrn Luz nicht gestehen und den Tod¬
463 703 1477 836 deß Herrn Fellenbergs vernommen, so
466 792 1507 939 bekenne er, daß er damalen angefann¬
457 860 1381 1004 etwas dergleichen zu vermuhten.
438 947 1471 1101 Diß steyen alle die Umbstände, deren
453 1081 1412 1195 ersich zu erinneren Buße, und
451 1154 1403 1255 welche er auf begehren mit einem
443 1244 1425 1359 Colemnischen Erd bestähtigen werde.
441 1368 1348 1494 Endete hiermit seine Außaag
466 1438 1115 1553 so Er also confirmiert.
427 1586 1505 1691 Actum durch Mehhl. dul Großweibel
418 1639 1475 1762 Pranz Lugwig Sentter, und Schult¬
421 1722 1432 1844 heiß Johann Ernannch Bontseei
404 1818 1096 1962 den 31. 3 Octobris 1737.
418 2205 1473 2385 Herr Samneh Gottlich Roßelet
434 2331 1450 2464 M. D: Stact Physicus stagt auß.
389 2500 1471 2624 Freytags den 21ten octobris Abents uin
388 2607 1456 2732 8. Uhr seÿe er von der Frau Kellenberg.
376 2706 1463 2817 selbsten /: Welche sich selbsten zu seinem
381 2787 1404 2923 Hauß verfugt; berufen worden.
379 2892 1419 3016 auf alsobaldiges Ankomen in Herrn
366 2990 1398 3122 Fellenbergs Hauß, habe Er den Herrn
355 3086 1455 3216 Pellenberg in seiner Sarnerhalb auß¬
352 3177 1425 3306 gezogen angetroffen; alß erstogleich
352 3291 1407 3416 gestehen, daß Er vor an dem Leib Dute
1241 3360 1401 3476 subi e
2621 414 2832 548 301. F.
1696 554 2743 696 habe er ihne gefragt, Wo und was fehle,
1708 675 2746 779 Herr Zellenberg darauf mit himlich ge¬
1690 745 2769 877 brochen und ohnordentlicher Stimm geant¬
1703 826 2773 959 wortet, es seyn ihme ein Ungluck wieder
1678 925 1921 1037 fahren;
2055 935 2721 1065 darauf alsobald geholften
2635 1039 2742 1104 zu
1687 1013 2752 1158 den Herrn Fellenberg vollkomen auß hie¬
1684 1104 2408 1228 chen und in das Sact legen.
2592 1157 2751 1249 Wach
1692 1196 2756 1329 deme nun Herr Operator Ruhn und Herr
1691 1290 2744 1428 Sperator Hartmann, sogleichfalls dahin
1700 1381 2685 1531 berusten worden, sich eingefunden,
1688 1462 2716 1630 haben Sie samethaffs den H. Fellenhery
1697 1564 2724 1730 risitirt, und befunden, eine frishe Wunde
1687 1664 2621 1799 auf lieber Seiten, ohngefahrt vier
1679 1756 2733 1884 Binger seitwarts vom Vabel und ohnge¬
1671 1843 2682 1964 Jahrd 2. Finger höher als der Vabel,
1682 1925 2745 2051 deren Direction über zwurch im durchscheit
1678 2019 2703 2161 ohngefahrd ein halben Zoll breits; Ein
1678 2108 2634 2238 Stimb Unh hienige auß der Wunden
1690 2200 2336 2338 ohngefehr ein Zoll lang;
2468 2227 2692 2319 Mit Was.
1676 2305 2659 2427 vor einem Instrument diese Wunden
1684 2393 2653 2527 möge causiert worden seyn, so könne
1678 2478 2666 2605 er Eydl. nicht declarieren, ob der Herr
1673 2576 2632 2695 Paticnt ihme einen degen genennet
1673 2664 2657 2798 oder nicht: Wohl aber aufh befragen
1669 2777 2700 2889 wo sein degen seye, habe er geantwortet,
1660 2848 2691 2981 er seyn verstorget, mit beyfuegen, man
1656 2960 2665 3087 solle Ihne über nichts befragen, dann
1666 3054 2695 3174 er werde nichts Antworten, und wolle auß
1670 3154 2630 3265 eiem Ungluck nicht zwey machen.
1659 3223 2627 3361 außgenommen, daß auf befragen in
1662 3317 2694 3437 welcher Situation Er verbundet worden, er¬
2403 3409 2716 3522 geantwortet ec
2745 2174 2788 2294 25
