3024 4032
389 383 505 483 230.
529 409 612 552 6)
456 492 1501 676 diß steye alles dasjenige, So MHghl
489 592 1384 729 Deponent, von dieser sehr leidigen
477 707 1518 866 degebenheit biße, und sto Erauf hochoben
463 784 1445 918 beitlichen Befehl hiermit Außagge
482 873 1526 1026 und als der Wahrheit gemäß confermieren
465 958 1260 1072 Actum den 2 Novembris 1757
390 1368 1517 1581 Chrau Rosina Follenberg, gebegen
449 1536 1399 1643 Sschiffel, deß verstorbenen Herrn
440 1634 1433 1758 Bellenbergs sel. hinterlaßene Frau
890 1722 1159 1838 Sagt auß.
449 1723 689 1825 Wictib
430 1973 1482 2111 Kreistags den 21.3 8620 Abendts gleichnach
428 2063 1472 2188 8. Uhren, da Sie sich in einem Kellerlin
428 2162 1465 2275 befunden, habe Sie den Herrn Fellenberg¬
429 2257 1449 2378 vor der Hauß thur gehöret mit jemand
412 2354 1447 2475 reden, und auf alsobaldiges ins Haus¬
415 2453 1407 2578 trecten, habe die Ihne deutlich gehöret
413 2541 1360 2673 lagen, envoyes moi un Chirurgion c
388 2633 1459 2777 darauß er bie gewohnt zimlich frech die
391 2736 1442 2887 Stegen hinauf und sich in seine Steben
395 2854 1439 2985 verfuegt; Sie Fraub Deponentin steyn
392 2931 1472 3078 alsobald nach ihme in die Stuben gekommen,
376 3040 1427 3170 habe den Herrn angetroffen, welcher sein
364 3118 1426 3289 Kleid außgezogen, auß befragen poua¬
369 3252 1410 3382 quoy un Chrurgien, bons fehle habe Er¬
1113 3355 1453 3482 geantwortet,
2681 391 2818 472 231.
1732 547 2808 688 geantwortet, Je suis blessa, darauf Sie selbsten
1727 652 2764 772 Gut vor anseinem Hembd gestehen, und
1730 730 2771 839 darüber gransame erschrocken, borauf¬
1741 807 2762 936 Sie alsobald ihre Magdt zu Herrn Kuhn
1726 894 2762 1013 und an die vordere Daßen geschickt, um
1729 977 2771 1107 den ersten Chirurg. so anzutreffen, zur
1719 1042 2770 1200 hand zu bringen, nach dieser veranstalt
1713 1137 2778 1305 dung steye Sie wieder zu herrn fellenberg
1724 1239 2689 1369 gekommen, welchen Sie auf dem Sopha
1714 1318 2711 1439 gefunden, den Kopfneigend und im
1720 1408 2742 1548 angesicht stehr erblaßet  darauf
1733 1500 2731 1611 die Voller Angst zu ihrem Nachbahr¬
1714 1568 2721 1701 Herrn Doctor Roßelnt selbsten geloster
1717 1656 2729 1793 und ihne abzuhohlen, habe ihne auch
1721 1736 2688 1863 angetroffen, da er eben nach hanß¬
1705 1826 2717 1966 gehen wollen, Seyn alsobald mit Ihr
1686 1920 2731 2049 zu dem verwunten gebomen, welchen
1708 2002 2687 2123 Er ihr geholsen außziehen und ins
1709 2098 2025 2200 Sect legen;
2029 2081 2704 2221 Bleich darnach haben
1686 2170 2672 2292 sich herr. Operator Kuhn und Herr
1705 2256 2677 2377 Hartmann eingefunden, haben die
1709 2343 2689 2478 Wunden visitirt, und auf befragen,
1708 2432 2682 2552 das Sie dervon halten, haben Sie die
1709 2537 2720 2651 Achßel gelegst und nicht deutlich Ant¬
1696 2615 2740 2728 worten wollen, Sagend H. Sellenburg
1709 2713 2689 2830 befinde sich anjezo sehr schwach, man
1702 2796 2711 2913 müße ein wenig zuschauen; darauf
1700 2888 2728 3008 habe Sie den Herrn Heimlicher Tellenberg
1688 2955 2716 3096 Ihren Schweger bescheiden laßen, auf
1692 3063 2693 3185 deßen alsobaldiges Anbommen, und
1699 3144 2714 3282 ihr wiederholtes Ansuchen, die Herren
1695 3218 2720 3357 Doctor und Scharer die Wunden bestorget,
1683 3304 2166 3416 und verbunden;
2313 3313 2650 3406 Wie Sie dann
2495 3414 2664 3499 vonc
