3024 4032
99 137 256 251 128.
171 3313 259 3424 8
180 3439 272 3567 1.
169 2686 288 2863 d.
218 1685 298 1781 S
192 2121 298 2342 2.
237 520 321 623 B.
233 869 308 979 B
305 1227 334 1305 1
361 354 1390 636 Mit frieden laßen, der Burg, aber seyn
370 466 1307 666 alleZeit mit Schänzlen fortgefahren,
348 525 1369 788 Nach dem letzten Klagß so Er von dem dim
357 631 1352 821 Empfangen, ob Er allsobald darauf sich
356 705 1358 917 gebehret, oder ob es eine Beil darnach
352 786 624 894 gelesten?
360 874 1358 1068 Er habe sich geforchtet und seÿe allezeith
364 943 1349 1138 an dem gleichen plaz still gesteßen, ohne
350 1045 1361 1222 gedanken sich zu wehren, biß die Leute
340 1160 1370 1305 bie obgedacht, ihne sich zu behren ange¬
353 1208 1349 1362 frischet, welches alles nach einander
353 1300 1250 1450 biderfahren, so daß er gleich nach
341 1387 1349 1544 Empfangenem lezten Klauß aufge¬
340 1482 1350 1613 standen und seine fanst gegen den
358 1555 939 1674 Bürg ausgestoßen.
352 1651 1369 1791 Da Er gegen den Burgi geschlagen, ob
355 1742 1347 1864 derselbe Vorbehrts oder Rubloerts-
335 1831 1007 1944 gegen Ihne gestanden.
352 1924 1292 2070 der Bürgi seyn vorbertd gegen Ihne
340 2007 1367 2138 gestanden, maßen Er Ihne mit der
328 2084 1308 2232 haust unten auf ins Maul gestoßen
344 2186 1353 2331 die Bezeugen sagen aus, daß Er gegen
327 2281 1340 2414 den Bürg nicht gestoßen, sonder nach
329 2376 1285 2489 Ihme geschlagen, und zwar habe Er
315 2437 1340 2566 hinterberts auf den Burg geschlagen,
326 2507 1305 2665 auch an den Schlaß und nicht bie Er
321 2582 1192 2728 rage an das Maul getroffen.
341 2687 1321 2837 Er beharre darauß daß seine Außang
341 2786 1324 2942 Bahrhafft, und daß Er nicht geschlagen,
337 2853 1332 3001 onderen unten auf gestoßen, auch
326 2923 1336 3076 das Maul getroffen, bezeüge daß Er
304 3030 1334 3184 sich die Haus an einem Jahn ein Being
320 3142 660 3272 geschurzfet.
325 3167 1289 3370 Was der Siggeler Ihme in die Hand¬
312 3311 1185 3444 gegeben, darmit Er geschlagen.
305 3338 1311 3578 Bezeuge vor Bodt, daß Ihme neinand¬
1103 3437 1291 3554 nichts
1509 2710 1589 2829 8
1505 2939 1564 3087 2.
1487 3126 1549 3226 d
1516 1647 1588 1764 dö
1510 1863 1584 1976 5
1512 2146 1593 2282 S.
1541 1181 1585 1303 zu
1488 780 1599 930 S
2622 188 2761 309 139.
1629 380 2667 637 Nichts in die Hand gegeben, und daß Er
1646 481 2755 732 nichts darinen gehabt, als Er den Stoß
1638 692 1843 788 gethan.
1642 672 2521 882 16 Er den Bürgi fallen gestehen.
1649 745 2767 942 Nein er habe Ihne nicht recht gestehen fallen,
1642 831 2740 1009 inmaßen Er allsobald nach dem Stoß sich
1626 921 2714 1101 wider an sein Ohrt begeben; Aber gleich¬
1643 993 2746 1174 darnach habe Er ihne am oden gesehen.
1632 1093 2733 1284 Im Ersteren Examine habe Er gesagt, der
1631 1165 2748 1364 Bürg habe im fallen den Kopf an dem
1629 1269 2755 1436 Haus angeschlagen, und seyn daran ligen
1628 1345 2589 1502 geblieben, und aber verlanten die
1627 1404 2744 1582 Kundschafften, daß der Bürg ganz aus¬
1617 1520 2526 1654 gestrebt auf dem Toden gewesen.
1644 1602 2707 1744 Er bolle so gar Absoluté nicht versicheren,
1636 1697 2740 1818 aber Einmahlen dunbe Ihne, daß Er mit
1623 1762 2625 1889 dem Kopf an dem Bank angelegen.
1631 1858 2747 1978 ob die Anbestenden Leuthe Ihme necht zu¬
1618 1939 2733 2051 gemihtet, und überzeuget gelesen, daß
1615 2004 2754 2156 Er etwas in der Faust gehalten, damit Er
1618 2081 2451 2208 den so harten streich thun bönen.
1624 2172 2722 2319 Man habe Ihne darum gefragt, Er habe
1624 2254 2689 2396 aber mit Wahrheit versicheret, daß Er
1617 2321 2694 2460 nichts gehabt, seyn auch Erbietig gebesten,
1600 2400 2715 2560 lich ersuchen zu laßen, welches aber nicht
1611 2480 1867 2565 geschehen.
1603 2560 2696 2756 Wer Ihme die Erste Hottschafft gebracht
1608 2642 2308 2772 daß der Bürg gestorben.
1621 2735 2734 2911 Seyn der Schulmeister Klodter geloesten,
1608 2835 2733 2981 so zu Ihme auf das feld gekommen, alwo
1593 2904 2194 3018 Er mit dem Zug bare.
1606 2985 2663 3159 Was Er dem Schulmeister geantbortet,
1612 3059 2420 3213 und was Er nach wehrts gethan.
1605 3133 2732 3358 Man habe Ihme gleich den Raht gegeben, Er
1606 3247 2582 3400 solle einmahl einen Abtrid nemen,
1604 3290 2602 3500 darauf seye er ganz erschroben heyn
1588 3351 2716 3570 geloßen, und seinen Ellteren die traurige
