3024 4032
290 3120 384 3233 B.
331 2320 434 2477 G
388 292 556 370 266.
735 383 1190 536 Infermation
530 485 1558 718 Chorhauß zu führen  Unterbegs habe
517 612 1545 780 Er dem Mentsch zugesprochen und ver¬
508 671 1563 871 mahnt, offenherzig seine Schlangerschafft
513 741 967 856 anzuzeigen?
974 781 1537 953 berauß es zeontanste
519 827 1484 1007 man müße die Leuthe laßen reden,
496 917 1504 1062 wann es Schlanger wäre, wirden es¬
508 975 1540 1170 solches schon anzeigen, aber es seyn mit
502 1078 880 1187 Merders c
574 1180 1290 1321 Abgelesten und bestätiget.
575 1666 1315 1839 Orstes Eaamen.
449 1779 1416 1954 Mit dst grig Wideer
469 1893 1506 2032 gebührtig von Diberstein 28. jahr älters,
462 1984 1473 2104 ohuver seyratet, habe weder tadter noch
446 2058 847 2166 Mbuter mehr.
524 2224 1249 2339 ppraemissa Exhertalione
470 2330 1530 2490 da es schon albereits gestern Abend, nachdeme
446 2450 1516 2560 es allhar in Oberkeitlichen verhafft gebracht
440 2521 1450 2635 worden, seinschwares verbrechen und¬
421 2609 1469 2719 großen Fehler bekeinet. Als stolle es¬
433 2691 1497 2804 anjezo nochmalen in Austrichtigkeitstein
395 2780 1360 2921 Gewißen entladen, und die wahre
409 2888 1398 3010 ergangenheit seiner leidigen That
423 2980 777 3090 oftenbahren?
435 3068 1466 3247 Sie ganze Wahrheit verhaltesich also,
377 3179 1439 3313 daß Vorgestern als Samstag zu Racht
408 3270 1513 3401 ei halber Eilst Uhren steye Ihns angekommen,
1635 1125 1717 1244 G.
1645 1323 1719 1421 2.
1610 1492 1729 1589 Jnst
2713 367 2850 463 267.
1875 442 2562 599 Marig Widmer
1726 586 2832 718 als ob müßte es seine Wohtdurfft verrichten,
1744 679 2805 781 vorauf es sich auf die Heimlichkeit begeben,
1713 738 2808 868 do es dann ganz ohnverstehens Kindes genesen
1727 816 2785 924 also daß das Kind plözlich von ihme und
1718 881 2772 1024 die Heimlichkeit hinunter gefallen, ehe es¬
1732 979 2520 1108 sich gleichstam darvon geachtet.
1733 1072 2706 1220 ob ihme dann seine Schwangerschafft nicht
1743 1171 2161 1291 bekant gelesten?
1750 1264 2640 1395 Sein, zumalen es niemahlen beine
1737 1368 2579 1485 belegung deß Kindts versführet.
1751 1442 2741 1591 Wie es doch sto hartnäibig dorfte laugnen
1733 1541 2716 1659 s habe nicht gewußt, daß es Schwanger
1715 1619 2755 1733 seye, noch das Kind gesführet, da doch ohn
1719 1686 2781 1816 möglich, daß es nicht viele ohnzweisselbahre
1717 1777 2699 1924 Reunzeichen dar von werde gehabt und
1703 1861 2769 2001 gestühret haben: Selbsten seine Meisten
1708 1943 2713 2067 Leuth und andere Perstohnen haben die
1720 2038 2730 2173 Schlangerschafft an ihme deutlich wahrge¬
1712 2109 2664 2224 nomen, auch ihns offters darum zu¬
1726 2193 2671 2314 eede gestoßen, und stogar Mihghl.
1716 2278 2734 2401 deß Oberen Chorgrichts verleidet . danz
1720 2356 2710 2475 aber alleZeit langnen dorften, und noch¬
1724 2442 2672 2564 anjezo nicht die wahrheit an Sag geben
1723 2530 2682 2641 wolle, so seyen dieses so viele anscheine
1712 2603 2689 2740 seiner bosten verstocbten Herzens ec. Es
1734 2693 2710 2789 werde also auf ein frisches ermahnt in
1727 2781 2689 2883 betrachtung der betrubten umständen,
1717 2858 2665 2980 darinnen es sich befinde, sein Gelißen
1738 2959 2609 3067 nicht noch länger mit laugnen zu
1731 3032 2684 3151 beschwären, damit es desto mehrere Zeit
1712 3129 2735 3242 habe, seine Verstöhnung bey dem Aller
1721 3213 2376 3331 höchsten auß zubitten?
