3024 4032
397 409 551 489 278.
637 452 1274 618 Maria Widmer
417 585 496 693 B
550 609 1482 754 Es könne nicht laugnen, daß Es nicht
538 679 1505 834 gesführt, daß damalen etwas passiont,
541 759 1535 894 aber es habe nicht gelaußt,, was es gewesen
539 830 1261 958 und das Kind nicht gestehen.
418 955 1424 1133 R. Seine so hartnächig als allerdings
531 1073 1478 1208 unbahrscheinliche Außagen, zeigen
508 1166 1473 1295 jelänger je mehr sein böstes Herz:
514 1235 1469 1345 Es solle aber nicht glauben, daß eine
497 1312 1466 1437 hohn Oberkeit sich daran vernugen
515 1391 1403 1516 werde, wann es aufrichtig wäre
496 1477 1443 1603 gelesten, warum als es wieder in
499 1566 1475 1688 die Stuben gegangen, es Viemanden
498 1646 1499 1796 nichts von seiner Tegebenheit geoffen
498 1744 1472 1852 bahret, im wiedersfiel alleZeit Still¬
478 1821 1271 1944 geschwiegen und gelaugnet?
356 1978 453 2089 G.
478 1971 1449 2110 Als Es nachlerts wieder in die Stuben
465 2075 1453 2195 gekommen, seye ihme anderster nicht
471 2155 1472 2285 übel gewesten, als daß es ihns gefroren,
473 2235 1489 2350 deßtwegen es sich auf den Ofen begeben
448 2313 1468 2434 da es hernach eingeschlaffen biß gegen
447 2399 1428 2522 Morgen, als es ins Rath gegangen,
428 2481 1368 2606 darnach habe es in der That dervon
445 2572 846 2686 nichts gestagt.
307 2713 406 2825 2.
459 2679 1420 2832 diß zeige eben sein bösten vorstählichen
442 2789 1358 2920 Willen an, daß auf befragen seiner
430 2876 1434 3008 Nebend Magdt, wo es suf so lange auf¬
411 2939 1435 3066 gehalten und bas ihme fehle? Es ihme
435 3030 1456 3158 nichts anders vorgeschuhet, als der barme
420 3145 1215 3261 ofen habe ihme übel gemacht?
267 3337 1395 3467 R. Es bekenne, daß es hierinnen gröblich
1150 3439 1405 3550 gefehlet
2670 477 2817 600 279.
1831 510 2520 669 Marig Widmer
1749 656 2764 808 gefehlet, allein es habe Selber nicht gelußt
1759 762 2233 865 das ihme begehnet.
1728 860 2722 1019 Wann und wie es endlich gebußt, daß es
1655 868 1732 1023 2.
1763 958 2171 1067 im Kind gehabt?
1757 1079 2769 1203 Es habe es hernach glauben müßen, als man
1648 1108 1723 1194 R
1747 1159 2796 1286 das Kind unten in der Heimlichkeit gefunden,
1733 1222 2747 1364 da ihme nun zu Sinn gekommen, daß dosten
1743 1307 2366 1436 Atwas von ihren passiert.
1648 1484 2719 1613 Ih. Ob Es dasjenige, so bie es vorgebe, auf¬
1735 1563 2724 1686 der Heimlichkeit von ihnen passiert, nicht
1729 1632 2667 1761 betastet, und mit den händen von suh¬
1714 1714 1994 1832 gewißen.
1633 1841 2581 1995 B. Mein, es habe beine hand angelegt
1613 2012 1712 2152 2.
1727 2033 2726 2172 Solle außrichtig bekennen, ob es das Kind
1720 2122 2634 2242 nicht gehöret weigen oderschreyen?
1732 2233 2089 2352 ein gar nicht.
1621 2243 1707 2341 o.
1581 2402 1751 2504 Motir
1792 2435 2723 2526 Auße seiner ganten biß härigen ver¬
1716 2487 2683 2582 antwortung erhale deutlich, daß waren es
1722 2566 2702 2675 von seiner Schlangerschafft und dunißt
1721 2647 2665 2764 nichtsgewußt, so habe es darvon nichts
1720 2737 2125 2837 wißen wollen;
2179 2732 2690 2842 Ob es sich wohl einbilden
1718 2791 2683 2937 könne, daß nachdeme seine Bestalt beÿ
1708 2892 2658 3028 keinen Meister nd annoch
1703 2984 2718 3113 Beiden Leuten, seinen Zustand verrahten,
1717 3064 2690 3202 alsto daß es zum öffteren darüber zu vnd
1696 3182 2660 3289 gestoßen worden, es aubey wohl gebußt,
1696 3240 2669 3381 daß es gemeinschafft gehabt mit einer
1704 3326 2150 3462 Menns Perstohn¬
2247 3348 2655 3469 Ob es nun, da es¬
2512 3448 2627 3545 14t p
