3024 4032
389 418 511 498 206.
491 529 1462 706 Abmahnend sich schlagen müßen; Er
497 638 1470 764 seye einmahl nicht blejsiert, obwohlen
498 731 1447 853 er /wie ihme deponent bekant erst
485 826 1470 943 zu Ader gelaßen, habe ihme den Arm
476 906 1512 1048 gewiesen und gestagt, er habe sich einmnge
479 1009 1434 1109 noch können wehren, er vuße nicht
476 1082 1426 1234 ob Herr Fellenberg eine Olessure habe,
473 1211 1440 1308 villeicht möchte er etwann geschurzf
460 1290 1380 1421 steyn; dennoch bedte er ihne den
470 1383 1436 1515 degen an Herrn Fellenberg wieder zu
461 1494 1435 1619 zustellen, wie auch nach dem Verband¬
470 1592 1450 1707 ihnen Herrn Luhz selbigen Abend zu
1246 1692 1448 1787 Aubey¬
457 1687 1116 1814 berichten, was es seye:
448 1784 1452 1910 habe Herr Luh weiters gemeldet, Er habe
443 1886 1477 2003 den Herrn Fellenberg nach hauß beglei¬
439 1989 1404 2099 stet, da nahe bey seinem Hauß Herr
425 2075 1418 2202 Fellenberg ihme vorgeholten, er hab¬
422 2171 1427 2304 Ihne affrontirt, und wolle alsobeld¬
412 2269 1446 2401 satis faction haben auf dem Kilchhroft
427 2373 1427 2519 Er herr Luh, wie er ihme die Sach ohn¬
403 2472 1422 2609 "geachtet vieler Vorstellungen nicht
426 2590 1451 2707 außreden können, habe geantwortet
419 2685 1404 2825 Wannes doch müße geschlagen seyen,
412 2785 1406 2905 sostolle er warten biß Morgen, Sie
1273 2886 1431 2983 Herr
410 2879 1108 2995 wollen dann vor das Thor
396 2970 1435 3095 Fellenberg aber habe nicht verschieben
395 3075 1420 3181 wollen, sonderen auf den Kirchhoof
399 3158 1394 3285 insistiert und gestagt, Er habe dorten
362 3226 1074 3364 schon mehrern gehabt;
1071 3256 1422 3372 Weiters habe
1205 3387 1320 3453 112 p
2649 403 2815 517 209
1709 583 2736 706 Er herr Luz dern Herrn Bellenberg dnnnoch
1709 666 2771 794 vorgestellet, ob Sie einanderunglückhöfftig
1718 747 2726 859 machen wollen, es könte der einte oder der
1714 837 2523 922 andern unglückhäfftig werden:
2524 866 2602 927 e
2600 862 2734 935 Al023
1708 920 2753 1037 aber seyn unerheblich gewesen und er habe
1718 997 2709 1114 sich sto lang nur dexpendiert; ob allein
1721 1091 2687 1210 diesem seyn noch in gegenwart Herrn
1699 1165 2756 1300 Luzen, deß Herrn Seltenbergs Magd daher
1702 1263 2713 1402 gekommen, und verlanget, Erstolle herr
1708 1335 2695 1483 Bezeug eilendts zu Herrn Fellenberg¬
1700 1449 2705 1567 kommen; darauf Herr Luhz sich fort
1718 1533 2695 1674 begeben, und Er Bezeug auf deß Herrn
1690 1627 2741 1739 Luzen bericht hin, nicht glaubend, daß die
1708 1720 2720 1825 Dach sto übel bewandt, noch bevorderst ein
1703 1812 2759 1907 wenig zu Nacht teißen wollen, alst obald
1703 1891 2738 2039 leye ein zweytes Massage gekommen,
1697 1988 2758 2088 der Herr Bezeng solle doch ablandts komen:
1696 2063 2748 2209 drauf er sich alstobald zu Herrn Bellendung
1703 2156 2716 2272 verfueget, allda er herr Doctor Roßelet
1711 2241 2747 2381 und herr Operator Hartmann angetroffen,
1699 2335 2687 2447 Alstobald haben Sie den Patienten visitirt,
1709 2408 2710 2554 und den ersten Verband gemacht, der
1685 2517 2717 2637 Patient seÿn balt und ohne Pulsanden
1690 2603 2692 2737 Händen gewesten, darauß Sie geschloßen
1697 2704 2736 2855 es möchte eine starcke Verblutung inerlich¬
1699 2779 2632 2909 vorgegangen seyn, und es seye die
1700 2868 2270 3014 Sunde stehegefährlich.
2269 2909 2363 3009 in
2381 2896 2746 2999 Nach geschehener
1697 2970 2746 3097 bestorgung deß Patienten, seye er Biederum
1687 3045 2656 3182 fort gegangen, habe die Herren Roßelnt
1699 3151 2736 3279 und Hartmann bey dem Patienten gelaßen
1690 3215 2722 3344 darauf er zu Herrn Luz gewesen, welchen
1695 3299 2700 3398 er versprochener maßen bericht von der
2413 3402 2740 3514 verwendungc
