<?xml version="1.0" encoding="UTF-8" standalone="yes"?>
<PcGts xmlns="http://schema.primaresearch.org/PAGE/gts/pagecontent/2013-07-15" xmlns:xsi="http://www.w3.org/2001/XMLSchema-instance" xsi:schemaLocation="http://schema.primaresearch.org/PAGE/gts/pagecontent/2013-07-15 http://schema.primaresearch.org/PAGE/gts/pagecontent/2013-07-15/pagecontent.xsd">
    <Metadata>
        <Creator>prov=University of Rostock/Institute of Mathematics/CITlab|PLANET AI GmbH/Gundram Leifert/gundram.leifert@planet-ai.de:name=Transkribus German Kurrent M2(htr_id=29820)::::v=2.6.7
prov=University of Rostock/Institute of Mathematics/CITlab|PLANET AI GmbH/Tobias Gruening/tobias.gruening@planet-ai.de:name=de.uros.citlab.module.baseline2polygon.B2PSeamMultiOriented:v=2.6.7
prov=University of Rostock/Institute of Mathematics/CITlab|PLANET AI GmbH/Tobias Gruening/tobias.gruening@planet-ai.de:name=/net_tf/LA73_249_0mod360.pb:de.uros.citlab.segmentation.CITlab_LA_ML:v=2.6.7
Transkribus</Creator>
        <Created>2022-05-02T15:41:59.900+02:00</Created>
        <LastChange>2022-09-12T15:31:55.402+02:00</LastChange>
        <TranskribusMetadata docId="1334851" pageId="52362768" pageNr="47" tsid="114644617" status="IN_PROGRESS" userId="9570" imgUrl="https://files.transkribus.eu/Get?id=RWFSTEQWROYGHZFLEVCKEAZW&amp;fileType=view" xmlUrl="https://files.transkribus.eu/Get?id=BOCHWQFUMPZOPHKRLZRBRPLT" imageId="30691211"/>
    </Metadata>
    <Page imageFilename="IMG_7048.jpg" imageWidth="3024" imageHeight="4032">
        <ReadingOrder>
            <OrderedGroup id="ro_1687513619182" caption="Regions reading order">
                <RegionRefIndexed index="0" regionRef="r1"/>
                <RegionRefIndexed index="1" regionRef="r2"/>
                <RegionRefIndexed index="2" regionRef="r3"/>
                <RegionRefIndexed index="3" regionRef="r4"/>
                <RegionRefIndexed index="4" regionRef="r5"/>
                <RegionRefIndexed index="5" regionRef="r6"/>
                <RegionRefIndexed index="6" regionRef="r7"/>
            </OrderedGroup>
        </ReadingOrder>
        <TextRegion orientation="0.0" id="r1" custom="readingOrder {index:0;}">
            <Coords points="95,3132 95,3505 222,3505 222,3132"/>
            <TextLine id="r1l1" custom="readingOrder {index:0;}">
                <Coords points="95,3204 126,3189 159,3188 167,3195 183,3182 204,3188 229,3175 229,3090 215,3089 200,3100 181,3096 166,3107 150,3104 132,3112 119,3107 103,3119 95,3117"/>
                <Baseline points="102,3176 132,3174 162,3173 192,3174 222,3176"/>
                <TextEquiv>
                    <Unicode>R.</Unicode>
                </TextEquiv>
            </TextLine>
            <TextLine id="r1l2" custom="readingOrder {index:1;}">
                <Coords points="87,3406 98,3404 126,3416 137,3415 146,3407 151,3413 166,3403 176,3402 182,3325 165,3325 160,3329 158,3326 146,3335 130,3330 116,3336 109,3328 102,3335 92,3335"/>
                <Baseline points="95,3393 120,3396 145,3397 170,3399"/>
                <TextEquiv>
                    <Unicode>2.</Unicode>
                </TextEquiv>
            </TextLine>
            <TextLine id="r1l3" custom="readingOrder {index:2;}">
                <Coords points="86,3498 96,3502 112,3498 119,3505 129,3505 137,3499 156,3503 172,3491 193,3491 198,3413 176,3406 171,3400 141,3422 130,3413 116,3416 107,3424 91,3423"/>
                <Baseline points="95,3480 125,3479 155,3482 186,3485"/>
                <TextEquiv>
                    <Unicode>R.</Unicode>
                </TextEquiv>
            </TextLine>
            <TextEquiv>
                <Unicode>R.
2.
R.</Unicode>
            </TextEquiv>
        </TextRegion>
        <TextRegion orientation="0.0" id="r2" custom="readingOrder {index:1;}">
            <Coords points="150,1799 150,2118 272,2118 272,1799"/>
            <TextLine id="r2l1" custom="readingOrder {index:0;}">
                <Coords points="142,1914 151,1917 167,1910 178,1922 194,1925 214,1914 228,1916 250,1898 279,1899 282,1803 255,1815 215,1818 203,1829 195,1826 183,1833 165,1827 144,1836"/>
                <Baseline points="150,1889 180,1889 211,1889 241,1890 272,1893"/>
                <TextEquiv>
                    <Unicode>R.</Unicode>
                </TextEquiv>
            </TextLine>
            <TextLine id="r2l2" custom="readingOrder {index:1;}">
                <Coords points="166,2085 174,2086 183,2078 187,2081 203,2077 226,2087 242,2086 247,1996 238,1994 231,1998 224,1992 210,1998 203,1994 183,1998 179,1994 170,1995"/>
                <Baseline points="173,2070 204,2070 236,2073"/>
                <TextEquiv>
                    <Unicode>D.</Unicode>
                </TextEquiv>
            </TextLine>
            <TextEquiv>
                <Unicode>R.
D.</Unicode>
            </TextEquiv>
        </TextRegion>
        <TextRegion orientation="0.0" id="r3" custom="readingOrder {index:2;}">
            <Coords points="143,130 143,1045 303,1045 303,130"/>
            <TextLine id="r3l1" custom="readingOrder {index:0;}">
                <Coords points="137,243 147,243 158,253 200,242 216,247 226,240 239,246 247,240 261,244 261,173 244,168 216,172 202,164 187,171 166,164 145,177 136,175"/>
                <Baseline points="143,230 170,233 198,232 226,230 254,233"/>
                <TextEquiv>
                    <Unicode>88.</Unicode>
                </TextEquiv>
            </TextLine>
            <TextLine id="r3l2" custom="readingOrder {index:1;}">
                <Coords points="197,547 217,543 225,553 253,558 276,572 288,445 273,443 260,449 255,446 212,475 204,472"/>
                <Baseline points="206,525 239,528 272,531"/>
                <TextEquiv>
                    <Unicode>2.</Unicode>
                </TextEquiv>
            </TextLine>
            <TextLine id="r3l3" custom="readingOrder {index:2;}">
                <Coords points="185,787 209,790 236,784 249,792 265,792 278,809 307,808 318,719 300,720 278,707 244,728 230,725 221,731 192,732"/>
                <Baseline points="194,774 221,777 248,781 275,784 303,788"/>
                <TextEquiv>
                    <Unicode>RR.</Unicode>
                </TextEquiv>
            </TextLine>
            <TextLine id="r3l4" custom="readingOrder {index:3;}">
                <Coords points="179,1020 188,1023 199,1019 204,1023 222,1018 227,1022 254,1003 261,1004 269,918 238,915 206,929 187,924"/>
                <Baseline points="189,989 222,995 255,995"/>
                <TextEquiv>
                    <Unicode>3.</Unicode>
                </TextEquiv>
            </TextLine>
            <TextEquiv>
                <Unicode>88.
2.
RR.
3.</Unicode>
            </TextEquiv>
        </TextRegion>
        <TextRegion orientation="0.0" id="r4" custom="readingOrder {index:3;}">
            <Coords points="291,496 291,3619 1374,3619 1374,496"/>
            <TextLine id="r4l1" custom="readingOrder {index:0;}">
                <Coords points="350,549 1000,571 1370,670 1375,616 1222,541 558,508 361,439"/>
                <Baseline points="359,525 409,530 459,534 509,537 560,539 610,541 660,545 711,547 761,549 811,552 862,556 912,559 962,564 1012,570 1063,576 1113,585 1163,593 1214,604 1264,617 1314,630 1365,645"/>
                <TextEquiv>
                    <Unicode>Pourqusi douc il avoit quide sa Bounso</Unicode>
                </TextEquiv>
            </TextLine>
            <TextLine id="r4l2" custom="readingOrder {index:1;}">
                <Coords points="367,591 528,600 554,630 770,614 800,644 924,612 1001,659 1092,639 1376,717 1342,651 1019,576 372,542"/>
                <Baseline points="375,584 424,588 474,590 524,593 574,596 624,597 673,599 723,601 773,604 823,606 873,610 922,614 972,619 1022,625 1072,632 1122,640 1171,649 1221,660 1271,673 1321,687 1371,704"/>
                <TextEquiv>
                    <Unicode>monie sonorecson argent, come ausu</Unicode>
                </TextEquiv>
            </TextLine>
            <TextLine id="r4l3" custom="readingOrder {index:2;}">
                <Coords points="358,665 915,671 1380,763 1383,725 1311,691 1089,642 364,592"/>
                <Baseline points="366,645 416,646 466,647 517,648 567,650 618,651 668,653 718,654 769,657 819,660 870,663 920,668 970,672 1021,678 1071,685 1122,693 1172,702 1222,712 1273,724 1323,735 1374,750"/>
                <TextEquiv>
                    <Unicode>ses pieces de cinq batz, quil tenoit dam</Unicode>
                </TextEquiv>
            </TextLine>
            <TextLine id="r4l4" custom="readingOrder {index:3;}">
                <Coords points="370,712 1123,757 1118,697 879,704 647,661 373,674"/>
                <Baseline points="378,701 414,702 451,704 488,705 525,707 562,708 599,709 636,711 673,712 710,714 747,716 783,717 820,720 857,723 894,726 931,729 968,732 1005,736 1042,741 1079,745 1116,750"/>
                <TextEquiv>
                    <Unicode>im Monchon bleuet bläuct</Unicode>
                </TextEquiv>
            </TextLine>
            <TextLine id="r4l5" custom="readingOrder {index:4;}">
                <Coords points="355,791 530,794 577,828 685,801 840,807 867,838 1039,818 1352,898 1356,850 1206,778 830,741 677,760 635,726 504,744 362,708"/>
                <Baseline points="363,783 412,786 461,788 510,790 559,792 609,794 658,795 707,797 756,798 805,801 855,804 904,807 953,811 1002,816 1051,821 1101,827 1150,836 1199,844 1248,854 1297,866 1347,879"/>
                <TextEquiv>
                    <Unicode>Quie ne serapeloit poiut davoir eucos</Unicode>
                </TextEquiv>
            </TextLine>
            <TextLine id="r4l6" custom="readingOrder {index:5;}">
                <Coords points="368,856 943,867 1345,942 1357,904 1078,828 371,810"/>
                <Baseline points="375,843 423,846 472,849 520,851 569,852 618,854 666,855 715,857 763,858 812,860 861,863 909,864 958,868 1006,872 1055,877 1104,884 1152,890 1201,898 1249,908 1298,919 1347,932"/>
                <TextEquiv>
                    <Unicode>pieces de sbatz daus leMouchoir, non</Unicode>
                </TextEquiv>
            </TextLine>
            <TextLine id="r4l7" custom="readingOrder {index:6;}">
                <Coords points="358,907 479,908 618,959 813,924 941,979 1051,944 1134,964 1136,907 1043,911 1009,879 951,904 361,859"/>
                <Baseline points="366,900 404,903 442,905 480,907 518,908 556,909 594,911 632,913 670,915 708,917 747,918 785,920 823,922 861,924 899,927 937,929 975,933 1013,936 1051,940 1089,944 1128,948"/>
                <TextEquiv>
                    <Unicode>aiant euque pour 14. fraucs.</Unicode>
                </TextEquiv>
            </TextLine>
            <TextLine id="r4l8" custom="readingOrder {index:7;}">
                <Coords points="346,1003 1076,1025 1321,1068 1324,1029 1231,996 1110,1009 747,937 619,960 483,915 350,959"/>
                <Baseline points="354,993 402,996 450,998 498,998 546,1000 594,1001 642,1003 690,1004 738,1007 786,1009 834,1011 882,1014 930,1017 978,1022 1026,1026 1074,1032 1122,1038 1170,1044 1218,1053 1266,1060 1314,1070"/>
                <TextEquiv>
                    <Unicode>hartoutes les diterentes relations</Unicode>
                </TextEquiv>
            </TextLine>
            <TextLine id="r4l9" custom="readingOrder {index:8;}">
                <Coords points="354,1083 477,1055 524,1095 652,1057 1347,1134 1351,1068 1147,1068 1076,1026 993,1054 831,1016 358,1020"/>
                <Baseline points="363,1053 411,1055 460,1055 509,1056 558,1056 607,1058 656,1059 705,1061 754,1062 803,1064 852,1065 900,1068 949,1072 998,1075 1047,1080 1096,1086 1145,1091 1194,1098 1243,1106 1292,1113 1341,1124"/>
                <TextEquiv>
                    <Unicode>quil afait aus Diven endroits oui</Unicode>
                </TextEquiv>
            </TextLine>
            <TextLine id="r4l10" custom="readingOrder {index:9;}">
                <Coords points="361,1125 667,1126 735,1157 853,1128 1344,1198 1346,1155 1206,1106 627,1090 541,1051 364,1079"/>
                <Baseline points="369,1110 417,1112 465,1113 514,1115 562,1116 611,1117 659,1118 708,1119 756,1121 805,1122 853,1124 901,1127 950,1130 998,1134 1047,1137 1095,1142 1144,1149 1192,1155 1241,1162 1289,1172 1338,1182"/>
                <TextEquiv>
                    <Unicode>acte ce meine jour, ie puroit evidem¬</Unicode>
                </TextEquiv>
            </TextLine>
            <TextLine id="r4l11" custom="readingOrder {index:10;}">
                <Coords points="361,1188 832,1181 976,1231 1075,1204 1368,1266 1372,1202 1250,1172 365,1125"/>
                <Baseline points="369,1173 418,1173 468,1175 517,1175 567,1175 617,1175 666,1176 716,1178 766,1179 815,1180 865,1182 915,1185 964,1188 1014,1191 1064,1196 1113,1201 1163,1207 1213,1215 1262,1221 1312,1230 1362,1241"/>
                <TextEquiv>
                    <Unicode>ment, quil arvit uuelouscieucernquidt</Unicode>
                </TextEquiv>
            </TextLine>
            <TextLine id="r4l12" custom="readingOrder {index:11;}">
                <Coords points="346,1261 465,1228 591,1268 831,1245 888,1279 929,1251 1266,1284 1268,1236 1227,1217 916,1221 738,1182 349,1195"/>
                <Baseline points="354,1233 399,1233 444,1232 489,1232 535,1233 580,1233 625,1233 671,1233 716,1235 761,1236 807,1237 852,1239 897,1240 942,1242 988,1245 1033,1249 1078,1253 1124,1257 1169,1262 1214,1268 1260,1274"/>
                <TextEquiv>
                    <Unicode>qui Cempechoit dejavoir cequil</Unicode>
                </TextEquiv>
            </TextLine>
            <TextLine id="r4l13" custom="readingOrder {index:12;}">
                <Coords points="354,1316 405,1333 520,1293 654,1328 714,1301 773,1339 814,1306 1314,1351 1316,1303 1125,1298 1066,1265 591,1267 527,1236 357,1259"/>
                <Baseline points="363,1295 410,1293 457,1293 504,1293 551,1293 599,1293 646,1293 693,1295 740,1296 787,1298 835,1301 882,1303 929,1305 976,1308 1023,1311 1071,1316 1118,1320 1165,1324 1212,1330 1259,1335 1307,1341"/>
                <TextEquiv>
                    <Unicode>disoit et cequie fuiosit: Quil devoit</Unicode>
                </TextEquiv>
            </TextLine>
            <TextLine id="r4l14" custom="readingOrder {index:13;}">
                <Coords points="353,1365 805,1364 947,1405 1242,1384 1313,1413 1353,1411 1355,1363 902,1312 876,1337 355,1313"/>
                <Baseline points="360,1352 409,1353 458,1353 508,1355 557,1355 606,1356 656,1356 705,1356 754,1358 804,1359 853,1360 902,1362 952,1364 1001,1367 1050,1369 1100,1372 1149,1376 1198,1382 1248,1386 1297,1392 1347,1398"/>
                <TextEquiv>
                    <Unicode>cousiderer combiendepreuves il avsit</Unicode>
                </TextEquiv>
            </TextLine>
            <TextLine id="r4l15" custom="readingOrder {index:14;}">
                <Coords points="340,1433 765,1428 801,1460 896,1422 1374,1486 1376,1424 752,1363 708,1391 402,1361 341,1386"/>
                <Baseline points="348,1415 399,1416 450,1418 501,1418 552,1418 603,1419 654,1419 705,1419 756,1421 807,1421 858,1422 909,1424 960,1424 1011,1427 1062,1429 1113,1433 1164,1437 1215,1442 1266,1449 1317,1455 1368,1463"/>
                <TextEquiv>
                    <Unicode>fourni contrelui par ine celle conduito¬</Unicode>
                </TextEquiv>
            </TextLine>
            <TextLine id="r4l16" custom="readingOrder {index:15;}">
                <Coords points="331,1494 424,1526 694,1486 1312,1529 1353,1522 1355,1476 1053,1474 892,1426 801,1460 756,1428 651,1460 506,1425 333,1454"/>
                <Baseline points="339,1481 389,1481 439,1481 490,1481 540,1481 591,1482 641,1482 691,1484 742,1484 792,1485 843,1487 893,1489 943,1491 994,1493 1044,1496 1095,1499 1145,1502 1195,1505 1246,1510 1296,1514 1347,1518"/>
                <TextEquiv>
                    <Unicode>Que seo negatives hardies neserviront</Unicode>
                </TextEquiv>
            </TextLine>
            <TextLine id="r4l17" custom="readingOrder {index:16;}">
                <Coords points="340,1573 540,1544 1344,1590 1324,1523 342,1510"/>
                <Baseline points="348,1544 397,1544 446,1544 496,1544 545,1544 595,1544 644,1544 694,1545 743,1546 793,1547 842,1548 891,1550 941,1551 990,1553 1040,1556 1089,1557 1139,1560 1188,1563 1238,1568 1287,1570 1337,1575"/>
                <TextEquiv>
                    <Unicode>quale couvaicie de faussete, et quil</Unicode>
                </TextEquiv>
            </TextLine>
            <TextLine id="r4l18" custom="readingOrder {index:17;}">
                <Coords points="343,1633 828,1607 982,1655 1075,1611 1238,1641 1275,1634 1276,1600 1104,1564 909,1589 832,1553 690,1585 409,1548 344,1581"/>
                <Baseline points="351,1605 396,1607 442,1607 488,1607 534,1608 580,1608 626,1608 671,1608 717,1608 763,1608 809,1608 855,1610 901,1610 947,1611 992,1613 1038,1614 1084,1617 1130,1619 1176,1622 1222,1625 1268,1629"/>
                <TextEquiv>
                    <Unicode>verdra le Merite dune Contession</Unicode>
                </TextEquiv>
            </TextLine>
            <TextLine id="r4l19" custom="readingOrder {index:18;}">
                <Coords points="350,1672 1205,1704 1260,1692 1261,1649 1042,1629 975,1654 920,1620 759,1615 350,1638"/>
                <Baseline points="357,1662 401,1665 446,1666 491,1668 536,1669 581,1670 626,1671 670,1671 715,1673 760,1673 805,1673 850,1673 895,1674 940,1674 984,1674 1029,1675 1074,1676 1119,1677 1164,1677 1209,1679 1254,1680"/>
                <TextEquiv>
                    <Unicode>voContaire G. Quce doit done</Unicode>
                </TextEquiv>
            </TextLine>
            <TextLine id="r4l20" custom="readingOrder {index:19;}">
                <Coords points="338,1742 671,1730 920,1781 992,1745 1217,1773 1327,1765 1329,1712 992,1686 904,1710 854,1680 667,1709 464,1675 397,1703 340,1676"/>
                <Baseline points="345,1724 393,1725 442,1727 491,1728 540,1730 588,1730 637,1731 686,1733 735,1733 783,1734 832,1736 881,1737 930,1737 978,1739 1027,1740 1076,1743 1125,1745 1173,1746 1222,1749 1271,1752 1320,1755"/>
                <TextEquiv>
                    <Unicode>declarei laverite, et faire ine wude</Unicode>
                </TextEquiv>
            </TextLine>
            <TextLine id="r4l21" custom="readingOrder {index:20;}">
                <Coords points="334,1825 398,1817 440,1828 530,1802 559,1821 687,1823 689,1733 625,1758 485,1729 395,1755 377,1741 336,1746"/>
                <Baseline points="342,1784 368,1785 394,1785 420,1785 446,1785 472,1785 498,1785 524,1785 550,1786 576,1787 602,1788 628,1791 654,1793 681,1796"/>
                <TextEquiv>
                    <Unicode>Confession</Unicode>
                </TextEquiv>
            </TextLine>
            <TextLine id="r4l22" custom="readingOrder {index:21;}">
                <Coords points="334,1909 422,1890 562,1930 596,1898 709,1898 804,1939 973,1898 1239,1928 1336,1897 1197,1844 862,1854 701,1814 544,1865 335,1831"/>
                <Baseline points="342,1887 391,1889 440,1890 489,1892 539,1892 588,1893 637,1893 687,1895 736,1895 785,1896 835,1896 884,1896 933,1896 982,1898 1032,1898 1081,1898 1130,1898 1180,1899 1229,1899 1278,1901 1328,1902"/>
                <TextEquiv>
                    <Unicode>Zuie nepouvoit pas avouer davow</Unicode>
                </TextEquiv>
            </TextLine>
            <TextLine id="r4l23" custom="readingOrder {index:22;}">
                <Coords points="347,1974 669,1963 731,1994 810,1966 968,1985 1026,1949 1225,1991 1341,1969 1341,1907 975,1899 868,1929 813,1896 768,1929 636,1894 567,1927 347,1923"/>
                <Baseline points="354,1952 403,1953 452,1955 501,1955 550,1955 599,1955 648,1955 697,1955 746,1955 795,1953 844,1953 893,1953 942,1952 991,1952 1040,1952 1089,1952 1138,1952 1187,1953 1236,1953 1285,1955 1335,1956"/>
                <TextEquiv>
                    <Unicode>comis cevol; quie ne Cavoit pao fait.</Unicode>
                </TextEquiv>
            </TextLine>
            <TextLine id="r4l24" custom="readingOrder {index:23;}">
                <Coords points="312,2083 1357,2091 1358,2038 1031,2007 893,2050 747,2007 623,2039 313,1998"/>
                <Baseline points="320,2064 371,2064 423,2066 474,2066 526,2066 577,2067 629,2067 680,2069 732,2069 783,2070 835,2070 886,2072 938,2072 989,2072 1041,2072 1092,2072 1144,2072 1195,2071 1247,2070 1298,2069 1350,2067"/>
                <TextEquiv>
                    <Unicode>Quie etvitaverti, queles Semoius etoien</Unicode>
                </TextEquiv>
            </TextLine>
            <TextLine id="r4l25" custom="readingOrder {index:24;}">
                <Coords points="319,2146 406,2130 447,2165 628,2131 753,2164 926,2125 1018,2158 1091,2133 1285,2161 1264,2077 1195,2104 320,2083"/>
                <Baseline points="327,2127 374,2127 422,2127 469,2127 517,2127 564,2127 612,2127 659,2127 707,2127 754,2127 802,2127 850,2129 897,2129 945,2129 992,2129 1040,2129 1087,2130 1135,2130 1182,2130 1230,2130 1278,2130"/>
                <TextEquiv>
                    <Unicode>touo prets, qui seroit aussitot con¬</Unicode>
                </TextEquiv>
            </TextLine>
            <TextLine id="r4l26" custom="readingOrder {index:25;}">
                <Coords points="334,2196 506,2193 555,2222 806,2189 895,2223 1003,2195 1042,2224 1098,2192 1275,2189 1258,2152 1180,2141 334,2155"/>
                <Baseline points="341,2186 387,2186 433,2186 480,2186 526,2186 572,2187 619,2187 665,2187 711,2187 758,2187 804,2187 850,2187 897,2187 943,2187 989,2187 1036,2187 1082,2186 1128,2186 1175,2186 1221,2185 1268,2184"/>
                <TextEquiv>
                    <Unicode>vainen surtontes ses Negatives:</Unicode>
                </TextEquiv>
            </TextLine>
            <TextLine id="r4l27" custom="readingOrder {index:26;}">
                <Coords points="301,2275 1315,2280 1332,2239 931,2230 797,2192 622,2241 380,2196 300,2230"/>
                <Baseline points="308,2261 358,2261 409,2261 460,2261 511,2261 562,2261 613,2261 663,2261 714,2260 765,2259 816,2259 867,2259 918,2259 969,2259 1019,2259 1070,2259 1121,2259 1172,2259 1223,2259 1274,2261 1325,2261"/>
                <TextEquiv>
                    <Unicode>Javon Quie Pesttrouve lemalin,</Unicode>
                </TextEquiv>
            </TextLine>
            <TextLine id="r4l28" custom="readingOrder {index:27;}">
                <Coords points="320,2346 759,2318 1297,2337 1296,2286 1206,2263 818,2298 319,2276"/>
                <Baseline points="327,2328 375,2327 423,2325 471,2324 519,2322 567,2322 615,2321 664,2319 712,2319 760,2319 808,2318 856,2318 904,2317 952,2316 1001,2316 1049,2316 1097,2316 1145,2315 1193,2315 1241,2315 1290,2313"/>
                <TextEquiv>
                    <Unicode>Cendemanduroe araut les sipneurs</Unicode>
                </TextEquiv>
            </TextLine>
            <TextLine id="r4l29" custom="readingOrder {index:28;}">
                <Coords points="317,2414 480,2388 541,2424 811,2377 1028,2410 1215,2380 1249,2407 1334,2378 1332,2317 316,2351"/>
                <Baseline points="324,2387 374,2385 424,2384 474,2382 524,2381 574,2381 624,2379 674,2379 724,2378 774,2378 825,2376 875,2375 925,2375 975,2373 1025,2373 1075,2372 1125,2370 1175,2369 1225,2367 1275,2365 1326,2363"/>
                <TextEquiv>
                    <Unicode>aCapeley, ou ie alie unCheval, et quil</Unicode>
                </TextEquiv>
            </TextLine>
            <TextLine id="r4l30" custom="readingOrder {index:29;}">
                <Coords points="317,2462 444,2489 508,2455 567,2484 704,2449 822,2475 1101,2427 1238,2466 1337,2439 1336,2405 1125,2386 941,2419 779,2391 542,2422 477,2388 412,2425 316,2415"/>
                <Baseline points="324,2450 374,2448 424,2448 474,2448 525,2447 575,2447 625,2446 675,2445 726,2444 776,2444 826,2443 876,2442 927,2441 977,2439 1027,2439 1077,2438 1128,2436 1178,2435 1228,2433 1278,2432 1329,2430"/>
                <TextEquiv>
                    <Unicode>etoit fort presse departi ze Quapres</Unicode>
                </TextEquiv>
            </TextLine>
            <TextLine id="r4l31" custom="readingOrder {index:30;}">
                <Coords points="319,2519 1276,2509 1330,2502 1329,2446 318,2482"/>
                <Baseline points="326,2507 375,2507 425,2507 475,2505 525,2505 575,2505 624,2504 674,2504 724,2502 774,2502 824,2501 873,2499 923,2499 973,2498 1023,2496 1073,2495 1122,2493 1172,2490 1222,2489 1272,2486 1322,2484"/>
                <TextEquiv>
                    <Unicode>cela, il avuide ja Bourse a Guamine,</Unicode>
                </TextEquiv>
            </TextLine>
            <TextLine id="r4l32" custom="readingOrder {index:31;}">
                <Coords points="330,2584 1110,2580 1257,2555 1256,2504 329,2537"/>
                <Baseline points="336,2562 381,2561 427,2561 473,2561 518,2561 564,2561 610,2561 655,2561 701,2561 747,2561 793,2559 838,2559 884,2559 930,2558 975,2558 1021,2556 1067,2555 1112,2553 1158,2552 1204,2550 1250,2549"/>
                <TextEquiv>
                    <Unicode>nontre Beaucoupd Oretd argent.</Unicode>
                </TextEquiv>
            </TextLine>
            <TextLine id="r4l33" custom="readingOrder {index:32;}">
                <Coords points="329,2632 1280,2622 1257,2543 1193,2585 1140,2560 329,2589"/>
                <Baseline points="336,2616 382,2616 429,2615 476,2615 523,2615 570,2615 616,2613 663,2613 710,2613 757,2613 804,2612 850,2612 897,2612 944,2610 991,2610 1038,2609 1084,2607 1131,2607 1178,2606 1225,2604 1272,2601"/>
                <TextEquiv>
                    <Unicode>nommement beaucoupde piecettes de</Unicode>
                </TextEquiv>
            </TextLine>
            <TextLine id="r4l34" custom="readingOrder {index:33;}">
                <Coords points="308,2690 527,2714 739,2674 855,2710 1212,2664 1305,2699 1332,2624 307,2642"/>
                <Baseline points="315,2678 365,2676 416,2675 466,2675 517,2675 567,2675 618,2675 668,2675 719,2675 769,2673 820,2673 871,2673 921,2673 972,2672 1022,2672 1073,2670 1123,2669 1174,2667 1224,2665 1275,2662 1326,2658"/>
                <TextEquiv>
                    <Unicode>meine que beaucoup de Pieces deding</Unicode>
                </TextEquiv>
            </TextLine>
            <TextLine id="r4l35" custom="readingOrder {index:34;}">
                <Coords points="296,2755 516,2777 572,2740 765,2762 925,2729 1278,2734 1293,2687 1211,2665 1151,2699 931,2711 593,2681 446,2719 294,2692"/>
                <Baseline points="303,2742 352,2742 401,2741 450,2741 499,2739 548,2739 597,2738 647,2736 696,2735 745,2735 794,2733 843,2732 892,2729 941,2728 991,2727 1040,2725 1089,2723 1138,2722 1187,2720 1236,2718 1286,2717"/>
                <TextEquiv>
                    <Unicode>batz, quie awoit dauo im Monchow</Unicode>
                </TextEquiv>
            </TextLine>
            <TextLine id="r4l36" custom="readingOrder {index:35;}">
                <Coords points="288,2830 1174,2817 1320,2769 1319,2729 963,2777 286,2758"/>
                <Baseline points="294,2813 347,2810 401,2810 454,2808 508,2808 562,2807 615,2807 669,2805 723,2805 776,2804 830,2804 883,2802 937,2801 991,2799 1044,2798 1098,2795 1152,2791 1205,2788 1259,2784 1313,2778"/>
                <TextEquiv>
                    <Unicode>Duenouite il a encor montre a Morat</Unicode>
                </TextEquiv>
            </TextLine>
            <TextLine id="r4l37" custom="readingOrder {index:36;} place {offset:29; length:6;}">
                <Coords points="305,2884 560,2860 640,2904 903,2866 974,2902 1020,2867 1319,2852 1318,2807 1201,2799 1049,2835 304,2830"/>
                <Baseline points="312,2871 364,2870 417,2868 469,2867 522,2867 574,2865 627,2865 680,2865 732,2865 785,2865 837,2864 890,2864 942,2862 995,2862 1048,2860 1100,2858 1153,2856 1205,2852 1258,2848 1311,2844"/>
                <TextEquiv>
                    <Unicode>lemeine Argent, ainoi que la Bourse</Unicode>
                </TextEquiv>
            </TextLine>
            <TextLine id="r4l38" custom="readingOrder {index:37;}">
                <Coords points="290,2952 862,2935 891,2960 939,2933 986,2961 1304,2906 1252,2862 979,2903 392,2876 290,2914"/>
                <Baseline points="297,2931 349,2930 402,2930 454,2930 507,2930 559,2930 612,2930 665,2930 717,2930 770,2930 822,2930 875,2928 927,2927 980,2925 1033,2924 1085,2921 1138,2918 1190,2913 1243,2910 1296,2904"/>
                <TextEquiv>
                    <Unicode>janne et blauche, et que vartout ila</Unicode>
                </TextEquiv>
            </TextLine>
            <TextLine id="r4l39" custom="readingOrder {index:38;} place {offset:19; length:5;}">
                <Coords points="302,3022 1211,3009 1345,2989 1343,2921 823,2967 760,2938 664,2969 300,2955"/>
                <Baseline points="308,2999 359,2997 410,2997 462,2996 513,2994 565,2994 616,2994 668,2993 719,2993 771,2991 822,2991 873,2990 925,2988 976,2986 1028,2984 1079,2979 1131,2976 1182,2972 1234,2966 1285,2960 1337,2954"/>
                <TextEquiv>
                    <Unicode>dit quie reuvit de Berne, souo diferend</Unicode>
                </TextEquiv>
            </TextLine>
            <TextLine id="r4l40" custom="readingOrder {index:39;}">
                <Coords points="298,3093 310,3096 346,3069 360,3079 394,3063 474,3085 491,3076 512,3093 556,3075 590,3077 588,3009 563,3021 518,3012 474,3028 440,3015 342,3031 297,3017"/>
                <Baseline points="305,3062 330,3061 355,3060 380,3059 405,3059 430,3057 456,3057 481,3057 506,3056 531,3056 556,3056 582,3057"/>
                <TextEquiv>
                    <Unicode>pretextes</Unicode>
                </TextEquiv>
            </TextLine>
            <TextLine id="r4l41" custom="readingOrder {index:40;}">
                <Coords points="302,3192 654,3168 779,3211 846,3169 1342,3134 1340,3088 1275,3079 1204,3113 1110,3080 820,3130 300,3120"/>
                <Baseline points="309,3168 360,3167 411,3167 462,3167 514,3167 565,3167 616,3167 667,3167 719,3167 770,3167 821,3165 872,3165 924,3164 975,3161 1026,3158 1077,3155 1129,3151 1180,3145 1231,3139 1282,3131 1334,3123"/>
                <TextEquiv>
                    <Unicode>Quil nepouvoit pusdire autra chose,</Unicode>
                </TextEquiv>
            </TextLine>
            <TextLine id="r4l42" custom="readingOrder {index:41;}">
                <Coords points="311,3249 820,3242 1000,3206 1102,3248 1349,3193 1347,3142 1165,3188 937,3165 836,3202 775,3168 679,3205 538,3167 454,3215 309,3204"/>
                <Baseline points="317,3233 368,3231 419,3231 470,3230 521,3228 573,3228 624,3227 675,3227 726,3225 777,3224 829,3223 880,3221 931,3219 982,3217 1033,3214 1085,3209 1136,3206 1187,3198 1238,3193 1289,3185 1341,3177"/>
                <TextEquiv>
                    <Unicode>que ce quie avvit deja dit etquaumoind</Unicode>
                </TextEquiv>
            </TextLine>
            <TextLine id="r4l43" custom="readingOrder {index:42;}">
                <Coords points="301,3313 445,3334 580,3290 705,3307 772,3284 844,3304 936,3276 935,3230 839,3251 806,3234 739,3267 479,3267 440,3244 300,3262"/>
                <Baseline points="308,3299 339,3297 370,3297 401,3296 432,3294 463,3294 494,3293 525,3293 556,3292 587,3291 618,3291 649,3290 680,3290 711,3288 742,3288 773,3287 804,3286 835,3285 866,3284 897,3282 929,3281"/>
                <TextEquiv>
                    <Unicode>il napas conis le Vol</Unicode>
                </TextEquiv>
            </TextLine>
            <TextLine id="r4l44" custom="readingOrder {index:43;}">
                <Coords points="285,3406 415,3424 561,3379 1023,3401 1294,3356 1293,3298 1219,3314 1176,3285 903,3345 284,3340"/>
                <Baseline points="291,3378 340,3377 390,3377 440,3377 490,3375 539,3375 589,3375 639,3375 689,3375 738,3375 788,3375 838,3374 888,3373 937,3372 987,3369 1037,3366 1087,3364 1136,3360 1186,3356 1236,3350 1286,3344"/>
                <TextEquiv>
                    <Unicode>Quel jour ie est arrive á Neuchatel!</Unicode>
                </TextEquiv>
            </TextLine>
            <TextLine id="r4l45" custom="readingOrder {index:44;}">
                <Coords points="296,3486 467,3457 1069,3464 1242,3434 1299,3406 1298,3368 1063,3419 883,3393 737,3426 352,3401 294,3430"/>
                <Baseline points="302,3461 351,3458 401,3457 450,3456 500,3455 549,3455 599,3455 648,3455 698,3455 747,3455 797,3455 846,3453 896,3452 945,3450 995,3448 1044,3444 1094,3440 1143,3435 1193,3428 1242,3420 1292,3411"/>
                <TextEquiv>
                    <Unicode>Apreo setve unpen sonvenn, ie adit</Unicode>
                </TextEquiv>
            </TextLine>
            <TextLine id="r4l46" custom="readingOrder {index:45;}">
                <Coords points="293,3558 577,3523 652,3562 873,3515 1134,3523 1132,3445 1000,3482 844,3471 817,3499 717,3466 629,3494 468,3457 292,3503"/>
                <Baseline points="299,3528 340,3527 381,3525 423,3524 464,3524 506,3522 547,3522 588,3521 630,3521 671,3521 713,3519 754,3519 795,3518 837,3516 878,3515 920,3513 961,3512 1002,3510 1044,3507 1085,3504 1127,3501"/>
                <TextEquiv>
                    <Unicode>quecetoit im jbur de Marche.</Unicode>
                </TextEquiv>
            </TextLine>
            <TextLine id="r4l47" custom="readingOrder {index:46;}">
                <Coords points="1074,3629 1106,3621 1130,3624 1161,3613 1174,3615 1184,3607 1203,3608 1201,3548 1181,3548 1156,3540 1145,3545 1136,3542 1089,3584 1071,3588"/>
                <Baseline points="1079,3605 1108,3602 1137,3599 1166,3597 1196,3599"/>
                <TextEquiv>
                    <Unicode>Lui¬</Unicode>
                </TextEquiv>
            </TextLine>
            <TextEquiv>
                <Unicode>Pourqusi douc il avoit quide sa Bounso
monie sonorecson argent, come ausu
ses pieces de cinq batz, quil tenoit dam
im Monchon bleuet bläuct
Quie ne serapeloit poiut davoir eucos
pieces de sbatz daus leMouchoir, non
aiant euque pour 14. fraucs.
hartoutes les diterentes relations
quil afait aus Diven endroits oui
acte ce meine jour, ie puroit evidem¬
ment, quil arvit uuelouscieucernquidt
qui Cempechoit dejavoir cequil
disoit et cequie fuiosit: Quil devoit
cousiderer combiendepreuves il avsit
fourni contrelui par ine celle conduito¬
Que seo negatives hardies neserviront
quale couvaicie de faussete, et quil
verdra le Merite dune Contession
voContaire G. Quce doit done
declarei laverite, et faire ine wude
Confession
Zuie nepouvoit pas avouer davow
comis cevol; quie ne Cavoit pao fait.
Quie etvitaverti, queles Semoius etoien
touo prets, qui seroit aussitot con¬
vainen surtontes ses Negatives:
Javon Quie Pesttrouve lemalin,
Cendemanduroe araut les sipneurs
aCapeley, ou ie alie unCheval, et quil
etoit fort presse departi ze Quapres
cela, il avuide ja Bourse a Guamine,
nontre Beaucoupd Oretd argent.
nommement beaucoupde piecettes de
meine que beaucoup de Pieces deding
batz, quie awoit dauo im Monchow
Duenouite il a encor montre a Morat
lemeine Argent, ainoi que la Bourse
janne et blauche, et que vartout ila
dit quie reuvit de Berne, souo diferend
pretextes
Quil nepouvoit pusdire autra chose,
que ce quie avvit deja dit etquaumoind
il napas conis le Vol
Quel jour ie est arrive á Neuchatel!
Apreo setve unpen sonvenn, ie adit
quecetoit im jbur de Marche.
Lui¬</Unicode>
            </TextEquiv>
        </TextRegion>
        <TextRegion orientation="0.0" id="r5" custom="readingOrder {index:4;}">
            <Coords points="1467,2493 1467,3195 1544,3195 1544,2493"/>
            <TextLine id="r5l1" custom="readingOrder {index:0;}">
                <Coords points="1491,2590 1505,2591 1511,2595 1523,2590 1527,2594 1536,2595 1545,2513 1535,2512 1529,2516 1517,2510 1506,2517 1499,2517"/>
                <Baseline points="1500,2579 1530,2582"/>
                <TextEquiv>
                    <Unicode>2.</Unicode>
                </TextEquiv>
            </TextLine>
            <TextLine id="r5l2" custom="readingOrder {index:1;}">
                <Coords points="1469,2777 1484,2784 1496,2782 1498,2786 1514,2791 1527,2785 1535,2794 1548,2794 1559,2717 1549,2717 1544,2710 1535,2716 1521,2710 1509,2716 1507,2712 1502,2715 1497,2710 1486,2715 1478,2714"/>
                <Baseline points="1478,2766 1511,2769 1544,2775"/>
                <TextEquiv>
                    <Unicode>R</Unicode>
                </TextEquiv>
            </TextLine>
            <TextLine id="r5l3" custom="readingOrder {index:2;}">
                <Coords points="1496,2924 1502,2925 1506,2931 1512,2932 1520,2939 1527,2937 1538,2940 1562,2837 1541,2836 1530,2842 1516,2840"/>
                <Baseline points="1505,2915 1535,2922"/>
                <TextEquiv>
                    <Unicode>2.</Unicode>
                </TextEquiv>
            </TextLine>
            <TextLine id="r5l4" custom="readingOrder {index:3;}">
                <Coords points="1455,3148 1465,3149 1467,3153 1487,3149 1506,3177 1511,3174 1517,3177 1529,3170 1539,3171 1557,3100 1531,3084 1522,3088 1509,3082 1504,3074 1475,3074"/>
                <Baseline points="1467,3134 1501,3141 1536,3152"/>
                <TextEquiv>
                    <Unicode>R.</Unicode>
                </TextEquiv>
            </TextLine>
            <TextEquiv>
                <Unicode>2.
R
2.
R.</Unicode>
            </TextEquiv>
        </TextRegion>
        <TextRegion orientation="0.0" id="r6" custom="readingOrder {index:5;}">
            <Coords points="1503,746 1503,1459 1572,1459 1572,746"/>
            <TextLine id="r6l1" custom="readingOrder {index:0;}">
                <Coords points="1505,858 1532,853 1547,862 1555,861 1555,756 1541,756 1538,753 1525,756 1518,752 1505,752"/>
                <Baseline points="1512,840 1548,840"/>
                <TextEquiv>
                    <Unicode>2.</Unicode>
                </TextEquiv>
            </TextLine>
            <TextLine id="r6l2" custom="readingOrder {index:1;}">
                <Coords points="1501,1052 1508,1052 1534,1026 1547,1036 1553,1032 1562,1037 1569,1036 1559,948 1549,949 1540,945 1529,948 1502,970 1492,971"/>
                <Baseline points="1506,1029 1533,1026 1560,1023"/>
                <TextEquiv>
                    <Unicode>R.</Unicode>
                </TextEquiv>
            </TextLine>
            <TextLine id="r6l3" custom="readingOrder {index:2;}">
                <Coords points="1520,1229 1536,1224 1540,1228 1549,1228 1558,1236 1567,1235 1557,1142 1550,1143 1538,1153 1532,1150 1522,1157 1513,1158"/>
                <Baseline points="1526,1217 1557,1214"/>
                <TextEquiv>
                    <Unicode>8.</Unicode>
                </TextEquiv>
            </TextLine>
            <TextLine id="r6l4" custom="readingOrder {index:3;}">
                <Coords points="1496,1423 1510,1425 1534,1409 1548,1420 1579,1420 1579,1347 1561,1341 1549,1348 1539,1347 1524,1361 1513,1364 1504,1358 1496,1358"/>
                <Baseline points="1503,1412 1537,1412 1572,1412"/>
                <TextEquiv>
                    <Unicode>R.</Unicode>
                </TextEquiv>
            </TextLine>
            <TextEquiv>
                <Unicode>2.
R.
8.
R.</Unicode>
            </TextEquiv>
        </TextRegion>
        <TextRegion orientation="0.0" id="r7" custom="readingOrder {index:6;}">
            <Coords points="1592,112 1592,3601 2786,3601 2786,112"/>
            <TextLine id="r7l1" custom="readingOrder {index:0;}">
                <Coords points="2666,155 2691,166 2695,163 2724,183 2730,175 2752,179 2794,146 2788,81 2768,83 2764,79 2749,87 2728,81 2698,103 2689,103 2679,116 2662,122"/>
                <Baseline points="2672,152 2700,148 2729,146 2757,144 2786,140"/>
                <TextEquiv>
                    <Unicode>80.</Unicode>
                </TextEquiv>
            </TextLine>
            <TextLine id="r7l2" custom="readingOrder {index:1;}">
                <Coords points="1621,648 2433,485 2726,479 2766,455 2755,385 1610,578"/>
                <Baseline points="1625,626 1681,616 1738,607 1794,598 1851,589 1908,579 1964,571 2021,561 2077,552 2134,543 2191,533 2247,524 2304,516 2360,506 2417,498 2474,489 2530,480 2587,472 2643,462 2700,453 2757,444"/>
                <TextEquiv>
                    <Unicode>Lin aint, surcela fait convenir quele jeudi</Unicode>
                </TextEquiv>
            </TextLine>
            <TextLine id="r7l3" custom="readingOrder {index:2;} person {offset:24; length:10;}">
                <Coords points="1637,682 2257,586 2333,616 2398,569 2750,508 2727,447 2667,491 2376,507 2225,565 2136,549 1632,650"/>
                <Baseline points="1643,677 1697,666 1752,657 1807,647 1862,639 1917,631 1972,622 2027,613 2082,606 2137,598 2192,591 2246,583 2301,576 2356,567 2411,559 2466,551 2521,541 2576,534 2631,523 2686,513 2741,503"/>
                <TextEquiv>
                    <Unicode>etoit leionide Marché a Neuschätel, ouli</Unicode>
                </TextEquiv>
            </TextLine>
            <TextLine id="r7l4" custom="readingOrder {index:3;}">
                <Coords points="1629,754 1738,717 1771,727 1846,701 1866,710 1923,691 1945,704 2022,675 2084,676 2101,666 2094,616 2010,621 1921,656 1782,656 1761,680 1621,702"/>
                <Baseline points="1632,729 1657,726 1683,722 1708,718 1734,714 1760,710 1785,705 1811,702 1836,698 1862,693 1888,689 1913,686 1939,682 1964,678 1990,674 2016,671 2041,669 2067,666 2093,663"/>
                <TextEquiv>
                    <Unicode>genolits demaude:</Unicode>
                </TextEquiv>
            </TextLine>
            <TextLine id="r7l5" custom="readingOrder {index:4;}">
                <Coords points="1634,817 2694,676 2727,654 2717,584 2215,706 1817,759 1714,722 1626,763"/>
                <Baseline points="1640,806 1694,800 1748,793 1802,786 1856,779 1910,772 1964,764 2018,757 2072,749 2126,741 2180,733 2234,725 2288,718 2342,710 2396,701 2450,693 2504,685 2558,677 2612,669 2666,661 2720,653"/>
                <TextEquiv>
                    <Unicode>Sapres cela il convenoituvoir etea Morat</Unicode>
                </TextEquiv>
            </TextLine>
            <TextLine id="r7l6" custom="readingOrder {index:5;} place {offset:8; length:8;}">
                <Coords points="1629,887 2737,736 2728,675 2544,715 2467,691 2390,735 1623,839"/>
                <Baseline points="1634,866 1688,858 1743,850 1797,843 1852,836 1907,827 1961,820 2016,813 2070,805 2125,797 2180,790 2234,782 2289,775 2343,768 2398,760 2453,752 2507,744 2562,738 2616,729 2671,723 2726,714"/>
                <TextEquiv>
                    <Unicode>Quemine Glapelen, le Mecvedy 6. puis que</Unicode>
                </TextEquiv>
            </TextLine>
            <TextLine id="r7l7" custom="readingOrder {index:6;}">
                <Coords points="1633,942 2759,801 2751,737 2585,740 2486,787 1896,831 1868,866 1796,847 1627,892"/>
                <Baseline points="1637,920 1692,911 1748,904 1803,895 1859,888 1915,880 1970,872 2026,864 2082,857 2137,851 2193,844 2249,837 2304,831 2360,825 2416,818 2471,812 2527,806 2583,801 2638,796 2694,791 2750,785"/>
                <TextEquiv>
                    <Unicode>cetoitlejour avunt quie arriva a Heuchatel.</Unicode>
                </TextEquiv>
            </TextLine>
            <TextLine id="r7l8" custom="readingOrder {index:7;}">
                <Coords points="1626,1004 2429,926 2685,879 2710,828 1947,896 1811,946 1673,923 1621,962"/>
                <Baseline points="1631,995 1684,989 1738,981 1792,976 1846,969 1900,964 1954,958 2007,952 2061,947 2115,940 2169,933 2223,929 2277,922 2331,915 2384,909 2438,903 2492,896 2546,889 2600,883 2654,875 2708,869"/>
                <TextEquiv>
                    <Unicode>RRepouse quiene pouvvit die autrement</Unicode>
                </TextEquiv>
            </TextLine>
            <TextLine id="r7l9" custom="readingOrder {index:8;}">
                <Coords points="1626,1064 1780,1069 1879,1012 2092,1043 2129,1005 2619,959 2711,931 2709,899 2016,985 1885,959 1835,999 1620,1013"/>
                <Baseline points="1631,1047 1684,1042 1738,1037 1792,1031 1845,1026 1899,1021 1953,1015 2006,1010 2060,1005 2114,1001 2168,995 2221,989 2275,982 2329,977 2382,970 2436,964 2490,957 2543,950 2597,944 2651,935 2705,927"/>
                <TextEquiv>
                    <Unicode>sinonque Quirriut sa Route de Bäle, ce¬</Unicode>
                </TextEquiv>
            </TextLine>
            <TextLine id="r7l10" custom="readingOrder {index:9;}">
                <Coords points="1621,1136 1739,1098 1932,1107 2158,1064 2379,1062 2370,978 2285,1007 2229,993 2199,1020 2132,1004 2097,1038 1878,1013 1779,1069 1748,1050 1615,1078"/>
                <Baseline points="1625,1107 1662,1103 1699,1097 1736,1093 1773,1088 1811,1084 1848,1080 1885,1076 1922,1071 1959,1068 1997,1065 2034,1061 2071,1058 2108,1055 2145,1051 2183,1047 2220,1044 2257,1040 2294,1036 2331,1033 2369,1029"/>
                <TextEquiv>
                    <Unicode>devoitettele 5 e Uon ee62.</Unicode>
                </TextEquiv>
            </TextLine>
            <TextLine id="r7l11" custom="readingOrder {index:10;}">
                <Coords points="1618,1205 1687,1229 1777,1183 1998,1200 2261,1139 2590,1131 2681,1099 2678,1061 1612,1134"/>
                <Baseline points="1625,1194 1677,1189 1730,1185 1782,1181 1835,1175 1887,1172 1940,1166 1992,1163 2045,1157 2097,1153 2150,1148 2202,1144 2255,1140 2307,1136 2360,1131 2412,1127 2465,1122 2517,1118 2570,1113 2622,1110 2675,1106"/>
                <TextEquiv>
                    <Unicode>Juesa Routele condamnsit absolument</Unicode>
                </TextEquiv>
            </TextLine>
            <TextLine id="r7l12" custom="readingOrder {index:11;}">
                <Coords points="1623,1290 2102,1217 2671,1202 2676,1138 2457,1132 2355,1172 1618,1234"/>
                <Baseline points="1628,1256 1680,1251 1732,1247 1784,1242 1836,1239 1889,1233 1941,1229 1993,1224 2045,1221 2097,1217 2150,1212 2202,1208 2254,1204 2306,1200 2358,1197 2411,1193 2463,1189 2515,1184 2567,1181 2619,1178 2672,1173"/>
                <TextEquiv>
                    <Unicode>viis quie nepouvoit nommer aucun licu¬</Unicode>
                </TextEquiv>
            </TextLine>
            <TextLine id="r7l13" custom="readingOrder {index:12;}">
                <Coords points="1626,1330 2222,1265 2311,1300 2637,1271 2764,1248 2759,1178 1623,1288"/>
                <Baseline points="1631,1313 1687,1307 1743,1303 1799,1299 1856,1295 1912,1290 1968,1286 2024,1283 2081,1279 2137,1274 2193,1271 2249,1266 2306,1262 2362,1257 2418,1253 2474,1250 2531,1245 2587,1241 2643,1236 2699,1231 2756,1227"/>
                <TextEquiv>
                    <Unicode>ou il eut passe la Muit du Mardi anMecredi.</Unicode>
                </TextEquiv>
            </TextLine>
            <TextLine id="r7l14" custom="readingOrder {index:13;}">
                <Coords points="1612,1410 2725,1351 2720,1275 1774,1363 1608,1342"/>
                <Baseline points="1619,1400 1673,1397 1728,1394 1783,1389 1838,1386 1893,1383 1948,1380 2003,1378 2058,1374 2113,1370 2168,1367 2222,1362 2277,1359 2332,1355 2387,1351 2442,1347 2497,1343 2552,1338 2607,1334 2662,1330 2717,1325"/>
                <TextEquiv>
                    <Unicode>Quil apvurtant dit larerite, et quil ua</Unicode>
                </TextEquiv>
            </TextLine>
            <TextLine id="r7l15" custom="readingOrder {index:14;} place {offset:11; length:5;}">
                <Coords points="1628,1491 1656,1479 1683,1493 1719,1477 1760,1485 1835,1457 1880,1478 1941,1457 1998,1468 2028,1449 2024,1377 1946,1393 1920,1384 1841,1423 1797,1397 1785,1411 1752,1398 1708,1431 1625,1431"/>
                <Baseline points="1634,1463 1659,1461 1685,1460 1711,1457 1737,1455 1763,1454 1788,1452 1814,1450 1840,1448 1866,1447 1892,1446 1917,1445 1943,1443 1969,1443 1995,1442 2021,1442"/>
                <TextEquiv>
                    <Unicode>pas ete eu Bille.</Unicode>
                </TextEquiv>
            </TextLine>
            <TextLine id="r7l16" custom="readingOrder {index:15;} place {offset:0; length:8;}">
                <Coords points="1610,1566 2070,1568 2718,1488 2715,1438 2653,1431 2535,1469 2279,1459 2244,1497 2153,1471 1967,1517 1607,1512"/>
                <Baseline points="1616,1556 1670,1553 1725,1551 1780,1548 1835,1547 1889,1543 1944,1541 1999,1538 2054,1535 2108,1532 2163,1529 2218,1525 2273,1522 2327,1518 2382,1514 2437,1509 2492,1506 2546,1501 2601,1496 2656,1492 2711,1487"/>
                <TextEquiv>
                    <Unicode>Ladessus, comeleCriminel a contirue de</Unicode>
                </TextEquiv>
            </TextLine>
            <TextLine id="r7l17" custom="readingOrder {index:16;}">
                <Coords points="1618,1618 1793,1609 1839,1643 1935,1595 2024,1629 2180,1575 2675,1584 2692,1505 2480,1510 2339,1560 2214,1532 1617,1585"/>
                <Baseline points="1625,1610 1678,1608 1731,1606 1784,1604 1837,1602 1890,1601 1943,1598 1996,1596 2049,1594 2102,1592 2156,1590 2209,1588 2262,1586 2315,1584 2368,1581 2421,1580 2474,1577 2527,1575 2580,1573 2633,1571 2687,1568"/>
                <TextEquiv>
                    <Unicode>nier malyre les plus lerieuses Exchorta¬</Unicode>
                </TextEquiv>
            </TextLine>
            <TextLine id="r7l18" custom="readingOrder {index:17;}">
                <Coords points="1613,1688 2664,1629 2662,1593 2544,1576 2365,1617 2181,1576 2022,1630 1610,1617"/>
                <Baseline points="1619,1670 1670,1668 1722,1665 1774,1662 1826,1661 1878,1659 1930,1658 1982,1655 2034,1653 2086,1652 2138,1650 2189,1648 2241,1646 2293,1644 2345,1643 2397,1640 2449,1638 2501,1635 2553,1632 2605,1631 2657,1628"/>
                <TextEquiv>
                    <Unicode>tions qui lui out ete adressees &amp; Ou</Unicode>
                </TextEquiv>
            </TextLine>
            <TextLine id="r7l19" custom="readingOrder {index:18;}">
                <Coords points="1625,1738 1758,1757 2025,1722 2069,1751 2166,1713 2235,1739 2659,1697 2657,1653 2497,1641 2348,1676 2102,1660 2061,1697 2003,1669 1623,1691"/>
                <Baseline points="1631,1725 1682,1724 1733,1723 1784,1722 1835,1721 1886,1719 1937,1718 1988,1717 2039,1716 2090,1713 2141,1713 2192,1710 2243,1709 2294,1707 2345,1704 2396,1703 2447,1700 2498,1697 2549,1694 2600,1691 2651,1686"/>
                <TextEquiv>
                    <Unicode>lin aprodrut les sept difereno Semoius</Unicode>
                </TextEquiv>
            </TextLine>
            <TextLine id="r7l20" custom="readingOrder {index:19;}">
                <Coords points="1612,1813 1694,1783 2449,1796 2502,1763 2650,1795 2749,1762 2747,1687 2559,1733 1611,1747"/>
                <Baseline points="1619,1782 1675,1781 1731,1781 1787,1779 1843,1778 1899,1778 1955,1776 2011,1775 2067,1773 2123,1772 2180,1771 2236,1770 2292,1767 2348,1766 2404,1764 2460,1762 2516,1760 2572,1758 2628,1755 2684,1752 2741,1749"/>
                <TextEquiv>
                    <Unicode>susmentiones, les quels, chäcun priu cequie</Unicode>
                </TextEquiv>
            </TextLine>
            <TextLine id="r7l21" custom="readingOrder {index:20;}">
                <Coords points="1625,1847 2758,1832 2756,1776 2714,1771 1624,1806"/>
                <Baseline points="1632,1839 1687,1838 1743,1838 1799,1836 1855,1835 1911,1834 1967,1833 2023,1832 2079,1831 2135,1830 2191,1828 2246,1827 2302,1826 2358,1824 2414,1823 2470,1821 2526,1820 2582,1818 2638,1817 2694,1815 2750,1814"/>
                <TextEquiv>
                    <Unicode>adeclure cidessus, lui ontassure et Sontenn</Unicode>
                </TextEquiv>
            </TextLine>
            <TextLine id="r7l22" custom="readingOrder {index:21;}">
                <Coords points="1619,1907 2576,1894 2622,1926 2742,1889 2741,1824 1618,1862"/>
                <Baseline points="1625,1895 1680,1895 1736,1895 1791,1895 1847,1893 1902,1893 1958,1893 2013,1892 2069,1892 2124,1890 2180,1890 2235,1889 2291,1889 2346,1887 2402,1886 2457,1886 2513,1884 2568,1884 2624,1884 2679,1884 2735,1883"/>
                <TextEquiv>
                    <Unicode>en confrontation, couo leo articles specifies</Unicode>
                </TextEquiv>
            </TextLine>
            <TextLine id="r7l23" custom="readingOrder {index:22;}">
                <Coords points="1612,1971 1726,1951 1830,1969 1936,1953 1957,1972 2044,1950 2221,1958 2220,1912 2122,1894 2084,1922 1975,1896 1846,1929 1775,1898 1722,1929 1611,1909"/>
                <Baseline points="1619,1952 1648,1952 1678,1952 1708,1952 1737,1951 1767,1950 1797,1950 1826,1950 1856,1949 1886,1949 1916,1949 1945,1948 1975,1947 2005,1947 2034,1947 2064,1947 2094,1947 2123,1947 2153,1947 2183,1947 2213,1949"/>
                <TextEquiv>
                    <Unicode>daus leur Declaration.</Unicode>
                </TextEquiv>
            </TextLine>
            <TextLine id="r7l24" custom="readingOrder {index:23;}">
                <Coords points="1585,2072 2660,2077 2685,2017 2424,1990 1862,2032 1750,1971 1586,2001"/>
                <Baseline points="1592,2054 1646,2055 1700,2055 1754,2055 1809,2057 1863,2057 1917,2058 1972,2058 2026,2058 2080,2060 2135,2060 2189,2060 2243,2060 2297,2061 2352,2061 2406,2061 2460,2061 2515,2060 2569,2060 2623,2058 2678,2058"/>
                <TextEquiv>
                    <Unicode>Non obstaut cesConvictions, leDetenua</Unicode>
                </TextEquiv>
            </TextLine>
            <TextLine id="r7l25" custom="readingOrder {index:24;}">
                <Coords points="1615,2128 1961,2117 2105,2151 2145,2123 2638,2110 2638,2073 2569,2061 2221,2090 2083,2064 2013,2096 1615,2064"/>
                <Baseline points="1623,2109 1673,2109 1723,2111 1774,2111 1824,2112 1875,2114 1925,2114 1975,2115 2026,2115 2076,2117 2127,2117 2177,2117 2227,2117 2278,2117 2328,2117 2379,2117 2429,2117 2479,2116 2530,2115 2580,2114 2631,2112"/>
                <TextEquiv>
                    <Unicode>pensiste anier. Et sur cela, aiant de</Unicode>
                </TextEquiv>
            </TextLine>
            <TextLine id="r7l26" custom="readingOrder {index:25;}">
                <Coords points="1619,2178 1849,2167 2100,2212 2163,2175 2376,2178 2474,2215 2662,2187 2663,2122 2465,2150 2263,2117 2107,2150 1620,2128"/>
                <Baseline points="1626,2162 1677,2162 1728,2163 1780,2165 1831,2166 1883,2166 1934,2168 1986,2169 2037,2171 2089,2172 2140,2172 2191,2174 2243,2175 2294,2175 2346,2175 2397,2177 2449,2177 2500,2177 2552,2175 2603,2175 2655,2174"/>
                <TextEquiv>
                    <Unicode>nonean ete pressesurlerreuz, qui se</Unicode>
                </TextEquiv>
            </TextLine>
            <TextLine id="r7l27" custom="readingOrder {index:26;}">
                <Coords points="1619,2234 1864,2226 1931,2266 2013,2234 2343,2236 2438,2273 2647,2251 2648,2210 1620,2179"/>
                <Baseline points="1626,2214 1676,2217 1727,2219 1778,2221 1828,2223 1879,2225 1930,2226 1980,2227 2031,2228 2082,2229 2133,2231 2183,2232 2234,2232 2285,2234 2335,2234 2386,2235 2437,2237 2487,2237 2538,2238 2589,2240 2640,2241"/>
                <TextEquiv>
                    <Unicode>trouvedaus saronte, daus laquelle</Unicode>
                </TextEquiv>
            </TextLine>
            <TextLine id="r7l28" custom="readingOrder {index:27;}">
                <Coords points="1619,2288 1891,2325 1960,2297 2007,2333 2058,2300 2135,2335 2290,2303 2378,2344 2743,2317 2744,2279 2520,2245 2436,2274 1621,2234"/>
                <Baseline points="1626,2271 1681,2275 1737,2277 1792,2280 1848,2283 1903,2285 1959,2288 2014,2289 2070,2291 2125,2294 2181,2295 2236,2296 2292,2298 2347,2299 2403,2300 2458,2301 2514,2303 2569,2304 2625,2304 2680,2306 2736,2307"/>
                <TextEquiv>
                    <Unicode>dapres sonpropre Compl, il se tcompou</Unicode>
                </TextEquiv>
            </TextLine>
            <TextLine id="r7l29" custom="readingOrder {index:28;}">
                <Coords points="1621,2335 1778,2340 1850,2384 2048,2358 2326,2407 2406,2375 2545,2409 2682,2392 2673,2330 2534,2346 2408,2301 2280,2337 1623,2286"/>
                <Baseline points="1629,2331 1681,2334 1733,2337 1786,2340 1838,2343 1890,2345 1943,2348 1995,2351 2047,2353 2100,2355 2152,2358 2204,2360 2257,2363 2309,2364 2361,2366 2414,2367 2466,2369 2518,2370 2571,2372 2623,2373 2676,2373"/>
                <TextEquiv>
                    <Unicode>Detout anjom, il adit, quie falvit quil</Unicode>
                </TextEquiv>
            </TextLine>
            <TextLine id="r7l30" custom="readingOrder {index:29;}">
                <Coords points="1625,2394 1691,2422 1754,2395 2420,2435 2476,2470 2638,2456 2643,2384 2480,2417 2352,2363 2223,2397 1628,2343"/>
                <Baseline points="1632,2384 1682,2387 1732,2391 1782,2394 1832,2397 1882,2400 1932,2403 1982,2407 2032,2410 2082,2414 2132,2417 2182,2419 2232,2422 2282,2426 2332,2428 2382,2431 2432,2433 2482,2435 2532,2436 2582,2438 2633,2439"/>
                <TextEquiv>
                    <Unicode>fut parai aparamment unjour plus</Unicode>
                </TextEquiv>
            </TextLine>
            <TextLine id="r7l31" custom="readingOrder {index:30;} place {offset:8; length:4;}">
                <Coords points="1621,2456 2051,2503 2251,2477 2504,2536 2737,2534 2766,2477 2307,2427 2043,2446 1861,2403 1623,2418"/>
                <Baseline points="1629,2444 1685,2447 1741,2450 1798,2453 1854,2456 1911,2460 1967,2465 2023,2467 2080,2472 2136,2475 2193,2479 2249,2483 2305,2487 2362,2490 2418,2493 2475,2498 2531,2500 2587,2504 2644,2507 2700,2510 2757,2513"/>
                <TextEquiv>
                    <Unicode>tard de Bäle, cequelr Duser pourroit</Unicode>
                </TextEquiv>
            </TextLine>
            <TextLine id="r7l32" custom="readingOrder {index:31;}">
                <Coords points="1625,2513 1644,2517 1659,2510 1671,2515 1677,2510 1686,2518 1721,2511 1731,2522 1740,2524 1745,2476 1732,2481 1725,2478 1708,2488 1690,2472 1675,2473 1655,2462 1644,2463 1632,2457"/>
                <Baseline points="1634,2502 1667,2505 1700,2507 1733,2514"/>
                <TextEquiv>
                    <Unicode>Dire.</Unicode>
                </TextEquiv>
            </TextLine>
            <TextLine id="r7l33" custom="readingOrder {index:32;}">
                <Coords points="1620,2597 1876,2615 1921,2650 2019,2622 2138,2663 2651,2675 2654,2639 2589,2611 1859,2580 1721,2511 1624,2552"/>
                <Baseline points="1628,2588 1678,2592 1729,2597 1780,2602 1831,2606 1882,2610 1933,2614 1983,2619 2034,2622 2085,2627 2136,2631 2187,2634 2238,2637 2289,2642 2339,2645 2390,2649 2441,2652 2492,2656 2543,2660 2594,2664 2645,2669"/>
                <TextEquiv>
                    <Unicode>Sil ne moit pus aussi davoitue ler</Unicode>
                </TextEquiv>
            </TextLine>
            <TextLine id="r7l34" custom="readingOrder {index:33;} person {offset:7; length:7;}">
                <Coords points="1612,2657 1749,2664 1813,2706 1890,2677 2110,2727 2275,2714 2390,2760 2700,2752 2704,2700 2615,2673 2539,2702 2490,2670 2118,2673 1618,2593"/>
                <Baseline points="1620,2646 1673,2652 1727,2659 1780,2665 1834,2670 1888,2675 1941,2681 1995,2687 2049,2692 2102,2697 2156,2702 2210,2706 2263,2712 2317,2717 2371,2721 2424,2726 2478,2731 2532,2735 2585,2739 2639,2744 2693,2748"/>
                <TextEquiv>
                    <Unicode>Previt Hermann, parleCoupde Jusie</Unicode>
                </TextEquiv>
            </TextLine>
            <TextLine id="r7l35" custom="readingOrder {index:34;}">
                <Coords points="1623,2734 1661,2721 1682,2736 1752,2718 1890,2750 1937,2738 1979,2755 1998,2750 2003,2695 1978,2705 1933,2685 1818,2705 1742,2663 1719,2676 1696,2662 1669,2678 1628,2677"/>
                <Baseline points="1632,2705 1657,2706 1683,2708 1709,2709 1734,2711 1760,2714 1786,2717 1812,2720 1837,2722 1863,2724 1889,2727 1914,2729 1940,2732 1966,2734 1992,2735"/>
                <TextEquiv>
                    <Unicode>quil li ative</Unicode>
                </TextEquiv>
            </TextLine>
            <TextLine id="r7l36" custom="readingOrder {index:35;}">
                <Coords points="1627,2798 2638,2908 2666,2852 2542,2810 2439,2839 2151,2816 2034,2765 1808,2780 1633,2730"/>
                <Baseline points="1635,2783 1686,2789 1737,2797 1788,2803 1839,2809 1890,2814 1941,2820 1992,2825 2043,2830 2094,2834 2145,2840 2196,2844 2247,2848 2298,2853 2349,2857 2400,2861 2451,2866 2502,2870 2553,2875 2604,2880 2655,2885"/>
                <TextEquiv>
                    <Unicode>Zuil avvivit davon eu cemalheur¬</Unicode>
                </TextEquiv>
            </TextLine>
            <TextLine id="r7l37" custom="readingOrder {index:36;}">
                <Coords points="1628,2846 1933,2877 2069,2930 2195,2892 2437,2966 2584,2933 2644,2959 2649,2909 1631,2814"/>
                <Baseline points="1635,2840 1685,2846 1735,2853 1785,2858 1835,2864 1886,2869 1936,2874 1986,2879 2036,2885 2086,2888 2137,2893 2187,2898 2237,2903 2287,2907 2337,2912 2388,2916 2438,2921 2488,2925 2538,2930 2588,2935 2639,2940"/>
                <TextEquiv>
                    <Unicode>varles raisons quie avvit dejadit.</Unicode>
                </TextEquiv>
            </TextLine>
            <TextLine id="r7l38" custom="readingOrder {index:37;}">
                <Coords points="1611,2931 1813,2988 1922,2968 2670,3044 2675,2991 2623,2975 2003,2950 1619,2851"/>
                <Baseline points="1619,2927 1671,2934 1723,2941 1775,2948 1827,2954 1880,2961 1932,2967 1984,2974 2036,2979 2088,2985 2141,2990 2193,2996 2245,3001 2297,3006 2349,3011 2402,3016 2454,3021 2506,3024 2558,3029 2610,3033 2663,3038"/>
                <TextEquiv>
                    <Unicode>Silon quondervit le conduive ici, leo</Unicode>
                </TextEquiv>
            </TextLine>
            <TextLine id="r7l39" custom="readingOrder {index:38;}">
                <Coords points="1618,2992 2170,3051 2233,3090 2277,3063 2603,3104 2619,3058 1623,2944"/>
                <Baseline points="1625,2985 1674,2991 1723,2998 1772,3005 1821,3010 1871,3016 1920,3022 1969,3028 2018,3033 2067,3039 2117,3044 2166,3049 2215,3054 2264,3059 2313,3063 2363,3069 2412,3073 2461,3078 2510,3082 2559,3087 2609,3092"/>
                <TextEquiv>
                    <Unicode>Prevoto nelui avoient pas mis un</Unicode>
                </TextEquiv>
            </TextLine>
            <TextLine id="r7l40" custom="readingOrder {index:39;}">
                <Coords points="1630,3050 1983,3112 2066,3097 2100,3134 2626,3152 2612,3104 2300,3068 2232,3090 2027,3034 1905,3050 1635,2996"/>
                <Baseline points="1638,3038 1687,3046 1736,3054 1785,3060 1834,3067 1883,3073 1932,3079 1981,3084 2030,3090 2079,3096 2128,3100 2177,3106 2226,3111 2275,3115 2324,3120 2373,3124 2422,3129 2471,3134 2520,3139 2569,3144 2618,3150"/>
                <TextEquiv>
                    <Unicode>Cadenataus sers quies lui outiuis</Unicode>
                </TextEquiv>
            </TextLine>
            <TextLine id="r7l41" custom="readingOrder {index:40;}">
                <Coords points="1623,3112 1682,3117 1731,3146 1785,3128 1810,3144 1867,3149 1901,3140 1924,3153 1931,3103 1889,3099 1880,3088 1862,3094 1851,3082 1806,3101 1735,3083 1696,3056 1631,3049"/>
                <Baseline points="1631,3099 1657,3103 1683,3105 1709,3108 1736,3111 1762,3115 1788,3118 1814,3121 1841,3126 1867,3129 1893,3134 1920,3137"/>
                <TextEquiv>
                    <Unicode>Aup pouces</Unicode>
                </TextEquiv>
            </TextLine>
            <TextLine id="r7l42" custom="readingOrder {index:41;}">
                <Coords points="1608,3183 2270,3250 2319,3293 2519,3282 2692,3321 2698,3276 2360,3199 1724,3151 1617,3105"/>
                <Baseline points="1616,3168 1669,3175 1723,3183 1776,3190 1830,3197 1883,3204 1937,3211 1990,3218 2044,3224 2097,3231 2151,3237 2205,3243 2258,3249 2312,3255 2365,3262 2419,3269 2472,3275 2526,3282 2579,3287 2633,3295 2687,3302"/>
                <TextEquiv>
                    <Unicode>Quoni, quils lui ontmis efectivement</Unicode>
                </TextEquiv>
            </TextLine>
            <TextLine id="r7l43" custom="readingOrder {index:42;}">
                <Coords points="1612,3231 1706,3275 1775,3248 1912,3296 2058,3282 2133,3325 2257,3309 2713,3382 2720,3327 1617,3190"/>
                <Baseline points="1619,3228 1673,3235 1727,3241 1782,3248 1836,3254 1891,3261 1945,3269 2000,3276 2054,3283 2109,3290 2163,3297 2217,3303 2272,3310 2326,3317 2381,3324 2435,3331 2490,3338 2544,3344 2599,3350 2653,3356 2708,3363"/>
                <TextEquiv>
                    <Unicode>unxadenat; mais quilo ne lui avvieut</Unicode>
                </TextEquiv>
            </TextLine>
            <TextLine id="r7l44" custom="readingOrder {index:43;}">
                <Coords points="1596,3325 1689,3301 2488,3421 2631,3417 2637,3366 2375,3356 2308,3320 2258,3344 2057,3282 1837,3296 1775,3254 1603,3268"/>
                <Baseline points="1608,3291 1658,3296 1709,3301 1760,3307 1811,3313 1862,3319 1912,3326 1963,3333 2014,3339 2065,3347 2116,3354 2166,3361 2217,3368 2268,3374 2319,3381 2370,3388 2420,3393 2471,3399 2522,3404 2573,3408 2624,3413"/>
                <TextEquiv>
                    <Unicode>pus beaucoupferre lessers, eusorte</Unicode>
                </TextEquiv>
            </TextLine>
            <TextLine id="r7l45" custom="readingOrder {index:44;}">
                <Coords points="1612,3367 2578,3498 2653,3488 2659,3446 2619,3413 2561,3439 1765,3338 1709,3304 1618,3321"/>
                <Baseline points="1622,3348 1673,3353 1724,3360 1775,3365 1827,3372 1878,3379 1929,3386 1981,3393 2032,3400 2083,3408 2135,3415 2186,3423 2237,3429 2288,3437 2340,3443 2391,3450 2442,3456 2494,3462 2545,3467 2596,3472 2648,3477"/>
                <TextEquiv>
                    <Unicode>quie arvit facilement pu retirer les</Unicode>
                </TextEquiv>
            </TextLine>
            <TextLine id="r7l46" custom="readingOrder {index:45;}">
                <Coords points="1603,3441 1637,3427 1666,3434 1685,3428 1693,3435 1706,3429 1787,3443 1811,3457 1821,3385 1762,3401 1746,3393 1719,3402 1684,3373 1659,3370 1633,3382 1613,3369"/>
                <Baseline points="1614,3414 1641,3417 1668,3420 1696,3424 1723,3428 1751,3432 1778,3436 1806,3440"/>
                <TextEquiv>
                    <Unicode>Douees.</Unicode>
                </TextEquiv>
            </TextLine>
            <TextLine id="r7l47" custom="readingOrder {index:46;}">
                <Coords points="2342,3577 2390,3602 2452,3581 2478,3594 2517,3586 2590,3596 2619,3592 2624,3548 2598,3547 2561,3524 2541,3533 2489,3505 2347,3522"/>
                <Baseline points="2351,3560 2377,3562 2403,3566 2429,3568 2455,3572 2482,3574 2508,3578 2534,3580 2560,3582 2586,3584 2613,3587"/>
                <TextEquiv>
                    <Unicode>Sidabord</Unicode>
                </TextEquiv>
            </TextLine>
            <TextEquiv>
                <Unicode>80.
Lin aint, surcela fait convenir quele jeudi
etoit leionide Marché a Neuschätel, ouli
genolits demaude:
Sapres cela il convenoituvoir etea Morat
Quemine Glapelen, le Mecvedy 6. puis que
cetoitlejour avunt quie arriva a Heuchatel.
RRepouse quiene pouvvit die autrement
sinonque Quirriut sa Route de Bäle, ce¬
devoitettele 5 e Uon ee62.
Juesa Routele condamnsit absolument
viis quie nepouvoit nommer aucun licu¬
ou il eut passe la Muit du Mardi anMecredi.
Quil apvurtant dit larerite, et quil ua
pas ete eu Bille.
Ladessus, comeleCriminel a contirue de
nier malyre les plus lerieuses Exchorta¬
tions qui lui out ete adressees &amp; Ou
lin aprodrut les sept difereno Semoius
susmentiones, les quels, chäcun priu cequie
adeclure cidessus, lui ontassure et Sontenn
en confrontation, couo leo articles specifies
daus leur Declaration.
Non obstaut cesConvictions, leDetenua
pensiste anier. Et sur cela, aiant de
nonean ete pressesurlerreuz, qui se
trouvedaus saronte, daus laquelle
dapres sonpropre Compl, il se tcompou
Detout anjom, il adit, quie falvit quil
fut parai aparamment unjour plus
tard de Bäle, cequelr Duser pourroit
Dire.
Sil ne moit pus aussi davoitue ler
Previt Hermann, parleCoupde Jusie
quil li ative
Zuil avvivit davon eu cemalheur¬
varles raisons quie avvit dejadit.
Silon quondervit le conduive ici, leo
Prevoto nelui avoient pas mis un
Cadenataus sers quies lui outiuis
Aup pouces
Quoni, quils lui ontmis efectivement
unxadenat; mais quilo ne lui avvieut
pus beaucoupferre lessers, eusorte
quie arvit facilement pu retirer les
Douees.
Sidabord</Unicode>
            </TextEquiv>
        </TextRegion>
    </Page>
</PcGts>
