3024 4032
83 3362 184 3482 3.
85 178 232 292 126.
109 1045 288 1195 desigl.
182 1437 264 1583 d.
173 1722 238 1843 2.
165 1885 244 1989 5.
417 368 1175 553 zweytes Examen
635 527 767 611 mit
324 541 1071 715 Zuisten Beri. vorbemelt.
307 721 1364 907 Siesemnach Burde der Inquisit Christe
317 796 824 916 Berz in fernerem
394 906 1336 1106 Pramissa Seriosa Exhortatione
322 1072 1250 1192 Ob damahlen als Er mit dem Doctor
304 1152 1334 1280 Siggeler deß Abends ins Wihrtshauß zu
307 1207 1282 1341 Sendorff gebomen, der Bürg dorten
304 1292 1324 1409 sich schon eingefunden, oder ob Er erst
292 1373 958 1476 hernach daher gekomen.
298 1464 1327 1595 Er konte das mit Wahrheit nicht sagen
289 1551 1307 1662 ob der Bürg: vor oder nach Ihme dahar
273 1620 567 1730 gekommen.
287 1696 1340 1833 Was der Anlas gelesten zu dem Streids, so
284 1797 1028 1908 der Burg, mit Ihme gehabt?
269 1882 1328 2001 Das lüßte Er nicht zu sagen, äußert daß
280 1961 1326 2076 der Burg neben Ihne Inquisiten in seine
278 2023 1321 2152 Ahrti gebommen, und neben Ihne auf den
271 2105 1316 2217 tisch ein gelegen, auch gesucht Ihne von
255 2167 1309 2294 seinem Platz beyg zu stoßen, darbey er
249 2252 1280 2377 sich in den Discours so Er Inquisit mit
259 2332 1299 2455 dem Riggeler gehabt Eingemischt, und
258 2409 1312 2535 Ihne Wäßeler, Sub s geheißen, darauff
256 2500 1305 2619 Er dem Burgi Jederbeilen Erleideret, er
271 2573 1282 2689 möchte stelber ein solcher seÿn, der Bürg
261 2651 1303 2790 aber habe Ihme zu 2. mahlen auch Klägte
243 2735 1223 2851 gegeben; Und obwohlen es Ihne sehr
240 2810 1315 2941 gedauret, habe er dieses doch lange gelidten
245 2911 1294 3036 Indeßen haben die gegenwärtigen Mäuer
245 2958 1302 3121 dem Bürg abgebehret, und der ChorRichtes
246 3047 1286 3197 Albrecht Roht Ihne so gar Ermahnet sich zu
245 3128 1303 3278 behren, worauf Er Erst den Unglüklichen
243 3228 1057 3364 Stoß gegen den Burg gethan.
238 3314 1300 3459 Die Bezeugen melden von diesen Unstanden
1117 3381 1258 3491 nichts
1469 2856 1540 2981 B.
1471 3069 1521 3128 z
1454 3281 1540 3419 3.
1486 2040 1557 2170 H.
1487 2579 1551 2641 5o
1504 1469 1573 1565 S
1500 1605 1567 1719 8.
1495 1761 1555 1868 8.
1531 861 1588 975 B.
2630 203 2763 281 121.
1604 423 2740 618 Nichts, die er schon im Ersteren Examine und
1609 496 2741 705 anjezo anführe: Näml. daß der Haubtman
1606 594 2684 802 Schor; nach dem Bürg schlagen bollen,
1616 622 2753 837 und daß Er sich zu behren, angemahnet worden.
1622 736 2759 945 Er bezeuge mit Wahrheit und beharre darbeÿ,
1610 819 2740 999 daß es dem allso seÿe, der Haubtmann werde
1611 917 2663 1066 es nicht bidersprechen; und ebenmäßig
1603 1010 2647 1147 versichere er daß der Doctor Riggeler
1601 1053 2715 1242 Ihne mit Borten, der Chor Richter Albrecht
1606 1138 2725 1295 Roht aber mit deuten und bliben ihne Er¬
1598 1227 2730 1370 mahnet sich zu behren, welches Ihne darzu
1606 1352 1882 1446 veranlaßet.
1604 1366 2730 1544 Ob der Bürgi start betrunben gebesten, als
1596 1482 2525 1625 Er zu Ihme in seine Uhrt gekommen.
1590 1550 2737 1721 Er seÿe einmahl zimlich betrunben ysie, wurde
1602 1629 2714 1757 sonsten nicht so bos und Unärtig gelesten seÿn.
1605 1722 2668 1862 Da Er doch bohl gestehen, daß der Bürg bös¬
1602 1815 2661 1938 betrunben, Unärtig seÿe und darüber aus
1590 1893 2739 2010 Ihme Handel suche; Barum er nicht dar von
1593 1999 1876 2087 gegangen.
1595 2078 2723 2205 Er habe gestehen daß der Stiggeler der Haubt¬
1594 2179 2682 2246 man Schor und noch andere Mäner dem
1586 2221 2721 2350 Burgi abgelehret, belches Ihme Trost gegeben,
1585 2290 2727 2427 so daß er geglaubt, er berde nichts zuförchten
1582 2368 2724 2490 haben, hingegen habe er geförchtet, daß Ban
1586 2420 2702 2569 Er hinaus gienge, möchte der Furgi ihme
1593 2488 2364 2622 nachkomen und eines versehen.
1588 2573 2699 2704 Was Er zu förchten gehabt hätte, indem der
1586 2644 2691 2788 Wihrt um Streik zu verhünten, den Bürg
1572 2697 2702 2876 bey dem Wullheml gefaßet, in Belcher Zeit
1588 2796 2664 2956 er ja ohne gefahr hätte ent fliehen könn.
1576 2876 2688 3023 Er bezeuge daß er nicht gestehen, daß der
1584 2944 2258 3088 Wihrt den Bürg gefaßet,
1577 3058 2653 3230 Ob die Nachbauren, nachdeme der Bürg
1583 3120 2668 3298 Ihme löueste Wort und Kläpste gegeben,
1587 3196 2595 3379 nicht zbischen Ihnen Frieden gemacht.
1578 3297 2640 3480 der von büße Er nichts, aber dem Bürg¬
1565 3383 2704 3582 haben Sie abgewehret, er solle Ihne Inquisiten
