3024 4032
394 372 546 441 220.
544 501 1538 683 Verlndung, nämlich vom 21. biß 22. z
528 621 1505 758 2bris blieben Herr Doctor Koßelet und
526 698 1438 831 Herr Operator Hartmann bey Ihme,
528 808 1523 945 welche die ganze Nacht hindurch keinem
517 889 1504 1027 puls an den Händen wahrnemmen bonteen
508 961 1521 1150 Wir fanden den 2 2 Morgens um 7. 2b
506 1070 1532 1210 da Wir Ihne verbanden, den Kauchnihe
502 1148 1502 1299 geschannt, Herr Pationt klagte sich au¬
503 1249 1497 1366 über sehr hefftige Schmerzen deß ganzen
504 1347 1411 1448 Dauchs, belche Ihne auch öffers zu
510 1439 1481 1547 lautem schreyen nöhtigten, und da¬
473 1527 1448 1646 Herr Patiant als ein Hypochondriacus wan
491 1601 1499 1742 kein und seiner Frau Gemahlin Außage
482 1701 1498 1841 von Winden zum öfsteren sehe und hettig
466 1798 1453 1912 geplaget worden, burden ihme zu ver¬
461 1911 1501 2028 eschiedenen Zeiten dahin dienende Clistir¬
462 2019 1444 2108 gegeben, welche ihne mit den immer
464 2095 1485 2207 continuierten Embrocationen und fomenta¬
458 2193 1435 2315 ctionen Soulagirten und diese hefftigen
454 2296 1477 2414 Schmerzen begnahmen. Den 2 Gabend
439 2409 1491 2520 bame der Puls in den Händen sehr schrach
434 2500 1405 2621 wieder, und die extremitaten wurden
446 2609 1467 2730 nach gerade warm, die Nacht biß auf
435 2708 1399 2828 Sowtag den 23t hielte Herr Operatorn
419 2791 1456 2918 Hantmanns Bestell die Sache, Wir fanden
416 2903 1432 3024 bey Unser Morgen Uorte den Puls-
399 3023 1380 3135 blein und etwas geschwied, Abendts
395 3117 1441 3237 aber heigsten sich noch dabey Singultus un¬
1320 3223 1401 3299 die
398 3217 1194 3323 2. mahliges leichtes erbrechen.
1138 3348 1342 3439 Nacht
2685 416 2844 542 221.)
1740 581 2724 699 Nacht vom 23.t auf den 24.t bachte
1748 662 2731 790 Herr Operator Ruhns Bestell, welcher
1751 750 2731 880 Unß berichtete, daß Herr Patienteine
1757 842 2743 958 sehr uurlchige Nacht passiert und¬
1755 922 2749 1062 vffters reviert, bir fanden Montags.
1750 1017 2702 1144 Worgens den puts, bie gebohnt, klein,
1759 1105 2783 1231 aubey aber sehr Beschleind und gestanet
1760 1211 2709 1322 wir ließen ihme Jur Ader, auf dem
1734 1284 2747 1412 gebluet zeigte sich eine starcn Ccusta
1751 1363 2696 1500 inflamatoria /:sto ein Zeichen der
1738 1460 2776 1600 enthundung; der puls burde den Tag¬
1735 1533 2777 1663 hindurch schlacher, die Reveries nahmen
1732 1649 2754 1761 zwar ab, hingegen bamen die Singultus
1745 1752 2676 1887 öffterer, und Herr Patient burd
1741 1849 2692 1966 allgemach noch schlächerer, gegen
1727 1913 2714 2035 den Abend, indeßen wurde mit denen
1748 2017 2732 2128 to wohl Innerlichen als äußerlichen
1745 2081 2573 2200 indicirten Arzuechen continuiert.
2576 2104 2656 2170 D2
2647 2118 2726 2216 En
1713 2166 2746 2301 der Nacht vom 24. t auf den 25. 2 bachte
1737 2248 2732 2394 Wieder H. Operater Hartmanns Bestell,
1721 2326 2713 2484 welcher den Herrn Patienten sostihlach¬
1735 2428 2728 2560 befande, daß er Herr Doctor Koßelnt
1722 2525 2751 2663 die Herren operatores Kuhn und Hart¬
1709 2617 2740 2742 mann eilendts zwischen 11. und 12. Uhr
1727 2678 2750 2828 berusten ließe, welche den Herrn Pattente
1723 2783 2647 2926 ganz schlorch Jastorbend gntraffen,
1724 2893 2708 3013 auch ist seine erblaßung, nachdeme
1720 2999 2749 3119 er vorhero zu völligen verstand gekommen
1703 3078 2701 3203 ein viertel nach 12. Uhr in der Nacht
1697 3157 2688 3302 vom MBontag den 24.2 auf dienstag¬
1708 3251 2647 3396 den 25. t Dbris ganz kanfft erfolget.
2552 3404 2675 3508 auß
