3024 4032
260 2931 417 3049 Just.
426 534 1555 715 Antw. Er könne dießorts nichts eingestehen
543 636 1548 807 indemme er deßen völlig einschuldigstezu
539 706 1520 831 borfür er auch Goct dancke. Ver¬
532 791 1567 958 wichenen Herbst aber an einem Sonten
538 878 1556 1044 wörend der Morgen Predigt steÿe eine
526 952 1458 1095 große Truppen Schaaf in seines
516 1042 1537 1212 Tacters Einschlag eingebrochen, darauf
529 1155 1489 1268 haber geböchsten, welcher zwar nicht
521 1224 1518 1368 mehr auf dem Aber gestanden, diese
508 1324 1496 1467 Schaaf habe Er hinause in die Koßen
496 1409 1493 1548 zagen wollen, darzu der Tadter ihme
497 1515 1462 1652 das Ehnerl geöffnet, belche aber über
499 1604 1496 1736 den Haag hinauß in deß Haubtmanne
487 1680 1485 1841 Weyd gesprungen. Damal seyn der
499 1798 1425 1930 Onlaus Müller die daß hierauf
486 1871 1475 2014 gekommen, und habe gegen seine
479 1967 1532 2111 Kinder gehoget, und Ihnen zum Morgen
462 2055 1444 2192 Een gerusten. Das Els Siz steye
463 2154 1491 2285 kommen und habe ihnen gestaget, daß
457 2229 1500 2390 die Schaaf in dem Einschlag steyen, darauf
463 2325 1502 2475 er Inquisit der Erste von Hauß gegangen
445 2413 1476 2577 um die Schraf außzujagen, der Vodter
437 2520 1450 2657 seye aber auf dem dnß nochgekommen,
431 2619 1490 2736 und bey ihme verblieben, biß die Schaaf¬
428 2699 1469 2828 alle beggeshrungen, da Sie mit einen,
410 2790 1370 2937 oder wieder nach Hauß gegangen.
444 2922 1455 3077 Es steye nicht glaublich, daß der Müller
426 3025 1435 3165 eine solche dach fultschlich ob ihme klagen
412 3123 1469 3241 wurde, folglich müße es, wann es nicht
413 3218 1445 3341 dieses ein anderes mahl gebesten seyn,
397 3312 1472 3446 maaßen er alles gar umständlich erzehlet.
1285 3442 1459 3522 Bannp
1616 1652 1715 1748 Anto
2694 521 2780 602 307.
1732 558 2822 738 Wann er alsto nicht freymütig bekennen
1741 686 2794 805 wolle, sto werde ihme der Müller unter
1739 755 2736 887 Angen gestellet, der ihme solches ohne
1726 822 2408 970 Bbeifel erhalten werde.
2490 869 2762 989 Erstolle Sich
1745 917 2783 1064 alsto wohl bedencken, daß Gadt allbißen
1731 1003 2747 1156 und vor Ihme nichts verborgen seyn
1728 1105 2666 1225 kömie, wann er es schon vor den
1715 1184 2732 1291 Menschen ablaugnen wurde. Werde
1727 1252 2716 1396 dahero zum letzten mahl erinneret,
1709 1327 2690 1481 dieles und anderesteine Verbrechen
1725 1412 2649 1588 offenherzig zu bekennen, und sein
1697 1522 2336 1632 Gebißen zu entladen?
1745 1641 2725 1786 se bethenge vor Bodt und bey gutenn
1707 1735 2638 1863 Gebißen, daß der Müller ihme
1712 1825 2679 1968 hierin unrecht thue, und daß Er
1708 1913 2667 2035 dergleichen Schand Thaten weder mit
1713 2002 2743 2137 dem Schaaf noch anderen Gadtung thieren
1702 2096 2692 2245 sein Lebtag die vernebet, auch daß Er
1713 2179 2721 2332 nichts Beiters kundliches begangen, als
1724 2280 2720 2409 laas Er mit dem Meitsch und Knaben
1718 2369 2628 2504 bekennet, welches er herzlich bereue
1706 2464 2692 2620 und darfür Rodt und Eine hohe Oberkeit
1709 2548 2188 2694 ni Gnad erflehe.
1781 2670 2580 2819 Also abgelesten und destätiget.
1655 2805 2703 2961 Actum in der Oberen Befangenschafft
1698 2896 2710 3049 durch MonhH. Groß beibel Dapelhoster
1691 3004 2703 3137 und Brichtschreiber Haller. Den 5.3
1670 3067 2082 3219 Juli 1758.
