<?xml version="1.0" encoding="UTF-8" standalone="yes"?>
<PcGts xmlns="http://schema.primaresearch.org/PAGE/gts/pagecontent/2013-07-15" xmlns:xsi="http://www.w3.org/2001/XMLSchema-instance" xsi:schemaLocation="http://schema.primaresearch.org/PAGE/gts/pagecontent/2013-07-15 http://schema.primaresearch.org/PAGE/gts/pagecontent/2013-07-15/pagecontent.xsd">
    <Metadata>
        <Creator>prov=University of Rostock/Institute of Mathematics/CITlab|PLANET AI GmbH/Gundram Leifert/gundram.leifert@planet-ai.de:name=Transkribus German Kurrent M2(htr_id=29820)::::v=2.6.7
prov=University of Rostock/Institute of Mathematics/CITlab|PLANET AI GmbH/Tobias Gruening/tobias.gruening@planet-ai.de:name=de.uros.citlab.module.baseline2polygon.B2PSeamMultiOriented:v=2.6.7
prov=University of Rostock/Institute of Mathematics/CITlab|PLANET AI GmbH/Tobias Gruening/tobias.gruening@planet-ai.de:name=/net_tf/LA73_249_0mod360.pb:de.uros.citlab.segmentation.CITlab_LA_ML:v=2.6.7
Transkribus</Creator>
        <Created>2022-05-02T15:41:59.398+02:00</Created>
        <LastChange>2022-09-12T15:30:58.727+02:00</LastChange>
        <TranskribusMetadata docId="1334851" pageId="52362574" pageNr="16" tsid="114644384" status="IN_PROGRESS" userId="9570" imgUrl="https://files.transkribus.eu/Get?id=PABXUXKLMIYPCKSTNRLUZQOT&amp;fileType=view" xmlUrl="https://files.transkribus.eu/Get?id=XDEVOKPJLRPBCUZJLSFDCMVH" imageId="30691109"/>
    </Metadata>
    <Page imageFilename="IMG_7017.jpg" imageWidth="3024" imageHeight="4032">
        <ReadingOrder>
            <OrderedGroup id="ro_1687513617638" caption="Regions reading order">
                <RegionRefIndexed index="0" regionRef="r1"/>
                <RegionRefIndexed index="1" regionRef="r2"/>
                <RegionRefIndexed index="2" regionRef="r3"/>
                <RegionRefIndexed index="3" regionRef="r4"/>
                <RegionRefIndexed index="4" regionRef="r5"/>
                <RegionRefIndexed index="5" regionRef="r6"/>
                <RegionRefIndexed index="6" regionRef="r7"/>
                <RegionRefIndexed index="7" regionRef="r8"/>
            </OrderedGroup>
        </ReadingOrder>
        <TextRegion orientation="0.0" id="r1" custom="readingOrder {index:0;}">
            <Coords points="306,2704 306,2999 357,2999 357,2704"/>
            <TextLine id="r1l1" custom="readingOrder {index:0;}">
                <Coords points="303,2824 310,2824 315,2820 318,2822 342,2800 349,2804 354,2799 363,2799 363,2718 351,2718 349,2715 335,2725 319,2721 311,2728 303,2728"/>
                <Baseline points="309,2787 357,2787"/>
                <TextEquiv>
                    <Unicode>I</Unicode>
                </TextEquiv>
            </TextLine>
            <TextLine id="r1l2" custom="readingOrder {index:1;}">
                <Coords points="296,2989 323,2990 345,2979 357,2980 367,2869 357,2868 348,2873 337,2869 326,2872 318,2866 306,2867"/>
                <Baseline points="306,2954 353,2958"/>
                <TextEquiv>
                    <Unicode>2.</Unicode>
                </TextEquiv>
            </TextLine>
            <TextEquiv>
                <Unicode>I
2.</Unicode>
            </TextEquiv>
        </TextRegion>
        <TextRegion orientation="0.0" id="r2" custom="readingOrder {index:1;}">
            <Coords points="312,1673 312,1826 348,1826 348,1673"/>
            <TextLine id="r2l1" custom="readingOrder {index:0;}">
                <Coords points="308,1807 319,1805 327,1811 343,1794 357,1794 347,1681 340,1681 335,1686 320,1684 313,1690 298,1690"/>
                <Baseline points="312,1776 348,1773"/>
                <TextEquiv>
                    <Unicode>.</Unicode>
                </TextEquiv>
            </TextLine>
            <TextEquiv>
                <Unicode>.</Unicode>
            </TextEquiv>
        </TextRegion>
        <TextRegion orientation="0.0" id="r3" custom="readingOrder {index:2;}">
            <Coords points="318,2236 318,2387 351,2387 351,2236"/>
            <TextLine id="r3l1" custom="readingOrder {index:0;}">
                <Coords points="312,2370 333,2373 340,2365 359,2363 354,2252 346,2251 323,2273 317,2277 308,2277"/>
                <Baseline points="318,2337 351,2336"/>
                <TextEquiv>
                    <Unicode>d</Unicode>
                </TextEquiv>
            </TextLine>
            <TextEquiv>
                <Unicode>d</Unicode>
            </TextEquiv>
        </TextRegion>
        <TextRegion orientation="0.0" id="r4" custom="readingOrder {index:3;}">
            <Coords points="254,359 254,1363 405,1363 405,359"/>
            <TextLine id="r4l1" custom="readingOrder {index:0;}">
                <Coords points="242,428 302,420 348,384 407,435 420,332 381,326 360,333 337,320 329,325 319,314 290,327 284,319 256,321"/>
                <Baseline points="254,384 279,384 304,388 329,392 354,396 379,399 405,398"/>
                <TextEquiv>
                    <Unicode>26  1</Unicode>
                </TextEquiv>
            </TextLine>
            <TextLine id="r4l2" custom="readingOrder {index:1;}">
                <Coords points="310,475 321,476 344,469 352,461 359,464 367,458 378,456 381,408 373,407 358,390 354,387 351,390 346,385 325,402 314,401"/>
                <Baseline points="318,447 345,446 372,450"/>
                <TextEquiv>
                    <Unicode>9</Unicode>
                </TextEquiv>
            </TextLine>
            <TextLine id="r4l3" custom="readingOrder {index:2;}">
                <Coords points="313,641 329,639 334,643 355,619 369,620 355,520 340,521 329,515 312,533 299,534"/>
                <Baseline points="314,602 359,596"/>
                <TextEquiv>
                    <Unicode>d.</Unicode>
                </TextEquiv>
            </TextLine>
            <TextLine id="r4l4" custom="readingOrder {index:3;}">
                <Coords points="328,972 341,969 365,953 386,950 386,823 358,821 349,829 328,827"/>
                <Baseline points="335,929 380,929"/>
                <TextEquiv>
                    <Unicode></Unicode>
                </TextEquiv>
            </TextLine>
            <TextLine id="r4l5" custom="readingOrder {index:4;}">
                <Coords points="323,1210 332,1209 335,1205 345,1211 352,1209 371,1191 380,1190 360,1112 353,1114 346,1123 340,1123 335,1129 329,1127 324,1130 318,1127 303,1136"/>
                <Baseline points="324,1188 369,1176"/>
                <TextEquiv>
                    <Unicode>3</Unicode>
                </TextEquiv>
            </TextLine>
            <TextLine id="r4l6" custom="readingOrder {index:5;}">
                <Coords points="330,1365 337,1365 350,1354 363,1356 370,1349 378,1349 378,1257 362,1259 354,1265 343,1264 337,1268 330,1268"/>
                <Baseline points="336,1335 372,1335"/>
                <TextEquiv>
                    <Unicode>3</Unicode>
                </TextEquiv>
            </TextLine>
            <TextEquiv>
                <Unicode>26  1
9
d.

3
3</Unicode>
            </TextEquiv>
        </TextRegion>
        <TextRegion orientation="0.0" id="r5" custom="readingOrder {index:4;}">
            <Coords points="321,361 321,3354 1392,3354 1392,361"/>
            <TextLine id="r5l1" custom="readingOrder {index:0;}">
                <Coords points="426,452 510,479 897,436 1109,481 1274,429 1375,480 1386,362 1256,328 1203,359 1119,290 974,370 826,308 698,373 497,316 426,334"/>
                <Baseline points="432,432 479,428 526,424 574,420 621,417 668,413 716,410 763,406 810,403 858,402 905,399 952,399 1000,399 1047,401 1094,404 1142,406 1189,412 1236,419 1284,427 1331,438 1379,450"/>
                <TextEquiv>
                    <Unicode>Examen mit Janswragen buhl.</Unicode>
                </TextEquiv>
            </TextLine>
            <TextLine id="r5l2" custom="readingOrder {index:1;}">
                <Coords points="395,604 687,569 810,606 954,561 1398,602 1398,555 1167,466 1070,467 980,533 761,524 713,484 516,533 394,522"/>
                <Baseline points="402,594 451,589 501,584 550,579 600,575 649,571 699,567 748,565 798,563 847,560 897,558 946,558 996,558 1045,560 1095,561 1144,563 1194,567 1243,571 1293,576 1342,582 1392,590"/>
                <TextEquiv>
                    <Unicode>Ober alle die Gergangenheit im Schloß, als</Unicode>
                </TextEquiv>
            </TextLine>
            <TextLine id="r5l3" custom="readingOrder {index:2;}">
                <Coords points="410,699 640,653 792,695 892,645 953,683 1026,644 1343,683 1383,641 1271,593 1186,622 1066,565 811,606 688,569 409,606"/>
                <Baseline points="417,671 465,666 513,660 561,656 609,652 657,650 705,647 753,644 801,642 849,641 897,641 945,641 993,641 1041,642 1089,643 1137,645 1185,648 1233,651 1281,656 1329,660 1377,665"/>
                <TextEquiv>
                    <Unicode>anhiningebrochen, so bin er selbige in seinem</Unicode>
                </TextEquiv>
            </TextLine>
            <TextLine id="r5l4" custom="readingOrder {index:3;}">
                <Coords points="388,763 719,730 916,774 1050,724 1377,771 1377,707 1323,666 1275,693 1161,651 1105,688 1056,662 928,697 876,662 718,708 598,665 388,720"/>
                <Baseline points="395,747 443,743 492,740 541,736 590,734 638,732 687,729 736,728 785,726 833,726 882,726 931,726 980,726 1028,728 1077,729 1126,731 1175,734 1223,736 1272,740 1321,743 1370,747"/>
                <TextEquiv>
                    <Unicode>ersteren Examine auß gesagt, als der Wahr¬</Unicode>
                </TextEquiv>
            </TextLine>
            <TextLine id="r5l5" custom="readingOrder {index:4;}">
                <Coords points="398,867 673,827 841,867 1005,830 1200,836 1200,752 1098,733 1037,764 987,747 682,788 504,748 398,796"/>
                <Baseline points="405,828 444,824 483,820 523,817 562,815 602,813 641,812 680,810 720,810 759,810 799,810 838,810 877,812 917,812 956,813 996,814 1035,815 1074,815 1114,816 1153,816 1193,816"/>
                <TextEquiv>
                    <Unicode>heit gemäß, anjezo noch bestätige?</Unicode>
                </TextEquiv>
            </TextLine>
            <TextLine id="r5l6" custom="readingOrder {index:5;}">
                <Coords points="415,937 506,973 670,928 741,955 1013,914 1399,948 1400,882 1180,832 1139,855 1008,828 865,874 416,846"/>
                <Baseline points="422,935 470,929 519,925 567,921 616,917 664,915 713,912 761,911 810,909 858,909 907,909 955,909 1004,911 1052,913 1101,915 1149,918 1198,922 1246,925 1295,930 1343,935 1392,941"/>
                <TextEquiv>
                    <Unicode>Ja, Er bestätige seine gantze Vergucht, mit</Unicode>
                </TextEquiv>
            </TextLine>
            <TextLine id="r5l7" custom="readingOrder {index:6;}">
                <Coords points="403,1030 509,1000 623,1045 842,1011 1368,1035 1368,990 1300,945 1196,952 1133,912 1059,952 1013,913 905,962 841,918 772,962 694,936 586,970 403,952"/>
                <Baseline points="410,1004 457,1001 505,999 552,998 600,995 647,993 695,992 742,990 790,989 837,987 885,987 933,987 980,988 1028,989 1075,991 1123,993 1170,996 1218,1000 1265,1005 1313,1010 1361,1017"/>
                <TextEquiv>
                    <Unicode>bezeugen, daß er die gantze Mahrheit ge¬</Unicode>
                </TextEquiv>
            </TextLine>
            <TextLine id="r5l8" custom="readingOrder {index:7;}">
                <Coords points="395,1121 416,1128 464,1096 481,1105 485,1100 493,1106 516,1103 517,1001 499,1002 490,1012 479,1006 452,1025 437,1023 420,1033 408,1029 396,1033"/>
                <Baseline points="402,1076 429,1076 456,1076 483,1077 510,1076"/>
                <TextEquiv>
                    <Unicode>sagt.</Unicode>
                </TextEquiv>
            </TextLine>
            <TextLine id="r5l9" custom="readingOrder {index:8;}">
                <Coords points="407,1195 604,1176 687,1229 905,1173 1183,1211 1234,1190 1274,1222 1386,1206 1387,1152 1213,1105 1141,1140 1055,1094 989,1118 817,1088 752,1129 630,1104 560,1134 409,1097"/>
                <Baseline points="414,1172 462,1170 510,1169 558,1166 607,1165 655,1163 703,1162 752,1161 800,1160 848,1160 897,1160 945,1160 993,1161 1041,1163 1090,1164 1138,1167 1186,1171 1235,1176 1283,1181 1331,1186 1380,1193"/>
                <TextEquiv>
                    <Unicode>Mannenhar er gekommen, Als er den Ein¬</Unicode>
                </TextEquiv>
            </TextLine>
            <TextLine id="r5l10" custom="readingOrder {index:9;}">
                <Coords points="398,1266 422,1265 453,1287 470,1278 491,1289 601,1246 635,1250 657,1239 690,1246 689,1221 630,1199 601,1176 536,1212 469,1185 459,1195 441,1187 416,1199 395,1193"/>
                <Baseline points="404,1247 429,1247 454,1245 480,1245 505,1244 530,1242 556,1241 581,1240 606,1239 632,1238 657,1238 683,1238"/>
                <TextEquiv>
                    <Unicode>bruchgethan.</Unicode>
                </TextEquiv>
            </TextLine>
            <TextLine id="r5l11" custom="readingOrder {index:10;} person {offset:9; length:7;} place {offset:21; length:11;}">
                <Coords points="410,1373 487,1337 537,1360 633,1326 688,1354 888,1309 1131,1356 1265,1315 1294,1335 1305,1289 1251,1293 1165,1240 1119,1262 1070,1227 863,1235 761,1293 644,1261 503,1291 407,1267"/>
                <Baseline points="416,1334 460,1332 504,1329 548,1328 592,1326 636,1322 680,1320 724,1318 768,1315 812,1314 857,1312 901,1310 945,1310 989,1308 1033,1308 1077,1308 1121,1310 1165,1311 1209,1313 1253,1315 1298,1319"/>
                <TextEquiv>
                    <Unicode>Seye daß Morgins von Rücketsloyl ge¬</Unicode>
                </TextEquiv>
            </TextLine>
            <TextLine id="r5l12" custom="readingOrder {index:11;}">
                <Coords points="377,1437 522,1401 607,1435 731,1403 850,1438 1067,1386 1270,1439 1360,1414 1359,1341 1329,1335 1102,1369 1043,1323 689,1353 635,1328 566,1375 377,1370"/>
                <Baseline points="384,1401 432,1401 480,1403 529,1403 577,1402 626,1401 674,1400 723,1398 771,1397 820,1395 868,1394 916,1392 965,1391 1013,1391 1062,1391 1110,1391 1159,1392 1207,1393 1256,1395 1304,1400 1353,1404"/>
                <TextEquiv>
                    <Unicode>gangen, biß auf Geßl, Alda er biß auf¬</Unicode>
                </TextEquiv>
            </TextLine>
            <TextLine id="r5l13" custom="readingOrder {index:12;}">
                <Coords points="379,1498 741,1476 858,1528 1044,1465 1359,1479 1358,1431 1218,1439 1144,1397 1080,1426 959,1392 861,1442 661,1406 378,1439"/>
                <Baseline points="386,1478 434,1479 482,1481 530,1481 579,1480 627,1479 675,1478 724,1476 772,1475 820,1472 869,1470 917,1469 965,1467 1013,1466 1062,1464 1110,1464 1158,1464 1207,1464 1255,1466 1303,1467 1352,1472"/>
                <TextEquiv>
                    <Unicode>den Abend verblieben, und von dännen</Unicode>
                </TextEquiv>
            </TextLine>
            <TextLine id="r5l14" custom="readingOrder {index:13;}">
                <Coords points="389,1600 467,1564 710,1554 856,1586 1109,1541 1287,1591 1362,1558 1362,1499 1292,1530 1041,1466 866,1530 678,1480 577,1534 482,1484 388,1497"/>
                <Baseline points="396,1551 444,1553 492,1554 540,1554 588,1554 636,1554 684,1554 732,1553 780,1551 828,1550 876,1548 924,1547 972,1547 1020,1545 1068,1545 1116,1545 1164,1545 1212,1547 1260,1549 1308,1552 1356,1556"/>
                <TextEquiv>
                    <Unicode>beÿ Domnen Stidergang geraden Worgs auf¬</Unicode>
                </TextEquiv>
            </TextLine>
            <TextLine id="r5l15" custom="readingOrder {index:14;}">
                <Coords points="391,1664 762,1634 1320,1662 1320,1603 1130,1548 1061,1579 878,1572 783,1613 668,1569 591,1607 391,1601"/>
                <Baseline points="398,1626 443,1628 489,1629 535,1631 581,1631 626,1631 672,1631 718,1631 764,1630 809,1629 855,1629 901,1628 947,1628 992,1627 1038,1626 1084,1626 1130,1626 1175,1626 1221,1628 1267,1628 1313,1631"/>
                <TextEquiv>
                    <Unicode>Wegen gelesen, umb seinleichtfertiger¬</Unicode>
                </TextEquiv>
            </TextLine>
            <TextLine id="r5l16" custom="readingOrder {index:15;}">
                <Coords points="1328,1666 1337,1668 1350,1660 1353,1664 1359,1662 1361,1665 1367,1660 1381,1661 1394,1580 1382,1580 1369,1562 1360,1560 1357,1556 1356,1558 1347,1556"/>
                <Baseline points="1340,1635 1377,1641"/>
                <TextEquiv>
                    <Unicode></Unicode>
                </TextEquiv>
            </TextLine>
            <TextLine id="r5l17" custom="readingOrder {index:16;}">
                <Coords points="396,1716 454,1735 603,1715 649,1746 726,1729 758,1749 821,1708 922,1737 976,1711 976,1689 883,1674 831,1638 649,1667 553,1650 473,1669 436,1641 396,1661"/>
                <Baseline points="402,1704 430,1706 458,1707 487,1707 515,1708 543,1709 572,1709 600,1709 628,1709 657,1710 685,1710 713,1710 742,1710 770,1709 798,1709 827,1709 855,1709 883,1709 912,1707 940,1707 969,1707"/>
                <TextEquiv>
                    <Unicode>Vorhaben auß zuführen.</Unicode>
                </TextEquiv>
            </TextLine>
            <TextLine id="r5l18" custom="readingOrder {index:17;}">
                <Coords points="377,1793 606,1810 654,1785 791,1819 855,1790 980,1826 1065,1795 1180,1854 1349,1828 1352,1746 1179,1776 1128,1732 871,1749 823,1707 721,1767 619,1723 505,1753 379,1715"/>
                <Baseline points="384,1781 434,1782 484,1782 535,1783 585,1784 636,1784 686,1785 737,1785 787,1786 838,1787 888,1788 939,1790 989,1792 1040,1794 1090,1797 1141,1800 1191,1803 1242,1808 1292,1813 1343,1818"/>
                <TextEquiv>
                    <Unicode>In seinem vorigen Examine habeer gesagt,</Unicode>
                </TextEquiv>
            </TextLine>
            <TextLine id="r5l19" custom="readingOrder {index:18;} person {offset:4; length:13;}">
                <Coords points="374,1863 464,1852 529,1889 632,1856 677,1893 957,1867 1027,1912 1264,1876 1265,1844 1177,1854 1128,1807 1082,1828 1031,1801 981,1826 737,1800 704,1821 667,1786 590,1832 505,1783 463,1819 375,1813"/>
                <Baseline points="381,1853 424,1854 468,1854 512,1856 556,1856 600,1857 643,1857 687,1857 731,1859 775,1859 819,1859 862,1860 906,1860 950,1862 994,1862 1038,1863 1081,1865 1125,1866 1169,1869 1213,1871 1257,1874"/>
                <TextEquiv>
                    <Unicode>der Rahme Riedler habe ihne zu diesem</Unicode>
                </TextEquiv>
            </TextLine>
            <TextLine id="r5l20" custom="readingOrder {index:19;}">
                <Coords points="367,1941 557,1974 868,1945 977,1974 1374,1968 1376,1900 1217,1877 1040,1924 949,1874 849,1906 754,1877 687,1902 642,1862 572,1897 369,1861"/>
                <Baseline points="375,1932 424,1934 474,1935 523,1935 573,1935 623,1937 672,1937 722,1937 772,1937 821,1937 871,1937 921,1937 970,1938 1020,1940 1070,1941 1119,1943 1169,1946 1219,1948 1268,1952 1318,1956 1368,1961"/>
                <TextEquiv>
                    <Unicode>Diebstahl veranlaßet und angereitzet, da</Unicode>
                </TextEquiv>
            </TextLine>
            <TextLine id="r5l21" custom="readingOrder {index:20;}">
                <Coords points="369,2057 634,2014 805,2018 926,2072 1041,2068 1109,2017 1353,2059 1376,2004 1234,1953 1120,1987 868,1945 793,1978 371,1947"/>
                <Baseline points="377,2009 426,2010 476,2012 525,2013 575,2013 624,2013 674,2013 723,2012 773,2012 822,2012 872,2012 922,2012 971,2012 1021,2012 1070,2013 1120,2015 1169,2019 1219,2022 1268,2025 1318,2032 1368,2039"/>
                <TextEquiv>
                    <Unicode>doch derselbe, boin er selbsten gesehen und ge¬</Unicode>
                </TextEquiv>
            </TextLine>
            <TextLine id="r5l22" custom="readingOrder {index:21;}">
                <Coords points="364,2115 418,2102 479,2138 534,2108 570,2131 1004,2091 1174,2162 1222,2121 1327,2121 1328,2074 1216,2043 932,2074 830,2023 769,2066 498,2030 365,2049"/>
                <Baseline points="372,2088 419,2091 466,2093 514,2094 561,2094 609,2094 656,2094 703,2094 751,2094 798,2094 846,2093 893,2093 940,2093 988,2094 1035,2094 1083,2096 1130,2097 1177,2100 1225,2103 1272,2108 1320,2114"/>
                <TextEquiv>
                    <Unicode>hört, solches hart Vermine. Also seyn er¬</Unicode>
                </TextEquiv>
            </TextLine>
            <TextLine id="r5l23" custom="readingOrder {index:22;}">
                <Coords points="1324,2153 1339,2153 1352,2146 1358,2151 1368,2151 1376,2069 1357,2063 1353,2059 1344,2064 1334,2062"/>
                <Baseline points="1335,2114 1365,2117"/>
                <TextEquiv>
                    <Unicode></Unicode>
                </TextEquiv>
            </TextLine>
            <TextLine id="r5l24" custom="readingOrder {index:23;}">
                <Coords points="371,2175 609,2197 815,2172 940,2199 1009,2174 1194,2207 1281,2180 1253,2122 1130,2159 1062,2112 1007,2135 917,2091 614,2104 504,2147 371,2108"/>
                <Baseline points="378,2166 422,2168 467,2171 512,2172 557,2172 602,2174 646,2174 691,2174 736,2174 781,2174 826,2174 870,2174 915,2174 960,2174 1005,2174 1050,2174 1094,2175 1139,2175 1184,2177 1229,2179 1274,2183"/>
                <TextEquiv>
                    <Unicode>Vermahnt, die zurr Mahrheit hierüber¬</Unicode>
                </TextEquiv>
            </TextLine>
            <TextLine id="r5l25" custom="readingOrder {index:24;}">
                <Coords points="374,2300 558,2252 721,2287 910,2249 1203,2305 1321,2270 1322,2197 811,2173 590,2233 376,2169"/>
                <Baseline points="381,2240 427,2242 474,2245 520,2247 567,2249 614,2250 660,2250 707,2250 754,2250 800,2250 847,2250 894,2250 940,2250 987,2250 1034,2250 1080,2251 1127,2253 1174,2255 1220,2256 1267,2259 1314,2264"/>
                <TextEquiv>
                    <Unicode>zusagen, und Nirmand Anrecht zu thun</Unicode>
                </TextEquiv>
            </TextLine>
            <TextLine id="r5l26" custom="readingOrder {index:25;} person {offset:24; length:7;}">
                <Coords points="394,2359 927,2377 996,2346 1242,2394 1368,2338 1019,2265 890,2307 834,2283 527,2304 459,2263 395,2285"/>
                <Baseline points="401,2339 449,2342 497,2345 545,2348 593,2349 641,2351 689,2351 737,2352 785,2352 833,2352 881,2351 929,2351 977,2351 1025,2351 1073,2351 1121,2352 1169,2353 1217,2354 1265,2357 1313,2360 1361,2364"/>
                <TextEquiv>
                    <Unicode>Was er disohrt, von dem Riedler ge¬</Unicode>
                </TextEquiv>
            </TextLine>
            <TextLine id="r5l27" custom="readingOrder {index:26;}">
                <Coords points="373,2441 524,2422 579,2460 733,2428 849,2467 979,2428 1061,2467 1375,2440 1375,2413 1075,2358 948,2396 887,2357 730,2391 496,2359 374,2388"/>
                <Baseline points="380,2415 429,2418 478,2421 528,2424 577,2426 627,2427 676,2427 725,2429 775,2429 824,2429 874,2429 923,2429 972,2429 1022,2429 1071,2429 1121,2429 1170,2429 1219,2429 1269,2430 1318,2431 1368,2432"/>
                <TextEquiv>
                    <Unicode>sagt, das seyn die Wahrheit, Er könne</Unicode>
                </TextEquiv>
            </TextLine>
            <TextLine id="r5l28" custom="readingOrder {index:27;}">
                <Coords points="362,2484 713,2536 996,2501 1051,2534 1079,2511 1216,2532 1300,2505 1300,2446 1251,2433 1153,2474 953,2436 875,2488 736,2433 648,2483 520,2431 362,2452"/>
                <Baseline points="368,2484 414,2487 460,2490 506,2492 553,2495 599,2498 645,2499 691,2501 738,2502 784,2504 830,2504 876,2505 923,2505 969,2505 1015,2504 1061,2502 1108,2501 1154,2499 1200,2496 1246,2493 1293,2490"/>
                <TextEquiv>
                    <Unicode>nicht darvon abstehen, und bones der¬</Unicode>
                </TextEquiv>
            </TextLine>
            <TextLine id="r5l29" custom="readingOrder {index:28;}">
                <Coords points="1307,2581 1318,2582 1325,2578 1335,2577 1335,2535 1319,2536 1318,2538 1315,2536 1307,2536"/>
                <Baseline points="1314,2571 1329,2571"/>
                <TextEquiv>
                    <Unicode></Unicode>
                </TextEquiv>
            </TextLine>
            <TextLine id="r5l30" custom="readingOrder {index:29;}">
                <Coords points="367,2578 522,2605 608,2575 722,2600 1025,2582 1104,2624 1305,2574 1306,2515 1117,2538 1000,2501 802,2557 748,2525 661,2554 592,2514 367,2505"/>
                <Baseline points="374,2565 420,2567 466,2568 512,2570 559,2570 605,2572 651,2573 697,2576 744,2576 790,2577 836,2579 882,2579 929,2579 975,2579 1021,2579 1067,2577 1114,2576 1160,2575 1206,2572 1252,2569 1299,2565"/>
                <TextEquiv>
                    <Unicode>Riedler schon erlangen könte, werde¬</Unicode>
                </TextEquiv>
            </TextLine>
            <TextLine id="r5l31" custom="readingOrder {index:30;} person {offset:15; length:4;}">
                <Coords points="364,2651 417,2635 554,2687 1309,2696 1309,2631 1249,2602 1110,2626 985,2581 922,2618 857,2580 520,2605 364,2578"/>
                <Baseline points="371,2634 417,2639 464,2641 510,2645 557,2645 603,2647 650,2648 696,2649 743,2649 789,2649 836,2649 883,2649 929,2648 976,2648 1022,2647 1069,2646 1115,2646 1162,2645 1208,2645 1255,2645 1302,2646"/>
                <TextEquiv>
                    <Unicode>er es doch vor Gott nicht erlangnen</Unicode>
                </TextEquiv>
            </TextLine>
            <TextLine id="r5l32" custom="readingOrder {index:31;}">
                <Coords points="372,2728 403,2730 438,2712 481,2732 502,2718 512,2723 524,2715 540,2728 552,2726 554,2684 528,2689 519,2679 504,2678 471,2684 464,2676 454,2677 417,2636 378,2648"/>
                <Baseline points="381,2705 408,2708 435,2710 463,2712 490,2713 517,2716 545,2718"/>
                <TextEquiv>
                    <Unicode>kömnen.</Unicode>
                </TextEquiv>
            </TextLine>
            <TextLine id="r5l33" custom="readingOrder {index:32;}">
                <Coords points="382,2836 474,2858 542,2812 637,2844 721,2816 870,2857 933,2822 1227,2869 1368,2836 1370,2797 1195,2716 1099,2719 1008,2783 737,2769 525,2715 386,2731"/>
                <Baseline points="390,2795 438,2797 487,2800 535,2802 584,2804 633,2807 681,2810 730,2811 778,2814 827,2816 876,2819 924,2820 973,2822 1021,2824 1070,2825 1119,2826 1167,2828 1216,2829 1264,2829 1313,2829 1362,2831"/>
                <TextEquiv>
                    <Unicode>Mas sein Absehen gelesen, im Schloß</Unicode>
                </TextEquiv>
            </TextLine>
            <TextLine id="r5l34" custom="readingOrder {index:33;}">
                <Coords points="376,2886 437,2911 503,2892 540,2910 629,2906 682,2943 756,2925 801,2950 867,2910 924,2911 918,2831 868,2857 837,2827 769,2848 715,2819 662,2859 587,2819 473,2858 424,2826 379,2832"/>
                <Baseline points="384,2870 410,2872 437,2874 464,2877 490,2878 517,2880 544,2882 570,2882 597,2883 624,2885 651,2886 677,2886 704,2888 731,2889 757,2890 784,2891 811,2892 837,2893 864,2895 891,2897 918,2900"/>
                <TextEquiv>
                    <Unicode>tzigen zu entbenden?</Unicode>
                </TextEquiv>
            </TextLine>
            <TextLine id="r5l35" custom="readingOrder {index:34;}">
                <Coords points="379,2980 600,3022 693,2994 764,3045 826,3006 871,3037 1036,3015 1143,3050 1207,3018 1312,3047 1337,2984 1099,2918 761,2954 553,2905 461,2936 384,2910"/>
                <Baseline points="387,2960 436,2964 485,2970 535,2975 584,2978 634,2984 683,2987 732,2992 782,2995 831,2999 881,3002 930,3005 980,3009 1029,3011 1078,3015 1128,3018 1177,3021 1227,3025 1276,3027 1326,3032"/>
                <TextEquiv>
                    <Unicode>Haubtsächlich habe Er gelt gesucht, Maßen er</Unicode>
                </TextEquiv>
            </TextLine>
            <TextLine id="r5l36" custom="readingOrder {index:35;}">
                <Coords points="367,3038 451,3074 700,3065 777,3125 922,3079 1107,3129 1152,3103 1206,3139 1368,3126 1370,3093 1240,3035 1165,3072 1034,3013 890,3053 826,3007 775,3046 692,2994 617,3023 372,2985"/>
                <Baseline points="375,3032 424,3037 473,3042 522,3047 572,3052 621,3057 670,3060 720,3064 769,3068 818,3072 868,3075 917,3079 966,3083 1015,3087 1065,3090 1114,3095 1163,3100 1213,3104 1262,3110 1311,3114 1361,3120"/>
                <TextEquiv>
                    <Unicode>übrigens an bett, Seßell und dergleichen</Unicode>
                </TextEquiv>
            </TextLine>
            <TextLine id="r5l37" custom="readingOrder {index:36;}">
                <Coords points="366,3136 438,3143 479,3113 557,3147 641,3129 936,3185 1022,3164 1249,3191 1251,3163 1109,3150 1059,3104 985,3130 861,3080 785,3118 702,3066 565,3097 374,3040"/>
                <Baseline points="375,3104 418,3108 461,3111 505,3115 548,3119 591,3122 635,3127 678,3129 721,3134 765,3137 808,3142 851,3145 895,3148 938,3152 981,3156 1025,3161 1068,3165 1111,3170 1155,3175 1198,3179 1242,3185"/>
                <TextEquiv>
                    <Unicode>Sachen nichts verrückt oder genomen.</Unicode>
                </TextEquiv>
            </TextLine>
            <TextLine id="r5l38" custom="readingOrder {index:37;}">
                <Coords points="311,3245 453,3260 595,3218 861,3263 992,3244 1076,3304 1128,3274 1180,3313 1359,3283 1361,3255 997,3182 933,3226 819,3217 681,3151 527,3198 448,3140 320,3118"/>
                <Baseline points="321,3206 372,3207 424,3210 475,3213 527,3216 578,3219 630,3222 681,3225 733,3228 784,3232 836,3236 888,3240 939,3244 991,3248 1042,3252 1094,3256 1145,3261 1197,3265 1248,3270 1300,3275 1352,3279"/>
                <TextEquiv>
                    <Unicode>E. Ob Er äußert denenjenigen Sachen, welche</Unicode>
                </TextEquiv>
            </TextLine>
            <TextLine id="r5l39" custom="readingOrder {index:38;}">
                <Coords points="366,3294 652,3306 744,3352 880,3320 1053,3366 1120,3337 1301,3355 1303,3319 1178,3313 1122,3277 1058,3296 993,3244 925,3287 788,3237 713,3273 595,3219 536,3249 499,3226 459,3256 369,3248"/>
                <Baseline points="374,3272 420,3274 466,3276 512,3278 558,3281 604,3285 650,3287 696,3290 742,3293 788,3296 834,3300 880,3303 926,3306 972,3310 1018,3313 1064,3318 1110,3322 1156,3326 1202,3330 1248,3335 1295,3339"/>
                <TextEquiv>
                    <Unicode>auf der Liste aufgezeichnet sind, so er in¬</Unicode>
                </TextEquiv>
            </TextLine>
            <TextEquiv>
                <Unicode>Examen mit Janswragen buhl.
Ober alle die Gergangenheit im Schloß, als
anhiningebrochen, so bin er selbige in seinem
ersteren Examine auß gesagt, als der Wahr¬
heit gemäß, anjezo noch bestätige?
Ja, Er bestätige seine gantze Vergucht, mit
bezeugen, daß er die gantze Mahrheit ge¬
sagt.
Mannenhar er gekommen, Als er den Ein¬
bruchgethan.
Seye daß Morgins von Rücketsloyl ge¬
gangen, biß auf Geßl, Alda er biß auf¬
den Abend verblieben, und von dännen
beÿ Domnen Stidergang geraden Worgs auf¬
Wegen gelesen, umb seinleichtfertiger¬

Vorhaben auß zuführen.
In seinem vorigen Examine habeer gesagt,
der Rahme Riedler habe ihne zu diesem
Diebstahl veranlaßet und angereitzet, da
doch derselbe, boin er selbsten gesehen und ge¬
hört, solches hart Vermine. Also seyn er¬

Vermahnt, die zurr Mahrheit hierüber¬
zusagen, und Nirmand Anrecht zu thun
Was er disohrt, von dem Riedler ge¬
sagt, das seyn die Wahrheit, Er könne
nicht darvon abstehen, und bones der¬

Riedler schon erlangen könte, werde¬
er es doch vor Gott nicht erlangnen
kömnen.
Mas sein Absehen gelesen, im Schloß
tzigen zu entbenden?
Haubtsächlich habe Er gelt gesucht, Maßen er
übrigens an bett, Seßell und dergleichen
Sachen nichts verrückt oder genomen.
E. Ob Er äußert denenjenigen Sachen, welche
auf der Liste aufgezeichnet sind, so er in¬</Unicode>
            </TextEquiv>
        </TextRegion>
        <TextRegion orientation="0.0" id="r6" custom="readingOrder {index:5;}">
            <Coords points="1535,298 1535,460 1625,460 1625,298"/>
            <TextLine id="r6l1" custom="readingOrder {index:0;}">
                <Coords points="1536,455 1553,451 1574,422 1584,416 1589,419 1597,413 1608,413 1618,418 1634,410 1622,337 1616,338 1608,349 1598,350 1589,363 1546,349 1520,356"/>
                <Baseline points="1535,410 1565,409 1595,402 1625,398"/>
                <TextEquiv>
                    <Unicode>4 M</Unicode>
                </TextEquiv>
            </TextLine>
            <TextEquiv>
                <Unicode>4 M</Unicode>
            </TextEquiv>
        </TextRegion>
        <TextRegion orientation="0.0" id="r7" custom="readingOrder {index:6;}">
            <Coords points="1602,764 1602,1219 1674,1219 1674,764"/>
            <TextLine id="r7l1" custom="readingOrder {index:0;}">
                <Coords points="1599,867 1609,865 1627,848 1631,851 1657,828 1672,832 1664,739 1650,743 1640,752 1621,749 1588,757"/>
                <Baseline points="1602,825 1633,825 1665,819"/>
                <TextEquiv>
                    <Unicode>d</Unicode>
                </TextEquiv>
            </TextLine>
            <TextLine id="r7l2" custom="readingOrder {index:1;}">
                <Coords points="1607,975 1614,975 1629,960 1637,963 1646,954 1665,950 1665,845 1644,839 1629,852 1626,849 1617,858 1607,859"/>
                <Baseline points="1614,936 1659,936"/>
                <TextEquiv>
                    <Unicode>F.</Unicode>
                </TextEquiv>
            </TextLine>
            <TextLine id="r7l3" custom="readingOrder {index:2;}">
                <Coords points="1613,1228 1625,1229 1630,1235 1641,1228 1663,1244 1672,1237 1680,1239 1680,1121 1652,1113 1644,1119 1626,1112 1613,1115"/>
                <Baseline points="1620,1190 1647,1191 1674,1190"/>
                <TextEquiv>
                    <Unicode>d.</Unicode>
                </TextEquiv>
            </TextLine>
            <TextEquiv>
                <Unicode>d
F.
d.</Unicode>
            </TextEquiv>
        </TextRegion>
        <TextRegion orientation="0.0" id="r8" custom="readingOrder {index:7;}">
            <Coords points="1653,334 1653,3334 2756,3334 2756,334"/>
            <TextLine id="r8l1" custom="readingOrder {index:0;} person {offset:11; length:15;}">
                <Coords points="1671,438 1892,445 2013,386 2243,426 2325,391 2393,437 2480,395 2703,408 2760,377 2756,253 2171,296 1994,360 1793,353 1667,302"/>
                <Baseline points="1677,420 1730,413 1784,407 1838,401 1892,397 1946,393 1999,390 2053,389 2107,387 2161,384 2215,384 2268,383 2322,383 2376,383 2430,381 2484,381 2537,380 2591,380 2645,378 2699,376 2753,374"/>
                <TextEquiv>
                    <Unicode>Gramen mit Dans Rräyenbuhl</Unicode>
                </TextEquiv>
            </TextLine>
            <TextLine id="r8l2" custom="readingOrder {index:1;}">
                <Coords points="1678,617 1784,568 2046,545 2682,554 2762,521 2759,431 2540,479 2375,454 2191,487 2142,455 2054,501 1748,478 1675,512"/>
                <Baseline points="1683,567 1736,561 1790,555 1843,550 1897,547 1951,543 2004,542 2058,540 2112,539 2165,537 2219,537 2273,537 2326,536 2380,536 2434,535 2487,534 2541,533 2595,530 2648,528 2702,524 2756,521"/>
                <TextEquiv>
                    <Unicode>in seinem Ersten Examine Vernambset, nicht</Unicode>
                </TextEquiv>
            </TextLine>
            <TextLine id="r8l3" custom="readingOrder {index:2;} place {offset:21; length:13;}">
                <Coords points="1680,671 2044,633 2752,636 2750,584 2249,540 2105,579 2046,546 2001,590 1815,568 1679,617"/>
                <Baseline points="1686,642 1738,639 1791,636 1844,632 1897,629 1950,627 2003,624 2056,622 2109,620 2162,618 2215,616 2267,615 2320,614 2373,612 2426,611 2479,610 2532,609 2585,609 2638,609 2691,609 2744,609"/>
                <TextEquiv>
                    <Unicode>noch anderes aus dem Schloß Uzigen ge¬</Unicode>
                </TextEquiv>
            </TextLine>
            <TextLine id="r8l4" custom="readingOrder {index:3;}">
                <Coords points="1673,732 1705,740 1726,730 1742,739 1775,733 1805,755 1833,739 1848,744 1866,728 1879,730 1877,649 1854,650 1835,671 1813,661 1782,667 1770,659 1706,688 1672,683"/>
                <Baseline points="1680,714 1707,713 1734,711 1762,710 1789,708 1817,708 1844,708 1872,711"/>
                <TextEquiv>
                    <Unicode>nomen?</Unicode>
                </TextEquiv>
            </TextLine>
            <TextLine id="r8l5" custom="readingOrder {index:4;}">
                <Coords points="1694,836 2292,804 2578,834 2757,795 2756,753 2652,761 2553,700 2417,737 2361,698 2173,779 1998,709 1692,770"/>
                <Baseline points="1700,813 1752,812 1805,810 1857,809 1910,807 1962,806 2015,804 2067,803 2120,801 2172,800 2225,797 2277,795 2330,794 2382,792 2435,791 2487,789 2540,788 2592,788 2645,786 2697,786 2750,786"/>
                <TextEquiv>
                    <Unicode>Nun, das könne er mit Wahrheit bezeugen.</Unicode>
                </TextEquiv>
            </TextLine>
            <TextLine id="r8l6" custom="readingOrder {index:5;} person {offset:35; length:7;}">
                <Coords points="1690,956 2733,928 2731,830 2608,818 2368,865 2104,834 1813,886 1689,871"/>
                <Baseline points="1697,936 1748,933 1799,932 1851,929 1902,926 1954,924 2005,921 2057,920 2108,918 2160,917 2211,915 2262,914 2314,914 2365,912 2417,912 2468,912 2520,912 2571,912 2623,914 2674,914 2726,917"/>
                <TextEquiv>
                    <Unicode>eb Er also darauf beharre, daß der Rüedler</Unicode>
                </TextEquiv>
            </TextLine>
            <TextLine id="r8l7" custom="readingOrder {index:6;}">
                <Coords points="1679,1032 1849,1051 2071,1012 2256,1040 2408,993 2564,1039 2712,1017 2710,942 2551,928 2407,982 2331,959 2166,988 2096,944 1894,990 1678,966"/>
                <Baseline points="1685,1011 1736,1012 1787,1013 1838,1013 1889,1011 1940,1011 1991,1010 2042,1008 2093,1007 2144,1005 2195,1004 2246,1002 2297,1001 2348,999 2399,998 2450,998 2501,998 2552,998 2603,999 2654,1001 2705,1004"/>
                <TextEquiv>
                    <Unicode>ihne geheißen oder angerahten ins Schloß¬</Unicode>
                </TextEquiv>
            </TextLine>
            <TextLine id="r8l8" custom="readingOrder {index:7;}">
                <Coords points="1667,1153 1776,1104 1872,1121 1966,1096 2040,1128 2111,1101 2187,1102 2186,1040 1816,1050 1722,1017 1667,1039"/>
                <Baseline points="1674,1101 1699,1100 1724,1098 1749,1097 1775,1096 1800,1095 1825,1094 1851,1094 1876,1094 1901,1094 1927,1094 1952,1094 1977,1094 2002,1094 2028,1095 2053,1095 2078,1095 2104,1095 2129,1095 2154,1094 2180,1094"/>
                <TextEquiv>
                    <Unicode>Uzigen unzubrechen?</Unicode>
                </TextEquiv>
            </TextLine>
            <TextLine id="r8l9" custom="readingOrder {index:8;}">
                <Coords points="1693,1207 2088,1189 2203,1221 2250,1186 2466,1173 2518,1206 2710,1168 2740,1108 2464,1079 2298,1126 1850,1115 1781,1167 1691,1131"/>
                <Baseline points="1700,1184 1751,1185 1803,1187 1855,1187 1907,1187 1958,1187 2010,1185 2062,1184 2114,1182 2165,1181 2217,1179 2269,1178 2321,1175 2372,1173 2424,1170 2476,1169 2528,1167 2579,1165 2631,1164 2683,1162 2735,1161"/>
                <TextEquiv>
                    <Unicode>Ja, das Bezeuge er bey Leben und Sterben</Unicode>
                </TextEquiv>
            </TextLine>
            <TextLine id="r8l10" custom="readingOrder {index:9;}">
                <Coords points="1681,1270 2706,1275 2704,1189 2553,1211 2480,1174 2308,1213 2250,1186 2155,1242 2088,1191 1680,1212"/>
                <Baseline points="1688,1259 1738,1260 1789,1262 1839,1262 1890,1262 1940,1262 1991,1262 2041,1262 2092,1260 2142,1259 2193,1257 2244,1256 2294,1254 2345,1253 2395,1251 2446,1250 2496,1247 2547,1245 2597,1244 2648,1243 2699,1242"/>
                <TextEquiv>
                    <Unicode>dann er sonsten keine Gedancken an solche¬</Unicode>
                </TextEquiv>
            </TextLine>
            <TextLine id="r8l11" custom="readingOrder {index:10;}">
                <Coords points="1667,1374 1719,1378 1749,1353 1776,1372 1862,1350 1936,1377 2003,1352 2058,1368 2101,1347 2194,1352 2220,1344 2220,1294 2180,1284 2127,1312 2082,1279 1918,1327 1871,1323 1824,1280 1778,1297 1737,1265 1666,1272"/>
                <Baseline points="1673,1346 1700,1345 1727,1344 1754,1344 1781,1343 1808,1343 1835,1343 1862,1344 1889,1344 1916,1344 1943,1344 1970,1344 1997,1344 2024,1344 2051,1344 2078,1344 2105,1343 2132,1343 2159,1341 2186,1340 2213,1338"/>
                <TextEquiv>
                    <Unicode>Böse thaten gehabt hätte.</Unicode>
                </TextEquiv>
            </TextLine>
            <TextLine id="r8l12" custom="readingOrder {index:11;} person {offset:13; length:7;}">
                <Coords points="1654,1460 2397,1481 2720,1440 2720,1388 2642,1411 2571,1364 2334,1428 2217,1423 2105,1356 1878,1410 1841,1376 1654,1380"/>
                <Baseline points="1661,1442 1713,1443 1766,1443 1818,1443 1871,1445 1924,1445 1976,1445 2029,1446 2082,1446 2134,1446 2187,1448 2240,1448 2292,1446 2345,1446 2398,1446 2450,1445 2503,1443 2556,1442 2608,1440 2661,1438 2714,1434"/>
                <TextEquiv>
                    <Unicode>Nachdeme der Riedler ihnm nach und nach¬</Unicode>
                </TextEquiv>
            </TextLine>
            <TextLine id="r8l13" custom="readingOrder {index:12;}">
                <Coords points="1672,1528 2445,1552 2679,1519 2678,1451 2502,1499 2114,1450 2004,1488 1886,1452 1671,1478"/>
                <Baseline points="1679,1514 1728,1515 1778,1517 1827,1518 1877,1520 1927,1520 1976,1521 2026,1521 2076,1521 2125,1521 2175,1521 2225,1520 2274,1519 2324,1518 2374,1517 2423,1515 2473,1512 2523,1511 2572,1508 2622,1505 2672,1502"/>
                <TextEquiv>
                    <Unicode>sein Gelt alles geholffen durch bringen, habe</Unicode>
                </TextEquiv>
            </TextLine>
            <TextLine id="r8l14" custom="readingOrder {index:13;}">
                <Coords points="1664,1605 1742,1626 1802,1591 1855,1632 1948,1602 2008,1648 2277,1594 2657,1622 2731,1593 2731,1535 2444,1563 2219,1521 2132,1572 2047,1533 1969,1568 1856,1526 1736,1570 1663,1552"/>
                <Baseline points="1670,1590 1722,1592 1775,1593 1828,1593 1880,1593 1933,1593 1986,1593 2038,1593 2091,1593 2144,1592 2197,1592 2249,1591 2302,1590 2355,1590 2407,1589 2460,1589 2513,1589 2565,1589 2618,1589 2671,1589 2724,1589"/>
                <TextEquiv>
                    <Unicode>er ihne Inquisiten anfänglich angelaßen, Er¬</Unicode>
                </TextEquiv>
            </TextLine>
            <TextLine id="r8l15" custom="readingOrder {index:14;}">
                <Coords points="1670,1693 1965,1664 2048,1696 2282,1703 2375,1667 2642,1698 2712,1684 2713,1599 2462,1650 2389,1604 2308,1629 2257,1601 2109,1652 2066,1622 2000,1645 1951,1603 1670,1627"/>
                <Baseline points="1677,1659 1728,1662 1779,1664 1831,1665 1882,1666 1934,1667 1985,1667 2036,1667 2088,1667 2139,1667 2191,1667 2242,1667 2293,1667 2345,1667 2396,1667 2448,1667 2499,1668 2550,1668 2602,1670 2653,1671 2705,1674"/>
                <TextEquiv>
                    <Unicode>wolle Ihme zu einem Gelt Aufbruch Behülff¬</Unicode>
                </TextEquiv>
            </TextLine>
            <TextLine id="r8l16" custom="readingOrder {index:15;}">
                <Coords points="1666,1800 1732,1769 2225,1782 2307,1750 2491,1788 2721,1750 2721,1699 2561,1720 2362,1678 2214,1708 1978,1669 1905,1714 1733,1688 1666,1718"/>
                <Baseline points="1673,1748 1725,1746 1777,1746 1829,1745 1881,1745 1933,1743 1985,1743 2037,1743 2089,1742 2141,1742 2193,1742 2245,1742 2297,1742 2349,1742 2401,1742 2453,1742 2505,1742 2557,1742 2609,1743 2661,1743 2714,1745"/>
                <TextEquiv>
                    <Unicode>glich seyn; Da aber diß nicht von statten gehen</Unicode>
                </TextEquiv>
            </TextLine>
            <TextLine id="r8l17" custom="readingOrder {index:16;}">
                <Coords points="1673,1837 2097,1873 2240,1835 2306,1880 2558,1834 2700,1851 2701,1782 2601,1812 2324,1756 2236,1791 2168,1769 2118,1811 2032,1765 1987,1794 1924,1763 1674,1793"/>
                <Baseline points="1680,1826 1730,1827 1781,1827 1832,1829 1882,1829 1933,1829 1984,1829 2034,1829 2085,1829 2136,1829 2187,1829 2237,1829 2288,1829 2339,1829 2389,1829 2440,1829 2491,1829 2541,1830 2592,1832 2643,1833 2694,1836"/>
                <TextEquiv>
                    <Unicode>wollen, und indeßen seine Noth jemehr und¬</Unicode>
                </TextEquiv>
            </TextLine>
            <TextLine id="r8l18" custom="readingOrder {index:17;} person {offset:33; length:7;}">
                <Coords points="1673,1935 2706,1930 2706,1861 2558,1833 2382,1883 2253,1839 2098,1873 1997,1877 1957,1842 1808,1884 1674,1865"/>
                <Baseline points="1680,1898 1733,1899 1787,1901 1840,1901 1894,1902 1948,1902 2001,1901 2055,1901 2109,1901 2162,1901 2216,1899 2269,1899 2323,1899 2377,1899 2430,1901 2484,1901 2538,1902 2591,1904 2645,1907 2699,1910"/>
                <TextEquiv>
                    <Unicode>mehr angebachsten, habe ihme der Riedler</Unicode>
                </TextEquiv>
            </TextLine>
            <TextLine id="r8l19" custom="readingOrder {index:18;}">
                <Coords points="1655,1998 2262,1991 2307,2023 2488,1995 2549,2028 2637,1992 2637,1927 2415,1964 2363,1933 2162,1965 2079,1919 2007,1951 1937,1930 1849,1961 1729,1926 1654,1952"/>
                <Baseline points="1661,1986 1709,1988 1757,1988 1806,1988 1854,1988 1903,1988 1951,1988 2000,1987 2048,1986 2097,1986 2145,1985 2193,1983 2242,1983 2290,1982 2339,1982 2387,1980 2436,1980 2484,1980 2533,1980 2581,1979 2630,1979"/>
                <TextEquiv>
                    <Unicode>proponiert Gelt zu machen, sagende, Er¬</Unicode>
                </TextEquiv>
            </TextLine>
            <TextLine id="r8l20" custom="readingOrder {index:19;}">
                <Coords points="1661,2070 2679,2080 2688,2031 2433,1998 1814,2027 1711,1995 1660,2023"/>
                <Baseline points="1667,2058 1717,2060 1768,2060 1819,2061 1869,2061 1920,2063 1971,2063 2021,2061 2072,2061 2123,2061 2174,2060 2224,2060 2275,2058 2326,2057 2376,2055 2427,2054 2478,2054 2528,2052 2579,2050 2630,2049 2681,2048"/>
                <TextEquiv>
                    <Unicode>könne wohl mit dem feutor umbgehen, und</Unicode>
                </TextEquiv>
            </TextLine>
            <TextLine id="r8l21" custom="readingOrder {index:20;}">
                <Coords points="1655,2151 1784,2140 1869,2176 2028,2130 2199,2170 2285,2136 2323,2171 2357,2140 2662,2132 2639,2061 2593,2093 2434,2072 2330,2107 2262,2069 2186,2101 2118,2060 2013,2109 1655,2088"/>
                <Baseline points="1662,2123 1711,2124 1761,2126 1810,2127 1860,2128 1910,2129 1959,2130 2009,2130 2059,2130 2108,2130 2158,2130 2208,2130 2257,2130 2307,2130 2357,2129 2406,2127 2456,2126 2506,2125 2555,2123 2605,2121 2655,2120"/>
                <TextEquiv>
                    <Unicode>er wolle ihme ein Recept hirzu zur Hand¬</Unicode>
                </TextEquiv>
            </TextLine>
            <TextLine id="r8l22" custom="readingOrder {index:21;}">
                <Coords points="1655,2202 1708,2233 2064,2237 2166,2201 2511,2231 2651,2215 2714,2189 2714,2149 2383,2138 2180,2181 2023,2134 1855,2181 1718,2136 1655,2161"/>
                <Baseline points="1661,2198 1713,2198 1765,2198 1818,2198 1870,2199 1922,2199 1975,2199 2027,2199 2079,2199 2132,2199 2184,2199 2236,2199 2289,2198 2341,2198 2393,2197 2446,2196 2498,2195 2550,2193 2603,2192 2655,2190 2708,2187"/>
                <TextEquiv>
                    <Unicode>bringen; Endtlichen, Als er hierzu sich nicht</Unicode>
                </TextEquiv>
            </TextLine>
            <TextLine id="r8l23" custom="readingOrder {index:22;} person {offset:38; length:7;}">
                <Coords points="1654,2301 1806,2313 1877,2280 1941,2314 2222,2275 2611,2308 2707,2286 2706,2201 2417,2255 2171,2202 2049,2257 1821,2214 1653,2240"/>
                <Baseline points="1661,2276 1712,2276 1764,2276 1816,2276 1868,2276 1920,2277 1972,2277 2024,2277 2076,2277 2128,2277 2180,2277 2231,2276 2283,2276 2335,2276 2387,2274 2439,2273 2491,2271 2543,2270 2595,2268 2647,2267 2699,2264"/>
                <TextEquiv>
                    <Unicode>gebrauchen laßen wollen, habe er ihme Zuletzt</Unicode>
                </TextEquiv>
            </TextLine>
            <TextLine id="r8l24" custom="readingOrder {index:23;}">
                <Coords points="1650,2366 2713,2368 2713,2317 2542,2288 2459,2324 2223,2277 2075,2320 1998,2291 1835,2329 1775,2290 1650,2313"/>
                <Baseline points="1656,2348 1708,2349 1761,2349 1813,2349 1866,2349 1918,2349 1971,2348 2023,2348 2076,2346 2128,2346 2181,2345 2233,2345 2286,2345 2338,2343 2391,2343 2443,2343 2496,2343 2548,2345 2601,2345 2653,2346 2706,2348"/>
                <TextEquiv>
                    <Unicode>zu zwegenmahlen die Vorschläge gethan ein¬</Unicode>
                </TextEquiv>
            </TextLine>
            <TextLine id="r8l25" custom="readingOrder {index:24;}">
                <Coords points="1646,2432 2677,2441 2677,2394 2532,2352 2278,2395 2160,2352 1916,2399 1646,2370"/>
                <Baseline points="1653,2417 1703,2417 1754,2417 1805,2417 1856,2417 1907,2417 1958,2417 2008,2417 2059,2417 2110,2417 2161,2417 2212,2417 2263,2417 2314,2417 2364,2418 2415,2418 2466,2418 2517,2420 2568,2420 2619,2421 2670,2423"/>
                <TextEquiv>
                    <Unicode>zubrechen, borzu deßen Anstifftungen,</Unicode>
                </TextEquiv>
            </TextLine>
            <TextLine id="r8l26" custom="readingOrder {index:25;} person {offset:32; length:4; continued:true;}">
                <Coords points="1655,2495 2556,2508 2616,2498 2617,2444 2563,2473 2443,2429 2349,2458 2224,2420 2160,2465 2096,2432 2046,2463 1655,2447"/>
                <Baseline points="1662,2489 1709,2487 1756,2487 1804,2486 1851,2486 1898,2486 1946,2486 1993,2486 2040,2486 2088,2486 2135,2487 2182,2487 2230,2487 2277,2489 2324,2489 2372,2490 2419,2490 2466,2492 2514,2492 2561,2492 2609,2493"/>
                <TextEquiv>
                    <Unicode>seiee eigene Umbstande, und der Bose</Unicode>
                </TextEquiv>
            </TextLine>
            <TextLine id="r8l27" custom="readingOrder {index:26;} person {offset:0; length:5; continued:true;}">
                <Coords points="1660,2581 1751,2612 1882,2566 2100,2562 2159,2598 2512,2579 2626,2613 2715,2586 2717,2493 2459,2496 2335,2545 2120,2495 1661,2512"/>
                <Baseline points="1667,2567 1719,2565 1771,2565 1823,2564 1875,2563 1927,2562 1979,2562 2031,2562 2083,2561 2135,2561 2188,2562 2240,2562 2292,2563 2344,2565 2396,2565 2448,2568 2500,2570 2552,2573 2604,2576 2656,2580 2709,2585"/>
                <TextEquiv>
                    <Unicode>Geest ihne nach und nach eingeführt: Welcher</Unicode>
                </TextEquiv>
            </TextLine>
            <TextLine id="r8l28" custom="readingOrder {index:27;}">
                <Coords points="1670,2642 1847,2634 1916,2683 2065,2643 2166,2666 2212,2651 2340,2694 2340,2618 2286,2593 2238,2620 2134,2577 1936,2606 1893,2574 1845,2618 1670,2592"/>
                <Baseline points="1677,2631 1709,2634 1742,2636 1775,2637 1808,2637 1841,2639 1874,2639 1906,2639 1939,2639 1972,2639 2005,2637 2038,2637 2071,2637 2104,2636 2136,2636 2169,2636 2202,2636 2235,2636 2268,2637 2301,2639 2334,2640"/>
                <TextEquiv>
                    <Unicode>Er nun hertzlich Berenbe¬</Unicode>
                </TextEquiv>
            </TextLine>
            <TextLine id="r8l29" custom="readingOrder {index:28;}">
                <Coords points="1731,2804 1851,2774 1917,2809 1956,2781 2083,2807 2233,2759 2481,2812 2599,2778 2597,2709 2401,2681 2177,2729 1928,2711 1729,2750"/>
                <Baseline points="1737,2781 1779,2778 1822,2773 1865,2771 1908,2768 1950,2765 1993,2763 2036,2760 2079,2759 2121,2757 2164,2756 2207,2756 2250,2756 2292,2754 2335,2756 2378,2756 2421,2756 2463,2757 2506,2759 2549,2761 2592,2763"/>
                <TextEquiv>
                    <Unicode>Also abgelesen und bestätiget.</Unicode>
                </TextEquiv>
            </TextLine>
            <TextLine id="r8l30" custom="readingOrder {index:29;}">
                <Coords points="1742,2973 1914,2947 2002,2986 2080,2942 2212,2971 2368,2959 2366,2829 2305,2851 2165,2830 2142,2848 2022,2816 1945,2845 1855,2810 1741,2844"/>
                <Baseline points="1749,2933 1779,2932 1810,2930 1840,2928 1871,2927 1902,2925 1932,2924 1963,2922 1993,2922 2024,2921 2055,2919 2085,2919 2116,2919 2146,2919 2177,2919 2208,2920 2238,2921 2269,2922 2299,2924 2330,2925 2361,2927"/>
                <TextEquiv>
                    <Unicode>Lasite umb Buad.</Unicode>
                </TextEquiv>
            </TextLine>
            <TextLine id="r8l31" custom="readingOrder {index:30;}">
                <Coords points="1699,2974 1713,2974 1730,2989 1743,2989 1749,2931 1731,2930 1724,2934 1713,2922 1704,2922"/>
                <Baseline points="1707,2954 1740,2957"/>
                <TextEquiv>
                    <Unicode></Unicode>
                </TextEquiv>
            </TextLine>
            <TextLine id="r8l32" custom="readingOrder {index:31;}">
                <Coords points="2321,3363 2382,3358 2467,3308 2524,3332 2580,3322 2597,3305 2679,3299 2678,3246 2656,3254 2640,3239 2594,3239 2562,3252 2442,3190 2317,3203"/>
                <Baseline points="2327,3314 2353,3310 2380,3306 2406,3304 2433,3302 2459,3302 2486,3302 2512,3302 2539,3303 2565,3303 2592,3303 2618,3302 2645,3300 2672,3297"/>
                <TextEquiv>
                    <Unicode>Zweytes</Unicode>
                </TextEquiv>
            </TextLine>
            <TextEquiv>
                <Unicode>Gramen mit Dans Rräyenbuhl
in seinem Ersten Examine Vernambset, nicht
noch anderes aus dem Schloß Uzigen ge¬
nomen?
Nun, das könne er mit Wahrheit bezeugen.
eb Er also darauf beharre, daß der Rüedler
ihne geheißen oder angerahten ins Schloß¬
Uzigen unzubrechen?
Ja, das Bezeuge er bey Leben und Sterben
dann er sonsten keine Gedancken an solche¬
Böse thaten gehabt hätte.
Nachdeme der Riedler ihnm nach und nach¬
sein Gelt alles geholffen durch bringen, habe
er ihne Inquisiten anfänglich angelaßen, Er¬
wolle Ihme zu einem Gelt Aufbruch Behülff¬
glich seyn; Da aber diß nicht von statten gehen
wollen, und indeßen seine Noth jemehr und¬
mehr angebachsten, habe ihme der Riedler
proponiert Gelt zu machen, sagende, Er¬
könne wohl mit dem feutor umbgehen, und
er wolle ihme ein Recept hirzu zur Hand¬
bringen; Endtlichen, Als er hierzu sich nicht
gebrauchen laßen wollen, habe er ihme Zuletzt
zu zwegenmahlen die Vorschläge gethan ein¬
zubrechen, borzu deßen Anstifftungen,
seiee eigene Umbstande, und der Bose
Geest ihne nach und nach eingeführt: Welcher
Er nun hertzlich Berenbe¬
Also abgelesen und bestätiget.
Lasite umb Buad.

Zweytes</Unicode>
            </TextEquiv>
        </TextRegion>
    </Page>
</PcGts>
