3024 4032
316 319 480 431 190.
522 472 1126 629 Information
451 603 1485 837 Welche auf obigen hohen Befahl¬
444 753 1539 964 MeghCon der Räbtert durch Welste
448 832 1509 1039 Dice Broßweibel Jnrtthr und Herrn
445 948 1466 1094 Johann Eiannel Songeli aes
454 1050 1535 1220 ältesten Brichtssäßen aufgenomen
450 1128 729 1216 worden.
287 1392 1474 1578 18 Junter Frans Eianuehvon
412 1514 1509 1674 Vorrstehten Rahthauß Amann, bez¬
429 1640 1357 1771 Ermahnung aufhabenden Eydes,
422 1719 695 1807 declarirt.
397 1896 1466 2038 Ersteyn Freytags den 21. 86r25 lehzthim
407 1994 1495 2120 gewesten, als sein depl. Herr Schwäger
406 2096 1478 2217 Herr Haubtmann Jenner, mit Herr
397 2180 1489 2321 Zellenberg zu ihme auf das Rahthaus
397 2279 1432 2412 gekommen, ohngefahrd mm 2. Uhr
390 2368 1486 2503 nachmtag; Etlann gegen 3. Uhr
380 2450 1472 2604 haben diesich entschloßen, vor das Thor
380 2552 1471 2678 zusfahieren, also steyen sie gegen
376 2648 1485 2780 die Eugi- und weilen es hünlich balt
374 2707 1406 2897 Wecter ware, in das Truggfeld¬
364 2831 1479 2978 Wihrtshauß gewesen; dorten haben
373 2930 1466 3086 die Herrn sollherr Wagner und Herrn
354 3017 1483 3175 Kaufhauß Verbalter Eonst angetroffen
355 3128 1414 3277 habind alle mit einander ein Blas
361 3226 1498 3363 Mein in bester Freinschafftgekrinbe
338 3313 1427 3498 Herr Wäger habe gestagt, es befinde
1283 3402 1426 3524 sisch
2704 307 2838 446 191.
1711 488 2811 664 sich in der unteren Stuben Herr Luh¬
1716 581 2817 764 und Herr Fursprech Sammel Zehender
1697 676 2824 873 Er habe Ihnen auch proponieret herauf
1700 791 2785 940 zu kommen, so aber nicht geschehen;
1706 879 2770 1024 Begen 6. Uhr, als es begonnen zu
1706 983 2731 1118 Nachten, seyen sie wieder gegen die
2295 1070 2769 1187 Herr Ernstund¬
1685 1106 2164 1224 Stadt gegangen.
1697 1173 2794 1303 Herr Wagner haben sich mit einander fort¬
1704 1238 2799 1384 begeben, Sie übrige wey Herren aber¬
1713 1328 2801 1462 seyen mit einander die Stadt hinabge¬
1704 1413 2788 1544 gangen, da dann unter Ihnen propo¬
1695 1501 2806 1624 mat wurde, noch zu Schuiden zu gehen,
1687 1594 2806 1702 Dielohlen nun er Deponent sich erkläret,
1687 1680 2742 1810 Er wolle nach Hauß, dennoch seye er
1683 1803 2721 1891 par complaisanie mit Herr Fellenberg
1690 1860 2752 1971 zu Schmieden geloefen, Herr Haubt¬
1694 1953 2701 2087 mann Jenner aber in seines Herrn
1696 2029 2427 2161 Racters Hauß gegangen.
2570 2025 2771 2144 33 J
1709 2131 2702 2249 Ankommen bey Schniden haben Sie
1701 2209 2781 2326 niemand anders als Herr Brichtschrüiber
1695 2275 2681 2407 Haller und Herr Luz angetroffen;
1690 2365 2774 2490 Gleich von anfang, nachdeme ein jeder
1703 2433 2760 2563 kein Viertelin Wein vorsich hatte, und
1690 2527 2782 2651 einander bebillbommet, habe Herr Fellen¬
1687 2609 2760 2738 berg zu Herrn Luz gestagt, was es mit
1696 2707 2743 2830 dem Process-sto Er als Rogt gegen Herr
1683 2779 2773 2897 Land vogt Waaner von Daamen betreiben
1690 2856 2773 2996 müßen, für einen Außgang gewonen,
1693 2945 2753 3082 So geantwortet, es seyn Gut gegangen,
1693 3040 2758 3157 indeme er den Process gewonnen, darauf
1686 3098 2688 3239 einer den anderen Varr geheißen,
1695 3194 2693 3333 biße aber nicht von welchem dieses
1692 3273 2524 3401 Wort außgegoßen worden.
2549 3363 2688 3532 biß
