3024 4032
170 264 283 367 22
217 317 304 445 2.
298 311 346 397 ter
369 296 1429 475 Examen, mit Jans Kräyenbuse
357 475 1414 617 in seiner Außaag zu gebrauchen, Maßen¬
353 557 1347 702 der Riedler ihme Berde vor Angen ge¬
346 644 729 739 estellt werden?
365 730 1334 867 Man er auf einer einigen Unbahrheit¬
345 814 1412 955 Berde erfunden werden, wolle er sich alleßen
342 887 1430 1038 entgelten, aber er Beharre auf allen seinen
340 965 1308 1086 Worten, als der Wahrheit gemäß, und
345 1053 1417 1181 löunsche, daß ihme der Kiedler vorgestellt
352 1146 529 1261 werde.
358 1377 1395 1533 Heranf burde der Riedter wieder
364 1495 1284 1615 herunter gebracht und gegen den
339 1577 1373 1706 Kräyenbüsl über obige letste Zulang¬
341 1650 1125 1804 und Anklaag Confiontirt.
313 1891 1398 2026 Da dan der Krägenbühl dem Riedler un¬
328 1980 1376 2096 1ter Augen vorhielte, wie daß der Riedler¬
325 2061 1393 2155 zu Höchstetten im Mihrts Hauß ihme die
336 2142 1362 2250 Vorschlag gemacht, Er solle zu 2zigen ins
325 2217 827 2326 Schloß einbrechen,
324 2280 1375 2423 denne, daß er ihme zu Morb im Wührts
334 2378 1382 2491 Hauß an einem Mitwochen zum Zleÿten
344 2457 889 2569 nahl darvon geredet.
315 2606 1357 2759 Der Hiedler aber versetzte eine¬
350 2720 1358 2816 völlige Negatio, und betheirete mit vielen
330 2788 1390 2909 Imprecationen, daß der Krägenbuhl Ihme¬
330 2853 1343 2988 und nicht Er demselben zu Höchstetten auf¬
340 2935 1370 3052 dem Mey gegen dem Glvatt von Einbrechen
334 3007 1372 3121 aus Schloß Azigen geredet, Welches er ihme
328 3074 1377 3211 auch so gleich, als eine unbesonnene Sach aus¬
339 3156 1342 3272 "geredet, zu Morb aber, noch nirgendtsbo¬
345 3232 1375 3360 seithar, seyn zlouschen Ihnen hiervon kein¬
348 3309 935 3438 Wort gesprochen worden.
956 3467 1202 3628 Dee
2714 139 2810 220 29.
1510 189 2762 478 dus Examen, mit Gans Kräyenrbuhl,
1633 334 2689 548 In Confrontatione gegen den.
1858 470 2224 645 Riedler.
1583 567 2726 792 Der Krägenbühl aber beharrete, daß¬
1641 659 2772 836 der Riedler ihme diesen Einbruch in Samge¬
1636 720 2734 932 geben, und zwar, loin gedacht, im Mührts¬
1637 831 2743 1004 Hauß zu Höchstetten, auch daß er ihme nach¬
1626 887 2756 1050 überts im Wihrts Hauß zu Morb zum Zbey¬
1628 985 2731 1140 stenmahl darvon geredet, zugleich Ver¬¬
1628 1070 2759 1209 bieste er ihme, wie daß er Kiedler mehren¬
1634 1163 2749 1326 theils die Ursach seines Erfolgten Unglucks
1621 1254 2665 1411 seyn, Maßen er ihme nach und nach sein
1630 1327 2732 1513 Gelt, so mehr dann 500 t. bare, geholffen
1633 1412 2723 1580 und angestifftet, zu verpraßen: Mit Be¬
1627 1498 2714 1675 Zeugen, daß er die Mahrheit rede, dar¬
1633 1612 2486 1756 bey er leben und sterben wolle:
1553 1814 2789 1944 Deßen und alles zusetzens ohngeachtet, wolte
1637 1900 2692 2049 der Riedler nichts eingestehen, und ver¬
1626 1980 2764 2126 bliebe gleichfalls auf obiger seiner Negati,
1625 2068 2739 2216 sagende, Er wolle allei beit erwarten, dann
1643 2170 2278 2281 er habe sein Gut Gelißen.
1622 2332 2713 2445 Da nun keiner dem Anderen nichts ein¬
1657 2425 2654 2522 gestehen noch nachgeben wollen, wurde
1629 2492 2723 2608 der Rieklerbieder an sein Ohrt geführt,
1575 2644 2715 2809 Der Krayenbuhl dann in fernerem
1488 2795 2663 2955 befragt: Als Er den Einbruch zu Uzigmin¬
1660 2902 2708 3037 Schloß verebet, ob er sich belehrt, umb
1664 2986 2688 3108 im fahl Widerstandts sich zur Gegenwehr
1650 3046 2699 3183 setzen und in Richerheit stellen zu können?
1591 3160 1663 3266 B
1675 3167 2704 3297 Nein Gänzlich nicht; auch so gar nicht mit¬
1666 3238 2188 3345 einem Sack-Meßer.
2450 3368 2593 3513 B.
