3024 4032
182 203 280 294 552.
306 207 633 320 1ts Excam.
579 259 1274 410 Bensicht Schlafli.
340 389 1381 561 Stamblich daß Schonis Weib habe mit de
371 472 1409 644 Tofer gebortet, und begehrt, daß die Lezten
375 553 1341 680 ihme Inquisiten seinen Ring wieder geb¬
366 618 1396 746 Da habe sich schon einbefunden der ingleich
358 681 1424 835 shäftige Benitz Joß, belcher schon vor Ihme
370 756 1371 893 dorten gelesen. Deß Schonis Weib habe
379 823 1404 966 alleZeith die Tofer geheißen ihme Inquisiten
363 889 1384 1034 seinen Ring, oder dem Beiitz Joß seinen
367 966 1401 1113 Kumpen zurückzugeben; so es aber beder¬
376 1037 1313 1155 das Einte noch das Andere thun wollen,
362 1111 1403 1235 deßwegen deß Schönig Weib der Hofer¬
364 1184 1394 1324 den Schurtz abgerißen, und sie betrohet,
368 1259 1342 1361 Und gleich darauf, Als der Schönz und¬
358 1335 1382 1434 sem Weib sie behuedet, habe sie der Hofer¬
364 1417 1376 1522 noch anbefohlen, zu Ihme Inquisitem
364 1478 1407 1602 Sorg zu haben; Er Inquisit habe erbie¬
364 1575 1402 1680 deret, Einmahl alle Beyde (: nämblich der
357 1632 1375 1723 Joß und Er:) Wollen nicht mit Einander
348 1700 1326 1806 sonsten möchte es ein Unglück geben:
368 1788 1301 1888 Indeßen seyen sie nun mit einander
357 1852 1336 1959 der Toß, die Tofer und Er Inquisit ein¬
355 1915 1390 2021 Stuck Wegr hinaus, gegen Bölligen ge¬
353 1992 1393 2102 gangen der Einte auf Einer „ der Andere
343 2064 1387 2184 aber auf der Anderen Seithen und die Hofer
352 2143 1390 2257 in der Midte, Er Inquisit habe dabey ge¬
345 2214 1397 2345 sagt, Eintleders solle das Mentsch ihn die
357 2289 1332 2410 Ring, oder dem Anderen den Kumpen¬
343 2364 1381 2476 zurückgeben, beyde mit Ein Ander wollen sie
358 2418 1339 2557 nicht gehen, Es schicke sich nicht. Darauf¬
348 2504 1380 2617 die Tofer erwiederet, Es habe schon mehre
347 2562 1360 2692 "mahlen zwey übernacht gehabt, und der
345 2644 1393 2759 Joß habe gesagt, Einmahl Er seyn auch schon
354 2710 1393 2839 mehr mit Anderen zu gleich Zilt gebesen.
338 2813 1380 2951 Als sie auf solche Weir biß zu dem Thal¬
343 2878 1377 3011 "Budt gekommen, Allbo auch ein Scheid Weg¬
349 2952 1329 3093 habe das Mentsch ihme Inquisit gesagt,
353 3043 1354 3160 Er solle nur den Weg einwenig vorause¬
359 3104 1341 3222 "nemen, und wie er also gegangen, seyn
354 3162 1382 3309 das Mentsch mit dem Joß stehen geblieben,
358 3246 1393 3379 und haben eine Burtze Weil mit EinAn¬
355 3309 1385 3466 der geredt, Bald hernach seyn dar Mentsch
1164 3404 1336 3521 gantz
2729 93 2825 198 5.
1802 211 2510 430 geidi Hhldl
1532 314 1851 413 dis Pram. p
1524 372 1578 442 1.
1657 314 2728 587 gantz allein ihme nachgebommen, und¬
1642 407 2797 684 auf befragen, Wo der Toß seÿn? Habeer ge¬
1653 509 2757 749 sagt, Er komme nicht nach. Da habe es ihne
1659 572 2749 820 auch gefragt, Ob er etban bein Belt mehr¬
1643 649 2829 885 habe. glaube, weilen er Vielleicht noch gerne
1648 743 2686 930 länger im Wirths Hauß geblieben käre;
1645 814 2755 1016 Worauf er geantbortet, Einmahl dienacht
1645 898 2750 1073 habe Er Belts Genueg. Hierauf seÿn er¬
1651 930 2830 1153 mit dem Mentsch noch etwan 50. Schridt beiter¬
1636 1005 2776 1221 gegangen, so seyn der Joß schon nochgelosen
1643 1077 2718 1289 Er Inquisit habe nun dem Mentsch gesagt.
1649 1171 2787 1362 Schanze. Er kommt schon nahen, Es gibe
1656 1278 2800 1425 an Angluck dan er hatem Zaun
1650 1332 2787 1511 Stecken, welches er am Mondschem Wohl
2241 1402 2710 1549 Auf derbeÿ¬
1645 1460 2154 1582 erkennen können.
1651 1482 2727 1629 komen deß Toßen, seyn er aus dem
1658 1557 2785 1714 Weg abseits geflohen, darauf der Jaß ihme
1657 1657 2729 1785 den in Sänden gehabten Eychigen Zaun¬
1663 1726 2766 1862 Steiten nachgeworffen, Ihne auch an den
1672 1805 2772 1912 liegen Arm getroffen, und alsobald habe
1663 1883 2733 2014 der Joß noch ein Anderen Jänigen Zaun¬
1675 1951 2737 2056 Stecken ab dem Zaun abgebrochen, den er¬
1666 2032 2798 2134 ihme ob dem Nachlausen biedermahlen an¬
1673 2106 2732 2219 geworffen, darvon er noch albereits ein¬
1672 2190 2808 2308 Blaulder Gleck neben dem rechten Aug habe
1677 2242 2812 2398 Er Inquisit seyn, deßen ohngeacht, allezeit
1677 2306 2794 2471 beiters geflohen, biß etban 50. Schrift Beith
1662 2383 2704 2513 da er sich auf freyem Bald, auf den Jodem
1659 2465 2773 2602 nedergelegt, hernach seyn das Mentsch den
1660 2545 2818 2718 Weg zurückgelossen und habe ihme zugeruffen
1663 2615 2786 2768 Er wolle ihme den Ring wieder geben, Unter¬
1664 2681 2742 2855 deßen habe sich der Joß hinter einen Kirsch¬
1650 2770 2778 2907 baum verborgen, welchen er dorten gesehen
1672 2831 2796 2999 darauf er bider von dem Boden aufgestanden
1664 2906 2669 3045 über dee Gaag gestiegen, und durch eine¬
1654 2978 2787 3148 Madten hieunter „ gegen der Schal geloßen
1669 3040 2759 3205 weilen er aber im Übersteigen an dem Daaa
1660 3134 2774 3317 an seinen Kleideren hangen geblieben, so habe
1663 3175 2776 3379 dießes dem Joß Zeith gegeben, ihnen nach zu
1659 3261 2691 3441 kommen, und seyen sie zu unterst in der¬
1660 3324 2830 3512 Madten neben dem Taag bym großen Graben
2369 3494 2709 3610 Zusamen¬
