<?xml version="1.0" encoding="UTF-8" standalone="yes"?>
<PcGts xmlns="http://schema.primaresearch.org/PAGE/gts/pagecontent/2013-07-15" xmlns:xsi="http://www.w3.org/2001/XMLSchema-instance" xsi:schemaLocation="http://schema.primaresearch.org/PAGE/gts/pagecontent/2013-07-15 http://schema.primaresearch.org/PAGE/gts/pagecontent/2013-07-15/pagecontent.xsd">
    <Metadata>
        <Creator>prov=University of Rostock/Institute of Mathematics/CITlab|PLANET AI GmbH/Gundram Leifert/gundram.leifert@planet-ai.de:name=Transkribus German Kurrent M2(htr_id=29820)::::v=2.6.7
prov=University of Rostock/Institute of Mathematics/CITlab|PLANET AI GmbH/Tobias Gruening/tobias.gruening@planet-ai.de:name=de.uros.citlab.module.baseline2polygon.B2PSeamMultiOriented:v=2.6.7
prov=University of Rostock/Institute of Mathematics/CITlab|PLANET AI GmbH/Tobias Gruening/tobias.gruening@planet-ai.de:name=/net_tf/LA73_249_0mod360.pb:de.uros.citlab.segmentation.CITlab_LA_ML:v=2.6.7
Transkribus</Creator>
        <Created>2022-05-02T15:42:01.289+02:00</Created>
        <LastChange>2022-09-12T15:34:11.063+02:00</LastChange>
        <TranskribusMetadata docId="1334851" pageId="52363293" pageNr="135" tsid="114645256" status="IN_PROGRESS" userId="9570" imgUrl="https://files.transkribus.eu/Get?id=CCGAITBAAMFKQNFOLIXAFXVZ&amp;fileType=view" xmlUrl="https://files.transkribus.eu/Get?id=JGLZGRMEBHHSZQOOMMKJNZKZ" imageId="30691697"/>
    </Metadata>
    <Page imageFilename="IMG_7137.jpg" imageWidth="3024" imageHeight="4032">
        <ReadingOrder>
            <OrderedGroup id="ro_1687513622528" caption="Regions reading order">
                <RegionRefIndexed index="0" regionRef="r1"/>
                <RegionRefIndexed index="1" regionRef="r2"/>
                <RegionRefIndexed index="2" regionRef="r3"/>
            </OrderedGroup>
        </ReadingOrder>
        <TextRegion orientation="0.0" id="r1" custom="readingOrder {index:0;}">
            <Coords points="408,277 408,436 519,436 519,277"/>
            <TextLine id="r1l1" custom="readingOrder {index:0;}">
                <Coords points="401,387 435,393 445,390 482,401 504,388 526,392 531,333 510,326 488,334 461,317 426,318 413,329 406,328"/>
                <Baseline points="408,377 435,380 463,383 491,386 519,386"/>
                <TextEquiv>
                    <Unicode>264.</Unicode>
                </TextEquiv>
            </TextLine>
            <TextEquiv>
                <Unicode>264.</Unicode>
            </TextEquiv>
        </TextRegion>
        <TextRegion orientation="0.0" id="r2" custom="readingOrder {index:1;}">
            <Coords points="387,457 387,3351 1548,3351 1548,457"/>
            <TextLine id="r2l1" custom="readingOrder {index:0;}">
                <Coords points="712,497 757,524 817,505 902,551 965,534 1012,554 1031,541 1236,572 1243,479 1152,480 1103,447 1006,443 948,462 842,391 760,424 718,416"/>
                <Baseline points="719,495 744,495 770,495 796,495 821,495 847,497 873,498 898,500 924,501 950,504 976,506 1001,508 1027,511 1053,513 1078,516 1104,518 1130,521 1155,524 1181,526 1207,529 1233,531"/>
                <TextEquiv>
                    <Unicode>Information</Unicode>
                </TextEquiv>
            </TextLine>
            <TextLine id="r2l2" custom="readingOrder {index:1;}">
                <Coords points="498,616 751,599 840,638 1232,637 1302,683 1342,656 1491,687 1507,609 505,530"/>
                <Baseline points="507,584 556,588 605,592 655,594 704,598 753,601 803,604 852,607 901,609 951,613 1000,616 1049,619 1099,623 1148,627 1197,634 1247,639 1296,646 1345,653 1395,661 1444,672 1494,683"/>
                <TextEquiv>
                    <Unicode>Gehabt, Sinth der Zeit aber als seine</Unicode>
                </TextEquiv>
            </TextLine>
            <TextLine id="r2l3" custom="readingOrder {index:2;} person {offset:18; length:5;}">
                <Coords points="501,687 1007,686 1153,731 1257,706 1551,800 1558,744 1343,655 1301,685 1180,634 506,624"/>
                <Baseline points="510,656 561,662 613,666 665,669 717,672 769,674 821,677 873,678 925,680 977,681 1029,683 1080,686 1132,689 1184,694 1236,700 1288,707 1340,717 1392,728 1444,741 1496,756 1548,774"/>
                <TextEquiv>
                    <Unicode>Meister Leuth das Marey der Schwangen¬</Unicode>
                </TextEquiv>
            </TextLine>
            <TextLine id="r2l4" custom="readingOrder {index:3;}">
                <Coords points="489,768 858,777 1012,819 1076,781 1228,814 1303,792 1520,858 1506,781 1074,703 844,733 659,684 493,717"/>
                <Baseline points="498,738 548,743 599,747 650,749 701,752 752,753 803,755 853,756 904,758 955,761 1006,762 1057,765 1108,768 1159,773 1209,777 1260,782 1311,790 1362,798 1413,807 1464,818 1515,831"/>
                <TextEquiv>
                    <Unicode>schafft halber in verdacht genommen,</Unicode>
                </TextEquiv>
            </TextLine>
            <TextLine id="r2l5" custom="readingOrder {index:4;}">
                <Coords points="500,857 715,825 765,856 1096,847 1505,908 1516,860 1302,805 1236,839 1159,799 1026,819 699,774 629,802 507,757"/>
                <Baseline points="510,815 559,818 609,819 659,822 709,824 759,825 808,827 858,830 908,832 958,834 1008,837 1057,841 1107,845 1157,849 1207,854 1257,860 1306,866 1356,872 1406,880 1456,889 1506,899"/>
                <TextEquiv>
                    <Unicode>habe es Selbiges auch offt und viel¬</Unicode>
                </TextEquiv>
            </TextLine>
            <TextLine id="r2l6" custom="readingOrder {index:5;}">
                <Coords points="489,934 861,918 914,960 1003,922 1533,1008 1546,947 1217,914 1096,847 839,881 672,831 495,853"/>
                <Baseline points="498,900 549,902 601,905 653,906 705,908 757,909 809,911 860,912 912,914 964,916 1016,919 1068,922 1120,926 1172,930 1223,936 1275,942 1327,948 1379,959 1431,968 1483,979 1535,993"/>
                <TextEquiv>
                    <Unicode>darüber zu vnd gestoßen, Es aber solche</Unicode>
                </TextEquiv>
            </TextLine>
            <TextLine id="r2l7" custom="readingOrder {index:6;}">
                <Coords points="490,995 533,987 682,1043 764,1004 910,1052 1056,1043 1097,1010 1179,1023 1181,964 1110,942 1000,981 796,924 492,933"/>
                <Baseline points="497,981 530,983 564,986 598,989 632,990 666,992 699,993 733,993 767,995 801,995 835,996 868,996 902,997 936,998 970,999 1003,999 1037,1001 1071,1002 1105,1005 1139,1007 1173,1010"/>
                <TextEquiv>
                    <Unicode>alleZeit beil gelaugnet.</Unicode>
                </TextEquiv>
            </TextLine>
            <TextLine id="r2l8" custom="readingOrder {index:7;}">
                <Coords points="496,1097 1308,1114 1525,1199 1538,1107 1413,1061 727,1054 503,1000"/>
                <Baseline points="504,1071 555,1074 606,1077 657,1080 708,1082 759,1083 810,1085 862,1086 913,1087 964,1088 1015,1089 1066,1092 1117,1095 1168,1100 1220,1104 1271,1111 1322,1119 1373,1128 1424,1138 1475,1150 1527,1164"/>
                <TextEquiv>
                    <Unicode>bezt verloihenen Samstag abendes nun</Unicode>
                </TextEquiv>
            </TextLine>
            <TextLine id="r2l9" custom="readingOrder {index:8;}">
                <Coords points="491,1160 1215,1179 1454,1242 1493,1230 1497,1169 1309,1114 494,1094"/>
                <Baseline points="498,1146 547,1149 597,1152 646,1154 696,1156 745,1158 795,1160 844,1161 894,1163 943,1164 993,1166 1042,1167 1092,1170 1141,1173 1191,1177 1240,1181 1290,1186 1339,1191 1389,1198 1438,1206 1488,1215"/>
                <TextEquiv>
                    <Unicode>nachdemn Sie ihre Arbeit verrichtet,</Unicode>
                </TextEquiv>
            </TextLine>
            <TextLine id="r2l10" custom="readingOrder {index:9;}">
                <Coords points="471,1273 579,1238 617,1276 895,1239 1518,1301 1471,1241 1270,1184 477,1160"/>
                <Baseline points="480,1223 531,1226 583,1227 634,1229 686,1231 737,1233 789,1233 840,1235 892,1236 943,1238 995,1239 1047,1241 1098,1244 1150,1248 1201,1251 1253,1256 1304,1261 1356,1267 1407,1275 1459,1283 1511,1293"/>
                <TextEquiv>
                    <Unicode>steye Es Deponentin ohngefahrd um 11.</Unicode>
                </TextEquiv>
            </TextLine>
            <TextLine id="r2l11" custom="readingOrder {index:10;}">
                <Coords points="472,1323 951,1363 1297,1338 1446,1396 1511,1378 1513,1327 1424,1337 1322,1267 474,1270"/>
                <Baseline points="480,1310 531,1313 582,1316 633,1316 685,1317 736,1319 787,1319 838,1319 890,1320 941,1320 992,1321 1043,1322 1095,1323 1146,1326 1197,1328 1248,1332 1300,1337 1351,1343 1402,1350 1453,1359 1505,1370"/>
                <TextEquiv>
                    <Unicode>Uhren zu dethe gegangen, das Marey¬</Unicode>
                </TextEquiv>
            </TextLine>
            <TextLine id="r2l12" custom="readingOrder {index:11;}">
                <Coords points="481,1415 774,1399 913,1448 1130,1422 1487,1458 1489,1397 1251,1365 1077,1384 1032,1340 922,1385 851,1351 795,1380 725,1341 484,1348"/>
                <Baseline points="489,1383 538,1387 588,1390 637,1392 687,1395 737,1397 786,1398 836,1399 885,1400 935,1401 985,1403 1034,1404 1084,1406 1133,1407 1183,1410 1233,1413 1282,1417 1332,1421 1381,1427 1431,1433 1481,1440"/>
                <TextEquiv>
                    <Unicode>aber hinter dem Ofen verblieben,</Unicode>
                </TextEquiv>
            </TextLine>
            <TextLine id="r2l13" custom="readingOrder {index:12;}">
                <Coords points="472,1496 1029,1499 1466,1548 1500,1542 1503,1496 1304,1439 1201,1473 1132,1439 809,1463 752,1413 676,1438 477,1412"/>
                <Baseline points="480,1466 530,1469 581,1472 632,1475 682,1477 733,1479 784,1481 834,1482 885,1484 936,1487 987,1488 1037,1490 1088,1493 1139,1496 1189,1499 1240,1503 1291,1506 1341,1512 1392,1517 1443,1524 1494,1532"/>
                <TextEquiv>
                    <Unicode>darauff es Deponentin eingeschlaßen und</Unicode>
                </TextEquiv>
            </TextLine>
            <TextLine id="r2l14" custom="readingOrder {index:13;}">
                <Coords points="467,1589 933,1593 993,1622 1084,1586 1134,1621 1203,1599 1474,1656 1494,1583 1400,1551 1267,1574 1173,1523 1086,1557 1012,1506 931,1540 689,1494 621,1537 472,1512"/>
                <Baseline points="477,1544 527,1549 577,1553 628,1557 678,1559 729,1562 779,1565 829,1567 880,1569 930,1572 981,1574 1031,1576 1081,1580 1132,1583 1182,1586 1233,1590 1283,1595 1333,1599 1384,1605 1434,1611 1485,1617"/>
                <TextEquiv>
                    <Unicode>alsto nicht wiße, was nachhero mit dem</Unicode>
                </TextEquiv>
            </TextLine>
            <TextLine id="r2l15" custom="readingOrder {index:14;} person {offset:0; length:5;}">
                <Coords points="460,1652 1165,1707 1265,1679 1386,1727 1507,1707 1439,1646 1296,1622 1019,1640 905,1595 762,1618 464,1587"/>
                <Baseline points="468,1631 519,1635 571,1638 622,1641 674,1644 726,1647 777,1649 829,1652 880,1653 932,1656 984,1658 1035,1661 1087,1663 1138,1667 1190,1670 1242,1674 1293,1678 1345,1683 1396,1688 1448,1694 1500,1701"/>
                <TextEquiv>
                    <Unicode>Marey vorgegangen, Am halber 5. Uhren</Unicode>
                </TextEquiv>
            </TextLine>
            <TextLine id="r2l16" custom="readingOrder {index:15;} person {offset:17; length:5;}">
                <Coords points="462,1744 786,1779 977,1745 1131,1791 1290,1763 1544,1838 1549,1764 1264,1681 1075,1718 714,1659 669,1691 468,1663"/>
                <Baseline points="471,1713 524,1719 577,1725 631,1728 684,1732 738,1735 791,1737 844,1739 898,1740 951,1742 1005,1743 1058,1745 1111,1748 1165,1751 1218,1754 1272,1760 1325,1766 1378,1774 1432,1782 1485,1794 1539,1806"/>
                <TextEquiv>
                    <Unicode>Morgens seye das Marey ins Reth gekomme,</Unicode>
                </TextEquiv>
            </TextLine>
            <TextLine id="r2l17" custom="readingOrder {index:16;}">
                <Coords points="462,1830 837,1821 1087,1871 1223,1836 1400,1891 1521,1882 1524,1830 1315,1784 937,1802 875,1766 744,1796 654,1740 576,1767 467,1744"/>
                <Baseline points="471,1799 523,1803 575,1806 627,1809 679,1812 732,1814 784,1817 836,1818 888,1821 940,1823 993,1824 1045,1827 1097,1830 1149,1832 1201,1836 1254,1841 1306,1845 1358,1850 1410,1857 1462,1864 1515,1872"/>
                <TextEquiv>
                    <Unicode>und es Deponentin erlachet, da dari es Ihn</Unicode>
                </TextEquiv>
            </TextLine>
            <TextLine id="r2l18" custom="readingOrder {index:17;}">
                <Coords points="448,1911 557,1903 632,1945 714,1905 906,1905 963,1946 1132,1940 1195,1974 1491,1942 1433,1884 1058,1889 884,1835 641,1865 453,1821"/>
                <Baseline points="456,1884 507,1886 558,1887 610,1889 661,1891 713,1893 764,1896 816,1898 867,1900 919,1902 970,1905 1021,1908 1073,1911 1124,1913 1176,1916 1227,1919 1279,1923 1330,1926 1382,1931 1433,1934 1485,1938"/>
                <TextEquiv>
                    <Unicode>befraget, was es doch gemachet, daß es so</Unicode>
                </TextEquiv>
            </TextLine>
            <TextLine id="r2l19" custom="readingOrder {index:18;}">
                <Coords points="460,1999 844,1981 976,2023 1140,2001 1285,2009 1342,2048 1381,2017 1467,2030 1469,1976 1400,1965 1194,1976 1132,1941 1078,1965 879,1915 798,1952 463,1930"/>
                <Baseline points="468,1970 517,1971 567,1972 616,1974 666,1975 716,1976 765,1978 815,1979 865,1980 914,1983 964,1985 1014,1986 1063,1988 1113,1991 1163,1993 1212,1996 1262,2000 1312,2003 1361,2006 1411,2010 1461,2015"/>
                <TextEquiv>
                    <Unicode>lange nicht ins Sethe gekommen, habe</Unicode>
                </TextEquiv>
            </TextLine>
            <TextLine id="r2l20" custom="readingOrder {index:19;}">
                <Coords points="439,2082 848,2098 980,2060 1183,2110 1318,2082 1395,2124 1503,2104 1505,2049 1341,2058 1288,2015 1161,2043 1105,2004 892,2040 762,2001 441,2015"/>
                <Baseline points="447,2049 499,2051 551,2051 604,2052 656,2054 709,2054 761,2055 814,2057 866,2057 919,2058 971,2060 1023,2061 1076,2064 1128,2066 1181,2069 1233,2072 1286,2076 1338,2078 1391,2083 1443,2087 1496,2094"/>
                <TextEquiv>
                    <Unicode>geantwortet, es seye auf dem Ofen einge¬</Unicode>
                </TextEquiv>
            </TextLine>
            <TextLine id="r2l21" custom="readingOrder {index:20;}">
                <Coords points="434,2170 679,2132 1070,2186 1282,2157 1350,2192 1494,2186 1495,2120 1292,2128 1254,2096 1041,2111 999,2079 840,2114 796,2084 704,2122 585,2080 435,2108"/>
                <Baseline points="441,2138 493,2139 545,2139 598,2140 650,2141 702,2141 755,2141 807,2141 859,2141 912,2141 964,2142 1016,2142 1069,2142 1121,2144 1173,2145 1226,2146 1278,2148 1330,2150 1383,2153 1435,2154 1488,2159"/>
                <TextEquiv>
                    <Unicode>schlaffen und der ofen seye sosarin, daß</Unicode>
                </TextEquiv>
            </TextLine>
            <TextLine id="r2l22" custom="readingOrder {index:21;}">
                <Coords points="436,2268 648,2217 725,2269 986,2258 1052,2291 1443,2256 1444,2188 1378,2181 1271,2174 1210,2211 1165,2177 894,2207 813,2176 654,2206 438,2175"/>
                <Baseline points="444,2220 493,2222 543,2222 592,2222 642,2223 692,2223 741,2225 791,2225 841,2225 890,2226 940,2226 990,2227 1039,2228 1089,2229 1139,2229 1188,2230 1238,2231 1288,2232 1337,2233 1387,2234 1437,2235"/>
                <TextEquiv>
                    <Unicode>es ihme anjezo ganz übel seye, und bitte</Unicode>
                </TextEquiv>
            </TextLine>
            <TextLine id="r2l23" custom="readingOrder {index:22;}">
                <Coords points="424,2346 645,2323 702,2350 811,2314 1115,2360 1259,2325 1331,2359 1455,2335 1435,2271 1310,2255 1022,2297 937,2260 871,2292 594,2242 529,2277 425,2262"/>
                <Baseline points="431,2312 481,2312 532,2310 583,2310 634,2310 685,2309 736,2310 786,2310 837,2310 888,2310 939,2310 990,2312 1041,2312 1092,2312 1142,2313 1193,2313 1244,2313 1295,2313 1346,2313 1397,2313 1448,2313"/>
                <TextEquiv>
                    <Unicode>Ihns Depl. wann es jezunder außstehessto</Unicode>
                </TextEquiv>
            </TextLine>
            <TextLine id="r2l24" custom="readingOrder {index:23;}">
                <Coords points="437,2415 570,2399 777,2455 1041,2394 1112,2438 1214,2406 1284,2442 1340,2407 1508,2440 1518,2375 1374,2340 1311,2371 1252,2326 1160,2365 643,2327 581,2372 437,2348"/>
                <Baseline points="444,2393 497,2393 550,2394 604,2394 657,2394 710,2394 764,2394 817,2394 870,2394 924,2393 977,2393 1030,2393 1084,2393 1137,2393 1190,2394 1244,2394 1297,2394 1350,2396 1404,2397 1457,2398 1511,2400"/>
                <TextEquiv>
                    <Unicode>solle es ihme doch ein wenig Warmes bringen</Unicode>
                </TextEquiv>
            </TextLine>
            <TextLine id="r2l25" custom="readingOrder {index:24;}">
                <Coords points="422,2530 867,2511 931,2475 1199,2472 1319,2524 1485,2502 1485,2455 1381,2416 1318,2456 1139,2416 1002,2455 842,2428 775,2462 676,2419 422,2449"/>
                <Baseline points="429,2478 481,2478 533,2478 586,2478 638,2478 691,2478 743,2478 796,2477 848,2477 901,2477 953,2475 1005,2475 1058,2475 1110,2474 1163,2474 1215,2474 1268,2474 1320,2472 1373,2472 1425,2472 1478,2472"/>
                <TextEquiv>
                    <Unicode>welches es auch alsto in bester Meinung¬</Unicode>
                </TextEquiv>
            </TextLine>
            <TextLine id="r2l26" custom="readingOrder {index:25;}">
                <Coords points="419,2626 816,2563 965,2598 1506,2570 1478,2521 1213,2534 1163,2501 1123,2534 979,2497 823,2544 693,2498 603,2541 513,2511 418,2545"/>
                <Baseline points="425,2564 478,2564 532,2564 586,2564 639,2562 693,2562 747,2561 800,2561 854,2560 908,2559 962,2558 1015,2558 1069,2556 1123,2555 1176,2554 1230,2553 1284,2552 1337,2550 1391,2550 1445,2549 1499,2547"/>
                <TextEquiv>
                    <Unicode>gethan, ferne, daß es von der Hergangen¬</Unicode>
                </TextEquiv>
            </TextLine>
            <TextLine id="r2l27" custom="readingOrder {index:26;}">
                <Coords points="414,2681 651,2648 962,2650 1040,2683 1099,2646 1203,2677 1423,2647 1422,2600 1319,2585 413,2618"/>
                <Baseline points="420,2652 469,2651 519,2650 569,2649 619,2648 668,2647 718,2646 768,2645 818,2645 867,2643 917,2643 967,2642 1017,2642 1066,2640 1116,2639 1166,2637 1216,2637 1265,2636 1315,2634 1365,2632 1415,2630"/>
                <TextEquiv>
                    <Unicode>heit den mindesten Argwohn gehabt.</Unicode>
                </TextEquiv>
            </TextLine>
            <TextLine id="r2l28" custom="readingOrder {index:27;} person {offset:29; length:6; continued:true;}">
                <Coords points="427,2792 785,2740 1006,2765 1192,2730 1347,2770 1462,2744 1451,2654 1236,2658 1151,2699 1076,2662 926,2648 833,2684 691,2650 425,2697"/>
                <Baseline points="432,2745 483,2744 534,2744 585,2742 636,2741 687,2739 738,2739 790,2738 841,2736 892,2735 943,2733 994,2732 1045,2730 1096,2729 1148,2729 1199,2727 1250,2726 1301,2724 1352,2723 1403,2723 1455,2721"/>
                <TextEquiv>
                    <Unicode>ohngefahrd um 7 Uhr seÿe das Wareÿ¬</Unicode>
                </TextEquiv>
            </TextLine>
            <TextLine id="r2l29" custom="readingOrder {index:28;} person {offset:0; length:3; continued:true;}">
                <Coords points="420,2845 1481,2821 1479,2751 1036,2775 907,2738 639,2803 418,2797"/>
                <Baseline points="426,2825 478,2823 530,2822 583,2820 635,2819 687,2817 740,2816 792,2814 844,2813 897,2811 949,2810 1001,2808 1054,2807 1106,2805 1158,2804 1211,2802 1263,2802 1315,2801 1368,2799 1420,2799 1473,2799"/>
                <TextEquiv>
                    <Unicode>nun auch aufgestanden, habe seine Arbeit</Unicode>
                </TextEquiv>
            </TextLine>
            <TextLine id="r2l30" custom="readingOrder {index:29;}">
                <Coords points="415,2942 638,2902 798,2897 864,2932 1052,2890 1363,2907 1467,2891 1466,2829 1120,2821 920,2872 831,2832 745,2868 412,2848"/>
                <Baseline points="420,2904 472,2903 524,2901 576,2900 628,2898 680,2897 732,2895 784,2895 836,2894 888,2892 940,2891 992,2889 1044,2888 1096,2886 1148,2885 1200,2883 1252,2882 1304,2879 1356,2877 1408,2876 1460,2874"/>
                <TextEquiv>
                    <Unicode>gleich anderen Sagen verrichtet, äußert</Unicode>
                </TextEquiv>
            </TextLine>
            <TextLine id="r2l31" custom="readingOrder {index:30;}">
                <Coords points="402,3037 568,2987 828,3026 895,2991 1474,2967 1471,2898 1408,2936 1187,2898 1032,2942 703,2951 545,2915 399,2956"/>
                <Baseline points="407,2990 462,2988 518,2988 574,2987 629,2987 685,2985 741,2984 797,2981 852,2979 908,2978 964,2975 1020,2973 1075,2970 1131,2967 1187,2965 1243,2963 1298,2960 1354,2957 1410,2955 1466,2952"/>
                <TextEquiv>
                    <Unicode>daß es doch darbey schlecht und blaß auß¬</Unicode>
                </TextEquiv>
            </TextLine>
            <TextLine id="r2l32" custom="readingOrder {index:31;}">
                <Coords points="821,3076 1050,3089 1191,3063 1238,3085 1352,3069 1408,3057 1404,2990 1353,2978 1263,3024 1215,3004 1071,3026 1012,2990 946,3013 893,2993 817,3023"/>
                <Baseline points="827,3068 855,3068 884,3066 912,3066 941,3064 970,3063 998,3062 1027,3060 1056,3059 1084,3057 1113,3056 1142,3053 1170,3051 1199,3050 1228,3049 1256,3046 1285,3045 1314,3042 1342,3041 1371,3039 1400,3038"/>
                <TextEquiv>
                    <Unicode>Weiters habe es nichts</Unicode>
                </TextEquiv>
            </TextLine>
            <TextLine id="r2l33" custom="readingOrder {index:32;}">
                <Coords points="384,3113 414,3112 439,3094 485,3102 507,3120 569,3080 678,3057 677,3031 659,3031 616,2997 604,3007 570,2986 518,3002 489,3024 382,3036"/>
                <Baseline points="390,3069 415,3068 441,3066 466,3066 492,3066 517,3065 543,3065 568,3065 594,3063 619,3062 645,3060 671,3059"/>
                <TextEquiv>
                    <Unicode>gesteher.</Unicode>
                </TextEquiv>
            </TextLine>
            <TextLine id="r2l34" custom="readingOrder {index:33;}">
                <Coords points="382,3193 1009,3138 1072,3167 1139,3140 1322,3159 1319,3093 1141,3070 966,3116 721,3064 648,3115 438,3094 379,3127"/>
                <Baseline points="387,3150 433,3150 479,3150 525,3150 572,3149 618,3149 664,3147 711,3146 757,3144 803,3143 850,3141 896,3139 942,3137 988,3135 1035,3133 1081,3130 1127,3128 1174,3126 1220,3123 1266,3122 1313,3119"/>
                <TextEquiv>
                    <Unicode>geachtet, und könne auch keinen</Unicode>
                </TextEquiv>
            </TextLine>
            <TextLine id="r2l35" custom="readingOrder {index:34;}">
                <Coords points="406,3281 617,3232 820,3270 893,3233 1218,3239 1216,3177 900,3158 626,3205 541,3175 403,3192"/>
                <Baseline points="411,3231 451,3230 491,3230 531,3230 571,3229 611,3228 651,3228 691,3227 731,3225 771,3224 811,3224 851,3222 891,3221 931,3219 971,3218 1011,3216 1051,3216 1091,3214 1131,3212 1171,3210 1211,3209"/>
                <TextEquiv>
                    <Unicode>mehreren bericht ertheillen.</Unicode>
                </TextEquiv>
            </TextLine>
            <TextLine id="r2l36" custom="readingOrder {index:35;}">
                <Coords points="465,3364 590,3336 666,3372 828,3326 997,3348 1335,3315 1312,3239 1264,3265 1155,3241 1039,3271 977,3245 853,3275 658,3254 462,3278"/>
                <Baseline points="470,3332 512,3329 555,3326 598,3324 641,3323 684,3321 727,3320 770,3318 813,3317 856,3315 899,3314 941,3312 984,3311 1027,3310 1070,3309 1113,3308 1156,3306 1199,3305 1242,3303 1285,3302 1328,3299"/>
                <TextEquiv>
                    <Unicode>aesto abgelesten und bestähtiget.</Unicode>
                </TextEquiv>
            </TextLine>
            <TextEquiv>
                <Unicode>Information
Gehabt, Sinth der Zeit aber als seine
Meister Leuth das Marey der Schwangen¬
schafft halber in verdacht genommen,
habe es Selbiges auch offt und viel¬
darüber zu vnd gestoßen, Es aber solche
alleZeit beil gelaugnet.
bezt verloihenen Samstag abendes nun
nachdemn Sie ihre Arbeit verrichtet,
steye Es Deponentin ohngefahrd um 11.
Uhren zu dethe gegangen, das Marey¬
aber hinter dem Ofen verblieben,
darauff es Deponentin eingeschlaßen und
alsto nicht wiße, was nachhero mit dem
Marey vorgegangen, Am halber 5. Uhren
Morgens seye das Marey ins Reth gekomme,
und es Deponentin erlachet, da dari es Ihn
befraget, was es doch gemachet, daß es so
lange nicht ins Sethe gekommen, habe
geantwortet, es seye auf dem Ofen einge¬
schlaffen und der ofen seye sosarin, daß
es ihme anjezo ganz übel seye, und bitte
Ihns Depl. wann es jezunder außstehessto
solle es ihme doch ein wenig Warmes bringen
welches es auch alsto in bester Meinung¬
gethan, ferne, daß es von der Hergangen¬
heit den mindesten Argwohn gehabt.
ohngefahrd um 7 Uhr seÿe das Wareÿ¬
nun auch aufgestanden, habe seine Arbeit
gleich anderen Sagen verrichtet, äußert
daß es doch darbey schlecht und blaß auß¬
Weiters habe es nichts
gesteher.
geachtet, und könne auch keinen
mehreren bericht ertheillen.
aesto abgelesten und bestähtiget.</Unicode>
            </TextEquiv>
        </TextRegion>
        <TextRegion orientation="0.0" id="r3" custom="readingOrder {index:2;}">
            <Coords points="1716,427 1716,3350 2805,3350 2805,427"/>
            <TextLine id="r3l1" custom="readingOrder {index:0;}">
                <Coords points="2683,490 2694,496 2710,485 2756,488 2764,482 2775,485 2803,470 2812,471 2818,419 2793,418 2778,402 2736,413 2720,400 2700,411 2692,410"/>
                <Baseline points="2693,465 2721,464 2749,467 2777,472 2805,476"/>
                <TextEquiv>
                    <Unicode>265.</Unicode>
                </TextEquiv>
            </TextLine>
            <TextLine id="r3l2" custom="readingOrder {index:1;}">
                <Coords points="1900,586 1993,559 2059,608 2171,565 2230,587 2444,589 2460,582 2461,500 2375,461 2242,515 2142,505 2015,450 1901,509"/>
                <Baseline points="1907,564 1934,560 1961,557 1989,554 2016,552 2043,550 2071,549 2098,549 2125,549 2153,549 2180,549 2207,551 2235,552 2262,553 2289,554 2317,557 2344,558 2371,560 2399,563 2426,563 2454,564"/>
                <TextEquiv>
                    <Unicode>IInformation</Unicode>
                </TextEquiv>
            </TextLine>
            <TextLine id="r3l3" custom="readingOrder {index:2;}">
                <Coords points="1714,719 1883,666 1970,720 2039,655 2385,710 2657,682 2695,711 2780,689 2781,656 2617,595 2475,627 2173,582 2060,608 2022,571 1969,611 1716,601"/>
                <Baseline points="1721,687 1773,676 1826,667 1878,658 1931,654 1984,649 2036,648 2089,648 2142,648 2194,650 2247,653 2300,657 2352,660 2405,665 2458,669 2510,672 2563,675 2616,680 2668,681 2721,683 2774,683"/>
                <TextEquiv>
                    <Unicode>M. Ar7n. J. 498 st die beEädigte Gebommen</Unicode>
                </TextEquiv>
            </TextLine>
            <TextLine id="r3l4" custom="readingOrder {index:3;}">
                <Coords points="2031,750 2046,747 2060,760 2077,755 2086,765 2124,745 2144,753 2179,745 2207,761 2254,751 2258,673 2203,665 2178,678 2159,662 2104,679 2084,676 2068,661 2035,660"/>
                <Baseline points="2040,713 2066,711 2092,710 2118,710 2144,711 2170,713 2196,714 2222,718 2249,720"/>
                <TextEquiv>
                    <Unicode>dagst auß.</Unicode>
                </TextEquiv>
            </TextLine>
            <TextLine id="r3l5" custom="readingOrder {index:4;}">
                <Coords points="1709,871 2045,809 2131,841 2784,860 2785,819 2451,779 2404,744 2259,785 2189,746 2028,777 1980,744 1711,789"/>
                <Baseline points="1716,851 1769,837 1822,826 1875,817 1928,810 1981,806 2034,804 2087,803 2140,804 2193,806 2247,809 2300,813 2353,818 2406,822 2459,826 2512,832 2565,835 2618,840 2671,843 2724,845 2778,846"/>
                <TextEquiv>
                    <Unicode>Destern Abendts habe MHhr. Drichtschreiber</Unicode>
                </TextEquiv>
            </TextLine>
            <TextLine id="r3l6" custom="readingOrder {index:5;}">
                <Coords points="1739,924 2198,889 2748,945 2749,894 2680,863 2595,877 2482,839 2294,868 2039,813 1741,865"/>
                <Baseline points="1746,912 1795,902 1845,895 1895,889 1945,883 1995,881 2044,879 2094,878 2144,879 2194,880 2244,882 2293,885 2343,888 2393,891 2443,895 2493,900 2542,905 2592,908 2642,913 2692,915 2742,918"/>
                <TextEquiv>
                    <Unicode>ihr anbefehlen laßen, alsobald hinauß in</Unicode>
                </TextEquiv>
            </TextLine>
            <TextLine id="r3l7" custom="readingOrder {index:6;}">
                <Coords points="1720,1028 1863,979 2356,975 2428,1010 2524,976 2684,1020 2743,1010 2744,942 1979,896 1721,955"/>
                <Baseline points="1728,984 1778,978 1828,972 1879,968 1929,964 1980,962 2030,960 2080,959 2131,959 2181,959 2232,960 2282,962 2332,964 2383,966 2433,969 2484,972 2534,975 2584,980 2635,983 2685,988 2736,992"/>
                <TextEquiv>
                    <Unicode>großen Spickahl zu gehen, und die daselbst</Unicode>
                </TextEquiv>
            </TextLine>
            <TextLine id="r3l8" custom="readingOrder {index:7;} person {offset:20; length:12;}">
                <Coords points="1741,1080 2176,1048 2384,1082 2598,1066 2631,1094 2702,1077 2703,1022 2578,1036 2512,979 2330,1021 1967,983 1742,1021"/>
                <Baseline points="1748,1065 1795,1058 1842,1053 1890,1047 1937,1044 1985,1043 2032,1041 2079,1040 2127,1041 2174,1042 2222,1043 2269,1046 2316,1048 2364,1051 2411,1053 2459,1056 2506,1059 2553,1062 2601,1064 2648,1065 2696,1067"/>
                <TextEquiv>
                    <Unicode>nverhafft gebrachte Maria Widmer zu</Unicode>
                </TextEquiv>
            </TextLine>
            <TextLine id="r3l9" custom="readingOrder {index:8;}">
                <Coords points="1733,1153 2053,1124 2224,1166 2705,1155 2706,1101 2445,1076 2322,1108 2196,1066 2022,1064 1950,1098 1735,1076"/>
                <Baseline points="1740,1145 1790,1136 1840,1129 1891,1125 1941,1121 1992,1119 2042,1118 2093,1118 2143,1119 2194,1121 2244,1122 2295,1127 2345,1130 2396,1133 2446,1136 2497,1140 2547,1143 2598,1148 2648,1150 2699,1152"/>
                <TextEquiv>
                    <Unicode>visitieren, um zu stehen, ob es nicht erst</Unicode>
                </TextEquiv>
            </TextLine>
            <TextLine id="r3l10" custom="readingOrder {index:9;}">
                <Coords points="1726,1250 1977,1212 2079,1218 2121,1257 2168,1221 2227,1246 2265,1215 2360,1233 2384,1189 2346,1197 2284,1155 2203,1186 2017,1135 1873,1166 1725,1161"/>
                <Baseline points="1733,1226 1765,1223 1797,1219 1829,1215 1862,1213 1894,1211 1926,1208 1958,1207 1991,1206 2023,1206 2055,1206 2087,1206 2120,1206 2152,1207 2184,1208 2216,1209 2249,1211 2281,1213 2313,1215 2345,1217 2378,1220"/>
                <TextEquiv>
                    <Unicode>bürzlich Kindes genesten:</Unicode>
                </TextEquiv>
            </TextLine>
            <TextLine id="r3l11" custom="readingOrder {index:10;}">
                <Coords points="2475,1240 2512,1236 2537,1247 2564,1238 2596,1248 2618,1241 2660,1258 2701,1247 2746,1253 2749,1218 2683,1219 2637,1183 2613,1185 2595,1172 2567,1175 2528,1164 2504,1178 2481,1164"/>
                <Baseline points="2483,1224 2508,1227 2534,1227 2560,1229 2586,1232 2612,1234 2637,1236 2663,1238 2689,1239 2715,1241 2741,1242"/>
                <TextEquiv>
                    <Unicode>Als Sie nun</Unicode>
                </TextEquiv>
            </TextLine>
            <TextLine id="r3l12" custom="readingOrder {index:11;}">
                <Coords points="1721,1344 1921,1297 1992,1332 2244,1301 2583,1352 2705,1333 2707,1263 2624,1244 2522,1290 2368,1287 2277,1246 2089,1263 2025,1237 1954,1272 1723,1250"/>
                <Baseline points="1728,1313 1776,1307 1825,1301 1873,1298 1922,1295 1970,1292 2019,1292 2067,1292 2116,1292 2164,1293 2213,1295 2262,1298 2310,1299 2359,1302 2407,1305 2456,1309 2504,1311 2553,1314 2601,1316 2650,1319 2699,1320"/>
                <TextEquiv>
                    <Unicode>zu diesem Mentsch gekommen, und ihre</Unicode>
                </TextEquiv>
            </TextLine>
            <TextLine id="r3l13" custom="readingOrder {index:12;}">
                <Coords points="1725,1424 1928,1374 2212,1409 2425,1384 2541,1423 2724,1401 2704,1342 2561,1371 2154,1315 1727,1342"/>
                <Baseline points="1733,1389 1782,1384 1831,1380 1880,1377 1929,1374 1979,1373 2028,1371 2077,1371 2126,1371 2175,1373 2225,1374 2274,1374 2323,1377 2372,1379 2421,1381 2471,1383 2520,1386 2569,1388 2618,1391 2667,1392 2717,1395"/>
                <TextEquiv>
                    <Unicode>pflicht an ihme vollziehen wollen, habe die</Unicode>
                </TextEquiv>
            </TextLine>
            <TextLine id="r3l14" custom="readingOrder {index:13;} person {offset:0; length:12;}">
                <Coords points="1723,1506 1971,1468 2140,1503 2197,1476 2271,1515 2403,1478 2574,1513 2652,1490 2653,1463 2596,1431 2492,1452 2439,1415 2279,1402 2090,1432 1961,1386 1889,1434 1725,1423"/>
                <Baseline points="1731,1479 1776,1473 1822,1468 1868,1466 1914,1463 1959,1461 2005,1460 2051,1460 2097,1461 2142,1462 2188,1464 2234,1466 2280,1468 2325,1471 2371,1474 2417,1477 2463,1480 2508,1482 2554,1485 2600,1487 2646,1488"/>
                <TextEquiv>
                    <Unicode>Maria Widmer alstobals sich verlauten</Unicode>
                </TextEquiv>
            </TextLine>
            <TextLine id="r3l15" custom="readingOrder {index:14;}">
                <Coords points="1742,1591 1964,1546 2098,1577 2168,1552 2619,1586 2671,1568 2672,1513 2597,1547 2429,1492 2300,1531 2215,1500 2173,1527 2098,1488 1743,1508"/>
                <Baseline points="1749,1559 1794,1556 1840,1554 1886,1552 1932,1551 1977,1550 2023,1548 2069,1548 2115,1548 2160,1548 2206,1550 2252,1550 2298,1551 2343,1553 2389,1556 2435,1557 2481,1560 2526,1563 2572,1566 2618,1568 2664,1572"/>
                <TextEquiv>
                    <Unicode>laßen, es brauche beine visitation mitt</Unicode>
                </TextEquiv>
            </TextLine>
            <TextLine id="r3l16" custom="readingOrder {index:15;}">
                <Coords points="1729,1652 2036,1639 2268,1675 2367,1644 2464,1677 2625,1657 2669,1693 2737,1638 2636,1591 2363,1613 2269,1578 2154,1615 1956,1579 1730,1623"/>
                <Baseline points="1737,1646 1786,1641 1836,1638 1885,1635 1935,1634 1985,1632 2034,1632 2084,1634 2133,1634 2183,1635 2233,1637 2282,1640 2332,1641 2381,1644 2431,1647 2481,1649 2530,1652 2580,1653 2629,1656 2679,1658 2729,1659"/>
                <TextEquiv>
                    <Unicode>maßen es bekenne, daß in der t hates vorige</Unicode>
                </TextEquiv>
            </TextLine>
            <TextLine id="r3l17" custom="readingOrder {index:16;}">
                <Coords points="1715,1755 1937,1723 2382,1771 2724,1752 2724,1717 2655,1687 2485,1711 2380,1665 2202,1697 2137,1658 2061,1695 1963,1657 1923,1688 1716,1674"/>
                <Baseline points="1722,1736 1771,1731 1821,1727 1871,1724 1921,1721 1971,1720 2020,1719 2070,1719 2120,1720 2170,1721 2220,1722 2269,1724 2319,1727 2369,1728 2419,1731 2469,1733 2518,1735 2568,1737 2618,1739 2668,1740 2718,1742"/>
                <TextEquiv>
                    <Unicode>Nacht, als Sanistog Rachts gegen 11. Uhren</Unicode>
                </TextEquiv>
            </TextLine>
            <TextLine id="r3l18" custom="readingOrder {index:17;}">
                <Coords points="1712,1832 1900,1864 1970,1821 2027,1853 2241,1814 2374,1850 2691,1827 2691,1783 2593,1759 2347,1785 2221,1754 2159,1789 1712,1754"/>
                <Baseline points="1718,1826 1766,1823 1814,1820 1863,1818 1911,1817 1959,1815 2008,1814 2056,1814 2104,1812 2153,1812 2201,1812 2249,1813 2298,1814 2346,1814 2394,1815 2443,1816 2491,1817 2539,1818 2588,1820 2636,1821 2685,1823"/>
                <TextEquiv>
                    <Unicode>Kindes Genesten, als es 5. v. sich auf dem</Unicode>
                </TextEquiv>
            </TextLine>
            <TextLine id="r3l19" custom="readingOrder {index:18;}">
                <Coords points="1724,1938 2198,1900 2497,1907 2577,1947 2688,1919 2688,1879 2569,1838 2428,1833 2334,1868 2204,1834 1997,1872 1958,1842 1819,1880 1724,1831"/>
                <Baseline points="1731,1904 1778,1904 1826,1902 1873,1901 1921,1901 1968,1900 2016,1899 2063,1899 2111,1899 2158,1899 2206,1898 2253,1898 2301,1899 2348,1899 2396,1899 2443,1899 2491,1901 2538,1901 2586,1902 2633,1904 2681,1905"/>
                <TextEquiv>
                    <Unicode>Heiml. Denoch befunden, das Kindgeye</Unicode>
                </TextEquiv>
            </TextLine>
            <TextLine id="r3l20" custom="readingOrder {index:19;}">
                <Coords points="1720,2031 2015,1994 2154,2029 2222,1989 2371,2028 2498,1982 2626,2016 2743,1991 2743,1927 2666,1966 2357,1908 2271,1955 2091,1913 1937,1961 1720,1940"/>
                <Baseline points="1727,1983 1777,1982 1827,1982 1878,1980 1928,1980 1979,1979 2029,1979 2080,1979 2130,1979 2181,1979 2231,1979 2281,1979 2332,1979 2382,1979 2433,1979 2483,1980 2534,1980 2584,1982 2635,1982 2685,1983 2736,1985"/>
                <TextEquiv>
                    <Unicode>ofne empfindung von ihme gefallen, und</Unicode>
                </TextEquiv>
            </TextLine>
            <TextLine id="r3l21" custom="readingOrder {index:20;} person {offset:4; length:6;}">
                <Coords points="1716,2110 1775,2084 2595,2101 2674,2071 2674,2007 2588,2035 2435,2003 2252,2045 2214,2012 2178,2039 2022,2012 1956,2040 1849,1998 1716,2030"/>
                <Baseline points="1722,2063 1769,2063 1816,2063 1863,2061 1911,2061 1958,2061 2005,2061 2052,2061 2100,2061 2147,2061 2194,2061 2241,2063 2289,2063 2336,2063 2383,2063 2430,2063 2478,2063 2525,2064 2572,2064 2619,2064 2667,2064"/>
                <TextEquiv>
                    <Unicode>der rädter darvon seye ein Bischmacher</Unicode>
                </TextEquiv>
            </TextLine>
            <TextLine id="r3l22" custom="readingOrder {index:21;} place {offset:15; length:7;}">
                <Coords points="1726,2162 1830,2154 1897,2188 1952,2157 2119,2153 2293,2194 2475,2156 2647,2189 2647,2117 2582,2091 2331,2120 2112,2097 2069,2125 1900,2088 1726,2103"/>
                <Baseline points="1733,2145 1778,2146 1823,2147 1869,2148 1914,2148 1959,2148 2005,2148 2050,2150 2095,2150 2141,2150 2186,2150 2231,2150 2277,2150 2322,2148 2367,2148 2413,2148 2458,2148 2503,2148 2549,2148 2594,2150 2640,2150"/>
                <TextEquiv>
                    <Unicode>Bestell, so im Marzihl beÿ Meister</Unicode>
                </TextEquiv>
            </TextLine>
            <TextLine id="r3l23" custom="readingOrder {index:22;}">
                <Coords points="2367,2255 2381,2257 2393,2245 2427,2263 2463,2233 2481,2242 2521,2242 2533,2252 2553,2235 2598,2244 2596,2172 2556,2193 2523,2195 2472,2161 2430,2175 2398,2198 2366,2198"/>
                <Baseline points="2373,2235 2400,2234 2427,2233 2454,2232 2482,2232 2509,2231 2536,2231 2563,2231 2591,2231"/>
                <TextEquiv>
                    <Unicode>auf diese</Unicode>
                </TextEquiv>
            </TextLine>
            <TextLine id="r3l24" custom="readingOrder {index:23;} place {offset:0; length:7;}">
                <Coords points="1720,2243 1897,2276 2009,2243 2103,2271 2193,2239 2261,2246 2261,2200 2178,2180 2068,2213 1874,2195 1832,2216 1758,2168 1719,2182"/>
                <Baseline points="1727,2237 1753,2236 1779,2235 1806,2235 1832,2235 1859,2234 1885,2234 1911,2234 1938,2234 1964,2234 1991,2234 2017,2234 2043,2234 2070,2234 2096,2234 2123,2234 2149,2234 2175,2234 2202,2232 2228,2232 2255,2231"/>
                <TextEquiv>
                    <Unicode>Meyburg gedrbeytet.</Unicode>
                </TextEquiv>
            </TextLine>
            <TextLine id="r3l25" custom="readingOrder {index:24;}">
                <Coords points="2534,2275 2541,2275 2567,2295 2621,2292 2629,2287 2638,2291 2659,2278 2668,2280 2669,2225 2644,2218 2630,2231 2618,2230 2607,2239 2595,2239 2563,2255 2534,2257"/>
                <Baseline points="2541,2274 2571,2273 2601,2274 2631,2277 2661,2274"/>
                <TextEquiv>
                    <Unicode>nichte</Unicode>
                </TextEquiv>
            </TextLine>
            <TextLine id="r3l26" custom="readingOrder {index:25;}">
                <Coords points="1723,2373 1852,2329 1981,2354 2111,2321 2743,2333 2733,2261 2287,2294 2034,2256 1850,2291 1722,2244"/>
                <Baseline points="1730,2319 1780,2319 1830,2319 1880,2319 1931,2318 1981,2318 2031,2317 2082,2316 2132,2316 2182,2315 2233,2315 2283,2315 2333,2313 2383,2313 2434,2313 2484,2313 2534,2312 2585,2312 2635,2312 2685,2312 2736,2312"/>
                <TextEquiv>
                    <Unicode>Declaration, habe die nun weiters verriche</Unicode>
                </TextEquiv>
            </TextLine>
            <TextLine id="r3l27" custom="readingOrder {index:26;}">
                <Coords points="1715,2412 1904,2410 1963,2445 2095,2405 2490,2393 2539,2433 2750,2407 2749,2363 2700,2345 2639,2370 2435,2318 1983,2378 1933,2344 1880,2388 1816,2350 1714,2366"/>
                <Baseline points="1722,2403 1773,2403 1824,2403 1875,2403 1926,2403 1977,2403 2028,2402 2079,2402 2130,2400 2181,2399 2232,2399 2283,2397 2334,2396 2385,2394 2436,2393 2487,2392 2538,2390 2589,2390 2640,2388 2691,2387 2742,2385"/>
                <TextEquiv>
                    <Unicode>dtet, und seye diß alles, was Sie hierüber</Unicode>
                </TextEquiv>
            </TextLine>
            <TextLine id="r3l28" custom="readingOrder {index:27;}">
                <Coords points="1736,2538 1838,2530 1908,2487 1956,2507 2007,2487 2148,2490 2148,2462 2135,2458 1909,2463 1824,2428 1736,2432"/>
                <Baseline points="1742,2480 1767,2480 1792,2480 1817,2480 1842,2481 1867,2481 1892,2481 1917,2481 1942,2481 1967,2481 1992,2481 2017,2481 2042,2481 2067,2481 2092,2481 2117,2480 2142,2480"/>
                <TextEquiv>
                    <Unicode>Zußagen rönne.</Unicode>
                </TextEquiv>
            </TextLine>
            <TextLine id="r3l29" custom="readingOrder {index:28;}">
                <Coords points="1792,2628 1978,2655 2089,2618 2365,2609 2482,2633 2586,2608 2585,2536 2166,2537 2015,2577 1791,2536"/>
                <Baseline points="1799,2603 1838,2604 1877,2606 1916,2607 1955,2607 1994,2607 2033,2607 2072,2607 2111,2607 2150,2607 2189,2606 2228,2604 2267,2604 2306,2603 2345,2601 2384,2600 2423,2599 2462,2597 2501,2597 2540,2595 2579,2594"/>
                <TextEquiv>
                    <Unicode>Also abgelesten und bestähtiget.</Unicode>
                </TextEquiv>
            </TextLine>
            <TextLine id="r3l30" custom="readingOrder {index:29;} person {offset:7; length:20; continued:true;}">
                <Coords points="1715,2872 1830,2904 2072,2884 2150,2937 2196,2901 2268,2945 2366,2884 2478,2909 2704,2881 2704,2826 2510,2783 2418,2824 2339,2782 1922,2823 1715,2786"/>
                <Baseline points="1721,2870 1769,2872 1818,2876 1867,2877 1916,2879 1965,2880 2013,2882 2062,2883 2111,2883 2160,2885 2209,2885 2257,2885 2306,2885 2355,2885 2404,2885 2453,2883 2501,2883 2550,2882 2599,2880 2648,2880 2697,2879"/>
                <TextEquiv>
                    <Unicode>Wesso. Mathys Jum Steitt ar</Unicode>
                </TextEquiv>
            </TextLine>
            <TextLine id="r3l31" custom="readingOrder {index:30;} person {offset:0; length:11; continued:true;}">
                <Coords points="1726,2988 1825,2967 1931,2985 1979,2960 2108,3012 2173,2967 2260,2990 2334,2973 2335,2901 2269,2946 2212,2914 2149,2936 2082,2899 1899,2928 1840,2896 1727,2907"/>
                <Baseline points="1734,2957 1763,2957 1793,2957 1822,2958 1852,2958 1882,2958 1911,2960 1941,2960 1971,2960 2000,2961 2030,2961 2060,2961 2089,2961 2119,2963 2149,2963 2178,2963 2208,2963 2238,2963 2267,2963 2297,2963 2327,2961"/>
                <TextEquiv>
                    <Unicode>Shurnbeibel Sagt Auß.</Unicode>
                </TextEquiv>
            </TextLine>
            <TextLine id="r3l32" custom="readingOrder {index:31;}">
                <Coords points="1724,3143 1850,3104 1966,3110 2022,3153 2201,3101 2678,3123 2738,3096 2738,3045 2582,3022 2456,3059 2358,3030 2224,3066 2059,3026 1921,3065 1723,3020"/>
                <Baseline points="1731,3102 1781,3102 1831,3102 1881,3103 1931,3104 1981,3104 2031,3105 2081,3105 2131,3105 2181,3107 2231,3107 2281,3107 2331,3107 2381,3105 2431,3105 2481,3104 2531,3102 2581,3100 2631,3096 2681,3094 2732,3089"/>
                <TextEquiv>
                    <Unicode>Heut 16. Tag seye Er von Muhgh. . daß</Unicode>
                </TextEquiv>
            </TextLine>
            <TextLine id="r3l33" custom="readingOrder {index:32;} organization {offset:7; length:11;}">
                <Coords points="1736,3180 2031,3210 2092,3182 2496,3197 2662,3161 2593,3101 2418,3134 2201,3101 2128,3158 2023,3153 1968,3112 1736,3130"/>
                <Baseline points="1742,3165 1787,3168 1833,3170 1878,3171 1924,3173 1970,3174 2015,3176 2061,3176 2107,3176 2152,3176 2198,3176 2244,3176 2289,3176 2335,3175 2381,3174 2426,3173 2472,3173 2518,3171 2563,3170 2609,3170 2655,3168"/>
                <TextEquiv>
                    <Unicode>Oberen Chorgrichts befelchnet worden</Unicode>
                </TextEquiv>
            </TextLine>
            <TextLine id="r3l34" custom="readingOrder {index:33;} person {offset:23; length:5; continued:true;}">
                <Coords points="1724,3248 1841,3247 1908,3284 2006,3260 2038,3290 2143,3262 2463,3267 2613,3245 2613,3168 2233,3219 2174,3189 2113,3227 2071,3189 2018,3213 1724,3183"/>
                <Baseline points="1731,3239 1774,3242 1818,3243 1862,3245 1906,3246 1950,3248 1993,3249 2037,3251 2081,3251 2125,3252 2169,3252 2212,3252 2256,3252 2300,3252 2344,3252 2388,3251 2431,3249 2475,3247 2519,3246 2563,3243 2607,3240"/>
                <TextEquiv>
                    <Unicode>die Magd beym Schlüßel Maria</Unicode>
                </TextEquiv>
            </TextLine>
            <TextLine id="r3l35" custom="readingOrder {index:34;} person {offset:0; length:7; continued:true;}">
                <Coords points="1721,3354 1948,3335 1992,3373 2078,3351 2303,3385 2461,3338 2688,3347 2688,3290 2575,3252 2374,3292 2143,3261 2016,3302 1940,3275 1870,3295 1792,3253 1721,3271"/>
                <Baseline points="1728,3324 1775,3326 1823,3327 1871,3329 1918,3329 1966,3330 2014,3330 2061,3330 2109,3332 2157,3332 2205,3330 2252,3330 2300,3330 2348,3330 2395,3329 2443,3329 2491,3329 2538,3327 2586,3327 2634,3326 2682,3326"/>
                <TextEquiv>
                    <Unicode>Midener ab zuhohlen und auf das Chor¬</Unicode>
                </TextEquiv>
            </TextLine>
            <TextEquiv>
                <Unicode>265.
IInformation
M. Ar7n. J. 498 st die beEädigte Gebommen
dagst auß.
Destern Abendts habe MHhr. Drichtschreiber
ihr anbefehlen laßen, alsobald hinauß in
großen Spickahl zu gehen, und die daselbst
nverhafft gebrachte Maria Widmer zu
visitieren, um zu stehen, ob es nicht erst
bürzlich Kindes genesten:
Als Sie nun
zu diesem Mentsch gekommen, und ihre
pflicht an ihme vollziehen wollen, habe die
Maria Widmer alstobals sich verlauten
laßen, es brauche beine visitation mitt
maßen es bekenne, daß in der t hates vorige
Nacht, als Sanistog Rachts gegen 11. Uhren
Kindes Genesten, als es 5. v. sich auf dem
Heiml. Denoch befunden, das Kindgeye
ofne empfindung von ihme gefallen, und
der rädter darvon seye ein Bischmacher
Bestell, so im Marzihl beÿ Meister
auf diese
Meyburg gedrbeytet.
nichte
Declaration, habe die nun weiters verriche
dtet, und seye diß alles, was Sie hierüber
Zußagen rönne.
Also abgelesten und bestähtiget.
Wesso. Mathys Jum Steitt ar
Shurnbeibel Sagt Auß.
Heut 16. Tag seye Er von Muhgh. . daß
Oberen Chorgrichts befelchnet worden
die Magd beym Schlüßel Maria
Midener ab zuhohlen und auf das Chor¬</Unicode>
            </TextEquiv>
        </TextRegion>
    </Page>
</PcGts>
