3024 4032
86 296 201 372 30.
101 1563 301 1695 Intec
159 2366 242 2501 d
163 2930 244 3057 8.
146 3339 241 3474 B.
313 484 1308 652 Nachricht gegeben; da haben die Nac¬
308 573 1325 704 baurs Leuth und auch selbsten seine Mutter
317 653 1230 760 Ihne geheißen in Bockes Nahmen
305 717 1191 850 fortgehen, borauf Er allsobald auff
314 803 1285 942 Neunuegg, allwo sein Radder eine Ghl¬
326 874 1305 992 im Lehen hadte, sich begeben; dorthin
302 950 1273 1063 habe seine Mudter Ihme obgedeuten
317 1040 1276 1145 Schulmeister nachgeschiet, welcher Ihme
322 1099 1315 1241 Troß zugestrochen, sagend Er mnneße sich
317 1179 1303 1295 Einmahl entfernet halten, hoffe aber
311 1254 1219 1360 es berde zu lezt nicht bös ablaufen,
314 1338 1163 1449 und von dar seye er allsobald aufh
306 1403 1263 1522 Neuenburg gegangen, wie er es im
305 1469 1010 1599 vorigen Examine ausgesagt.
314 1582 1282 1703 Er steÿn dieser That halber auf den heutigen
312 1664 1218 1767 Tag nicht mehr noch minder schuldig,
296 1728 1282 1842 warum Er dann nicht gleich sich gestellet,
288 1808 1251 1927 Seine so geschwinde entleichung zeige
297 1887 1220 1987 ein Boset gelßen an, Ansonsten
290 1947 1251 2072 Bau Er die Aufrichtigen Umstände
272 2021 1274 2127 seinen Ellteren Burde geoßenbaret
277 2092 1287 2222 haben, häcten Sie allsobald die Oberbeitl.
284 2179 1188 2311 Bnade, gleich bie anjezo, vor Ihne
293 2274 647 2389 angerusten.
274 2372 1235 2481 Ach. Er seÿn all zu Jung gebesten, um
265 2438 1278 2573 sich selber rahten zu könen, deß wegen
283 2533 1289 2651 Er anderer Leuthen, zbar Wohlgemeinten
289 2602 1250 2724 Raht gefolget; Er bezeuge, daß Er Lieber
299 2669 1251 2802 allsobald sich Constitiiert hätte, sein get¬
277 2755 1218 2884 geläßen habe Ihme allezeit hofnung
274 2835 900 2954 zur Gnade verstrochen.
281 2918 1239 3048 Wan dem alls, barum Er es dann so.
305 3012 1257 3128 ang anstehen laßen; Man möchte
274 3097 1251 3198 glauben, er hatte mit Vorsaz bollen
277 3169 1240 3289 warten, biß die Eint oder anderen
277 3252 1009 3369 gezeugen gestorben seyen.
274 3347 1187 3479 Er habe schon in N. 1749. den Vorsatz
989 3421 1227 3539 gehabt
1548 1559 1611 1694 D.
1531 1932 1625 2077 B.
2559 288 2705 379 131
1679 500 2674 655 Behabt, sich einzustellen, wegen vielen
1682 591 2685 736 Geschäfften aber, seÿe es Ihme miß rahten
1685 685 2636 796 worden, weilen er gar Lange in der
1670 773 2681 875 Gefangenschafft häte bleiben mmeßen,
1677 829 2616 962 Anbey habe Er Jederzeit beÿ braben
1678 891 2643 1023 Herren gedient, und habe Er gehoffet,
1677 972 2611 1087 die Zeugniße seines Wohlverhaltens
1690 1035 2666 1166 werden Ihme in Gnaden aufgenommen
1685 1110 2658 1238 werden. Indeßen habe er allezeit
1674 1175 2669 1307 sem Anglük beldemet, so wohl den ver¬
1681 1237 2652 1377 urtacheten, jehzdoch Anvorsählichen Ton,
1683 1334 2683 1455 als auch die Angnad seiner Hohen Oberbeit
1685 1400 2619 1524 und nicht in sei Vacterland gehen zu
1673 1493 1849 1607 1on .
1676 1579 2676 1706 Ob nun diese seine Außaagen uen bekant¬
1686 1656 2640 1769 nuß die zern Wahrheit in sich halten,
1672 1725 2624 1839 und Er nichts ferners beyzufüegen,
1682 1795 2667 1903 daß zu dieser Sach aufheiterung geben
1672 1864 1882 1969 mochte?
1676 1936 2623 2051 Wüßte ein mehrers nicht hierüber zu
1673 2024 2655 2132 ttagen, und bezeuge bey seinem guten
1667 2087 2633 2212 gelaßen, daß Er durchaus die völlige
1666 2151 2138 2275 Wahrheit geredet.
1739 2250 2589 2371 Bidde denüchtigst um Bnade.
1727 2335 2527 2470 Also abgelesen und bestähtiget.
1603 2437 2660 2593 NEctum in der Oberen Befangenschaft
1681 2565 2648 2671 durch vor Wohlgedacht M Nhgh Rahts¬
1674 2628 2634 2754 Herren von Honstetten, als hierzu
1669 2701 2613 2813 wohl verordneten Ober Examinatoren,
1678 2771 2611 2884 und Wehhl. Großweibel Von
1652 2835 2646 2977 Muralt und Bricht Schreiber von
1674 2935 2622 3073 Erlach. Den B Decembris 1755.
2298 3181 2496 3324 Aus
