3024 4032
388 283 544 361 272.
634 360 1361 573 Prarig Wibrer
528 514 1541 740 Baar und alle seine Vogel, die Wabne¬
515 599 1554 810 echnur aber wäre gut 2. Haus breit ven
506 685 1535 869 Leibe abgerißen. Dey eröffnung der
496 757 1543 957 Grust fanden sich alle liquida gefrohren
495 869 1474 1035 das Herz und seine große gefäß voll¬
490 963 1552 1138 coaguliertes geblut, die Künge groß auß
480 1027 1518 1208 gedant, und schloame vollkommen auch
478 1125 1544 1285 dem Waßer worauß zu Schließen, das
495 1210 1493 1364 Kind habe gelebet und respiriert, aber
482 1314 1520 1458 seye wegen großer äußerlicher Kälte
472 1400 1500 1571 dasich das Beblicet von außen nach
468 1485 1526 1668 dem Herz und seinen großen Gefaßen
459 1593 1521 1742 zurück gezogen, erfrohren und erstült,
459 1702 997 1799 welches attestieren
590 1800 1431 1956 Signirt. Irerzog D. Insul:
721 1953 1466 2094 E. Eien Chirurgl. Insulan.
729 2326 1123 2442 Extract
417 2411 1470 2583 Auß dem Ghorgrichts-Hanual der
441 2538 802 2617 Stadt dern.
418 2662 1482 2771 Von dem Schlüßel Wihrt ist angezeigt worden.
423 2722 1471 2837 daß sich seine Magd Maria Wideer von
422 2802 1450 2929 Viberstein Schwängeren Leibs befinde;
410 2867 1429 2997 Welche aber solches heute, auf befragen
405 2947 1444 3088 vollkomen abgelaugnet. Weßwegen
395 3024 1441 3161 dem H. Chorweibel aufgetragen worden
374 3066 1454 3263 dem Schlußel Wihrt zu injungieren, daß
384 3172 1427 3344 er auf diese Vidmeri noch ferners
374 3245 1462 3431 genan achte. Actum den 16. Januarij
371 3394 560 3537 1758.
558 3373 1441 3585 dig: Cherschriberey Dern
1724 363 2431 597 Maria ibior.
1919 528 2249 661 Bortrag.
1684 710 2303 920 Hochwohlgebohene.
1858 793 2578 981 Burdige Herren.
1672 1003 2742 1220 In gehorstamster befolgung Eiter Go6 ptr
1674 1119 2757 1259 Bnaden befehls von heutigem Dato, haben
1671 1213 2773 1336 Wehghrn deß Oberen Chorgrichts die Ehre,
1688 1274 2759 1430 hoch denenselben, in Sachen der ixhaftirten
1682 1355 2823 1501 Maria Widmer von Üiberstein, zu roferiren
1689 1439 2742 1550 das maßen auf beschehenen Anzeig deß¬
1680 1521 2764 1645 allhiesigen Schlußel Wihrts, daß Er diese
1675 1592 2733 1725 seine dienst Magd Schwänger zu seyn
1681 1686 2796 1783 vermihte, solche Montags den 16.z Currentis
1682 1766 2805 1862 vor Ober Chorgricht beycheiden, Sie hierüber
1678 1854 2827 1934 zu Rede gestoßen, und ihr nach beständigem
1666 1928 2763 2044 gebrauch dieser Kammer, ernstlich vor¬
1672 1993 2717 2127 gestelt worden, welcher gefahr Sie sich
1667 2080 2604 2199 außstehe, falls die ihre allfällige
1678 2157 2810 2272 Schwängerschaft laugne, da Sie nun darüber
1677 2258 2811 2347 Richterlich befragt werde, vorstetlich verhalen
1672 2323 2683 2430 wurde, deßen ungeacht hab Sie solches
1668 2398 2687 2512 Standhafft verlaugnet; Vorüber die
1666 2480 2709 2589 dann wieder nach Hause gewiesen- dem
1682 2533 2787 2678 Schlußel Wihrt aber auf Mrhghen Gefehl
1671 2631 2723 2749 nanuirt worden, auf diese seine Mags
1672 2693 2753 2812 ein wachstames Ang zu haben. Alles
1674 2759 2795 2882 wie beyligender Extract Manualo außweigete
1677 2829 2745 2968 Dinther haben Wehllen dieser Sache halb
1678 2920 2669 3041 weiters nichts vernommen, biß heute,
1675 2987 2681 3114 da Mein hochgeachter Herr alt Venner
1674 3046 2691 3186 Mg, denselben eröffnet, daß destrigen
1683 3140 2757 3279 Sags, Ihme als Praesidenten, Eier Gnaden
1681 3233 2637 3347 diener, der Charreibel hinterbracht,
1686 3299 2669 3448 das maßen der Schlußel Wihrt Ihrm
2475 3413 2732 3500 Chorleibet
2708 213 2863 325 273.
