3024 4032
177 241 292 332 68.
318 1149 372 1244 3
326 675 373 750 S
342 852 370 945 2
499 382 1078 512 Specisication
376 501 1357 616 decequi a ete vole a Monsieurde Gingins
388 546 1267 630 demoiry, daus son Bureau, Calluit
386 588 961 677 du 5. au 6. Rout 5755.
404 669 1412 800 Uneboursedesogegrise anouer, dano laquose
389 721 1362 830 ilqavoit U. eta lonis vieus ala Barbette,
386 776 1063 869 dontundouble et cinq demi¬
395 868 1392 985 Uneboussejanneetargent defoye a nouer¬
388 930 1316 1005 daus Caquelle il y avoit 12. a 15. Louis
380 984 1348 1073 dont deup degeneve, auvieup double Ducat
384 1026 1309 1116 un Lonis aloCroix deMalthe, et undem
364 1074 1232 1164 Pouis an Soleie, et autres Copeces d Or.
392 1151 1306 1251 In Rouleande 20, Crones de Siecesde
381 1235 1349 1302 5 batz de Berne, et environ hoCrones de
376 1276 1286 1366 vieceltes, dauo deue Cornets de Capier.
365 1335 1368 1425 Stein in petit Roulean desis Croues piecettes.
355 1433 1334 1552 Devol doit setre fait avec une faussellef,
371 1501 1249 1596 prus quere Burean uetoit iuforee ni
381 1546 488 1644 exe.
1455 1199 1639 1299 Question
1445 1439 1636 1534 Reponse
1497 1830 1569 1934 2.
1496 1953 1596 2042 R.
1508 2035 1587 2141 2.
1496 2183 1579 2259 e
1506 2358 1582 2455 2.
1497 2611 1594 2706 R
1493 2843 1570 2933 2.
1491 2977 1606 3066 RR.
2594 218 2714 327 69.
1724 356 2147 523 Kramen
1620 496 2773 624 De David Amic, ne dun Frausoio Resuji,
1587 574 2698 709 a Cornaux, dauo leComte de Neuschatel, aye de¬
1648 615 2703 730 24. Aus, marie aveclavenvede Simeon Sissot
1634 685 2714 800 dudit Cornaus, mortedepiuo Jaus, aussi bien
1641 724 2716 861 queles deus Enfario grovenus deleur Mariage
1613 905 2721 1041 Apres detres lerieuses exhortations qui lui ont
1643 997 2628 1072 eti adressees jurla nature et lesujet desa¬
1645 1041 2512 1143 detention, il a ete interroge come Juit.
1654 1180 2730 1292 Comentillui a ete possible de sevuder, et dese
1629 1259 2680 1343 sauverdentze les maino des deux Archers, qui
1645 1310 2709 1407 devvient Camener a Berne Dimauche pusse:
1654 1427 2721 1521 Juoului avoit inis ine pioa especede Per, qui
1636 1500 2722 1562 devoit lui lierles deus pouces, maio que nauant
1637 1554 2726 1614 vas ete assesfortement serre, il avoit sans esori
1636 1590 2685 1664 pu retirer etsortir seo pouces hors du Ser, quie
1639 1658 2661 1722 avviten hon monchvir surles maiis: cequi
1645 1699 2683 1761 aurvit einpeche les Prevots dele remarquer,
1634 1754 2512 1820 surtout eupassant purles Villeges.
1623 1819 2698 1924 Tiles Archers lui ontote cessero plusieurs foio
1640 1898 2084 1975 pendant lechemin
1637 1972 2594 2068 Aneseule fois, a Cendroit ou ils ont diue.
1633 2070 2709 2139 Sipendant larouteseronducteus nelavoieut
1642 2128 1951 2201 point quite.
1634 2190 2704 2290 Quils nelavoient precisement jamais quite¬
1644 2262 2650 2341 mais que tantst ils marchoieut quelques
1636 2309 2672 2394 pasdevant, et tantot quelques puis derriere,
1630 2366 2699 2500 Sourquoi, aiant susifacilem se degager de
1621 2454 2662 2547 ses Fers, il navo it poiit cherché ösesauver,
1631 2519 2633 2610 surtout los quil setrouivit quelques puis
1645 2556 2111 2639 derriere les Archers.
1636 2643 2693 2768 Quil uetoit jamaio asses loiu deux pour
1648 2716 2712 2813 oher Centreprendie, et que meine il uu aurot
1637 2781 2671 2853 jamaio peuse, si malheureusement levia
1651 2817 2335 2897 relu etoit monté ala Cete.
1654 2883 2635 3001 Ou il avoit bu tant devin, pour quil lui¬
1652 2936 2103 3021 montat ala tete.
1635 2998 2723 3108 Luedabord lematin en partant de s. Blaise,
1644 3067 2708 3153 les Gardes, qui Cavoient conduit an Lontde
1636 3131 2683 3213 Thiele, avoient bu in pot aveclui, eusuite
1648 3184 2618 3274 ils avvieutencor bu in pot an Sontde
1635 3227 2680 3314 Thiel eusemble, prus aiant ete remis aux
1639 3293 2662 3397 Prevots dici, ils avvient bie deup Chöpines
1641 3352 2660 3437 de Cautre cote du Cont, a Anet, ilo avvieut
2546 3416 2604 3500 bic.
