3024 4032
237 384 394 512 R2
281 2513 344 2607 F
278 1286 351 1396 8
306 1463 356 1561 d
289 1599 354 1697 8.
294 2073 351 2183 d
305 2799 351 2933 d
391 338 1359 493 Examen, mit Panrs Kräyenbusl.
393 499 1411 650 darzu gehörigen Schlußel in dem Silber, Schaft
390 605 1368 722 gefunden, Vermittest welcheßen er hiemit
390 664 1389 775 dorten in den Garten und von dar fortgehen
384 738 1388 868 können. Ehe er sich aber aus dem Hauß be¬
385 825 1369 941 geben, habe er zuletzt noch aus der Stuben,
387 883 1406 1006 da er zuerst ein Bett angetroffen, 2. Wand
379 970 1367 1087 Leüchter auf einem Camen weggenommen.
384 1050 1386 1157 Mit welch obvernambsetem allei Er sich nun
377 1116 1402 1249 auf obgesagte Weis aus dem Schloß fortge¬
379 1203 533 1295 macht.
381 1237 1380 1379 Vielang er sich im Schloß aufgehalten, umb
381 1343 942 1466 liß alles zu verrichten?
388 1426 1401 1572 Von 9. Uhren Abendts biß 1. Uhr Nach Mitter,
379 1531 538 1623 nacht.
387 1586 1358 1712 Da Er biß hiehar mit Anschei einer Aufriche¬
373 1665 1329 1791 stigen Bekantnuß und Bahrer Reul über
374 1740 1299 1865 sein Verbrechen sich erzeiget, Als solle er¬
369 1820 1327 1940 annoch offenherzig bekennen, ob nicht und
369 1911 1380 2032 was er noch mehrers Bey dießer Gelegenheit
366 1996 632 2090 entwendet:
389 2058 1323 2174 könte mit gutem Gebüßen gar nicht ein¬
361 2143 1311 2236 mehrers Bekennen, Wohl habe er in der¬
365 2216 1356 2323 Angst noch etwelche Schlüßel fortgenommen,
359 2276 1405 2393 die er selbsten nicht geloußt bey sich zuhaben,
348 2339 1367 2467 biß man selbige zu Sollothurn Bey seiner Be¬
373 2420 1134 2544 händigung auf ihme gefunden.
377 2513 1383 2610 Mas dießer ihme anjezo vorbeisende Schlüßel
371 2588 1369 2698 seyn, welchen Herr Dapelhooffer nicht vor
368 2662 1360 2768 den seinigen erkenne, und auch auf ihne
364 2743 795 2842 gefunden worden?
386 2803 1258 2943 Er bekenne offenhertzig, daß er dießen
378 2908 1363 3015 nemblichen Schlüßel mit sich genommen, Als
371 2972 1296 3087 er ins Schloß gelesen, In Hoffnung die¬
353 3051 1354 3162 Haußthür mit selbigem eröffnen zukönnen,
359 3127 1373 3233 darzu er sich aber nicht tanglich befunden;
368 3201 1348 3329 Übrigens dann habe er schon vor zley Jahren
364 3266 1387 3395 dießen Schlüßel von dem Herren Landsogt
1222 3375 1348 3458 Vor-
1593 2938 1650 3037 5
1586 3152 1655 3257 3
2675 361 2769 454 13.
1501 357 2583 503 Eramen, mit Jarrs Kräherrbuhl.
1700 517 2761 656 von Laupen empfangen, Als er seine Schlößer
1693 598 2685 724 anderen laßen, und habe er etwan 8. Jage¬
1674 689 2715 789 Vorhero den Sternen aus diesem Schlüßel¬
1681 762 2746 878 gefeilet, und selbigen zu einem Haubt-Schlußel
1690 855 2400 965 oder Passepartort zugerestet.
1703 922 2706 1040 Was ihne Belogen diesen Diebstahl und Ein¬
1607 917 1672 1036 8.
1681 1018 2131 1121 rbruch zu begehen.
1703 1085 2742 1220 Seith ohngefehrt einem Jahr habe er zu seinem
1681 1169 2700 1266 grosen Schaden und Unglück, Bekantschafft
1672 1251 2647 1348 gemacht mit Johannes Müller, dem soge¬
1671 1314 2669 1437 manten Lasinen Riedler welcher ihme
1681 1394 2697 1492 unter allerhand eitlen Vorgeben, sein gelt
1671 1459 2700 1568 Theils auß gelocet, theils dann zu verpraßen
1680 1533 2701 1656 hin und her in den Mührts Häußeren Ver¬
1677 1612 2686 1712 leitet. Auf dieße Weiste seyn er in große
1670 1689 2667 1787 Schulden gerathen, Und da er in dieser Si¬
1669 1761 2681 1865 ituation nicht gelaußt, wohin er sich benden
1673 1826 2676 1948 solle, und den Kiedler seines tringenden
1681 1905 2639 2002 Rothzustandts beschuldiget, habe dieser
1676 1973 2680 2091 Böse Mensch ihme angegeben in das Schloß
1678 2051 2628 2157 zu uitzigen einzubrechen, mit verdeuten,
1672 2123 2703 2231 diß werde nicht auskomen, und werde mit
1680 2196 2653 2299 ringer Muh zu vollbringen seyn; Ob schon
1674 2271 2647 2385 er nun Anfänglich ein solches Vornemmen
1670 2342 2684 2465 höchstens sträfflich und Unricht gefunden
1667 2412 2646 2525 so habe er sich endtlichen, bey je mehr und
1670 2483 2626 2587 mehr angebochsenem Schuldennast und
1665 2568 2660 2675 Anstifftung deß Riedlers, Leichtfertiger
1664 2655 2679 2763 Weise zu solch böser That verleiten laßen.
1664 2717 2667 2828 Darfer er Bott, ein Sohn Oberkeit, und alle
1676 2781 2616 2915 beleidigten umb Bnad und Verzeichung
1674 2874 1793 2969 bitte
1689 2900 2682 3023 Wie langen seyn, daß er den Gottlosen Vor¬
1659 2993 2681 3131 satz gefaßet, dießen Einbruch und aliebstahl
1671 3078 1951 3178 zu begehen?
1687 3136 2692 3239 Etlan 14. tag, ehe er solchen eiders auf¬
1684 3214 1910 3337 geführet.
2458 3365 2550 3484 I
