3024 4032
166 2265 248 2381 2
173 2569 240 2684 d
173 2689 235 2809 2
171 3056 249 3174 .
199 1175 265 1269 B.
194 1339 273 1442 c.
190 1472 248 1537 P
182 1724 253 1842 d.
104 290 278 417 127.
194 477 273 619 G
207 698 282 787 E
217 766 285 874 H.
335 461 1328 629 Ja in der gleichen Zeit, da der Wihrt den
341 567 1153 696 Bürg; aucf die Seithen gezogen.
332 658 1352 808 Aut belehe beid der Berj den Streich geschlage
343 743 1303 866 Er habe den Streich von hinten zu mit be¬
337 823 1333 939 schloßener Faust neben an den Kopf an
329 895 1304 1004 Schlaß geschlagen, und habe sich nach ge¬
335 960 1306 1080 strekt, Inmaßen Er den Bürg, der ein
338 1029 1322 1176 großer Mensch gelesen, baum erlängen
327 1099 496 1182 bönen.
323 1169 1303 1292 Ob er nicht gebahret, daß der Berj et bey
339 1253 798 1345 in der Hand gehalten.
331 1332 1045 1435 Er habe deßen nichts gestehen.
323 1434 1274 1559 Ob nach empfangenem Streich der Bürg,
325 1502 1299 1607 gleich auf den doden gefallen, oder ob er
322 1572 1296 1693 im fallen etbau an einen Tauk ange¬
311 1644 545 1729 schlagen.
317 1720 1305 1851 Er habe anders nichts gestehen, als daß Er
318 1802 1291 1914 auf den Toden gefallen, man habe aber
314 1881 1291 1980 gemihtmaßet, er möchte in dem fallen
315 1953 1285 2044 an den Bauk, so nache darbey gelesten,
316 2021 1300 2140 angeschlagen haben; der Leib aber als
307 2094 1173 2207 Er Ihne gestehen, seÿe vollkommen
308 2176 1170 2297 außgestrert am Toden gelegen.
311 2250 1266 2368 Ob Er gehöret, daß der Berj von jemand
303 2338 1260 2442 angereizet worden, auf den Bürg zu
306 2415 1244 2527 schlagen, oder gegen selbigen sich zu
311 2507 513 2588 wehren?
302 2564 1137 2687 Nein darvon habe Er nichts gehöret.
298 2680 1262 2810 Ob Er auch nicht gehöret, daß man dem
316 2757 1260 2867 Herj zugemihtet, Er habe et was in der
296 2827 1261 2922 sand gehabt, darmit Er geschlagen, und
317 2911 1254 3030 daß der Her; allsobald geantwortet, Er
305 2985 913 3092 wolle sich laßen Ersuchen.
302 3083 1229 3209 Mein habe nichts davon gehöret, äußert
300 3139 1260 3258 daß man nachbehrts unter einander
292 3221 1285 3348 gesagt, Er umneße et bas in der hand gehabt
282 3299 1182 3414 haben. Endete hiemit seine Außaag.
364 3382 1042 3506 abgelesen und bestähtiget.
1489 584 1605 710 G
2573 321 2704 432 123.
1653 529 2690 681 Niclauß (Gorl Hauktman und Chon¬
1656 635 2126 741 Richter zu Lobstigen.
1638 702 2703 847 Ihme Burde gleichfahls steine in N. 1744. von
1642 774 2669 910 sich gestellte Deposition vorgelesten, die Er
1648 847 2691 964 nochmahlen von Wort zu Wort bestähtiget;
1648 910 2657 1038 Mit der Erleuterung, daß der Bürg zu¬
1636 981 2594 1113 deß Geris Uhrti, so Er mit dem Doctor
1636 1068 2640 1182 Niggeler gehabt, gebomen, und dorten
1636 1145 2662 1261 mit dem Niggeler geredet, und beilen
1641 1207 2667 1333 der Berj auch darzu geredet, habe Ihme
1623 1282 2676 1393 der Bürgi, Wäßeler und dergleichen gesagt,
1635 1359 2688 1454 welches der Anlaß zu dem Streidsgelesten,
1617 1421 2661 1549 Indem der Ber; dem Bürg Jederzeit
1633 1501 2703 1618 lider sagte, was dieser zu Ihme Verächtliches
1621 1570 2586 1692 gestaget, Nach und nach seÿe der Bürg
1624 1634 2658 1758 grober her vor komen, allso daß Er zu 3.
1626 1728 2574 1853 unterstchiedlichen mahlen dem Oer¬
1611 1800 2663 1926 Kläpfte gegeben, ohngeachtet Er Deponeri
1618 1868 2649 1991 s bohl als der Wihrt stelbsten ihne Bürg
1632 1943 2532 2055 schon beÿ dem v. Klapst Ab- und zum
1618 2017 2640 2135 frieden gemahnet. Und Er Deponent
1638 2083 2683 2179 mieße bebeuen, Er seÿe über das betragen
1616 2157 2647 2270 deß Bürges so verdrüßig borden, daß¬
1618 2218 2637 2345 Er nach Ihne geschlagen hätte, bau Er
1623 2296 2636 2421 nacher bey Ihme gebesten Bäre; Endtl.
1613 2371 2664 2480 habe der Wihrt den Bürg vor um Abseits
1617 2456 2570 2569 gezogen, und vermahnt, daß Er nicht
1614 2532 2623 2632 Angelegenheit stuchen solle, Ob bährend
1616 2595 2667 2693 diesem habe den Cherrichter Albrecht Roht
1604 2673 2653 2787 gesagt, Er hädte sich gelehret, darauf der
1609 2751 2648 2867 Berz aufgestanden, und den Unglübt¬
1600 2808 2665 2941 Streich auf den Bürg geschlagen; Es habe
1594 2902 2587 3012 Ihne Deponent gedunket, es solte nur
1585 2977 2625 3089 Pantastigkeit steÿn, daß der Burg auf
1600 3054 2589 3172 diesen Streich zu Boden falle, Maßen
1600 3122 2593 3251 Selbiger ein großer Man, der Berz
1592 3199 2613 3318 aber nur ein kleiner Mensch gebesten,
1595 3272 2627 3399 Indeßen steÿe der Bürg ganz von Sinen
1597 3350 2604 3468 auf dem Toden ligen geblieben, und der
