<?xml version="1.0" encoding="UTF-8" standalone="yes"?>
<PcGts xmlns="http://schema.primaresearch.org/PAGE/gts/pagecontent/2013-07-15" xmlns:xsi="http://www.w3.org/2001/XMLSchema-instance" xsi:schemaLocation="http://schema.primaresearch.org/PAGE/gts/pagecontent/2013-07-15 http://schema.primaresearch.org/PAGE/gts/pagecontent/2013-07-15/pagecontent.xsd">
    <Metadata>
        <Creator>prov=University of Rostock/Institute of Mathematics/CITlab|PLANET AI GmbH/Gundram Leifert/gundram.leifert@planet-ai.de:name=Transkribus German Kurrent M2(htr_id=29820)::::v=2.6.7
prov=University of Rostock/Institute of Mathematics/CITlab|PLANET AI GmbH/Tobias Gruening/tobias.gruening@planet-ai.de:name=de.uros.citlab.module.baseline2polygon.B2PSeamMultiOriented:v=2.6.7
prov=University of Rostock/Institute of Mathematics/CITlab|PLANET AI GmbH/Tobias Gruening/tobias.gruening@planet-ai.de:name=/net_tf/LA73_249_0mod360.pb:de.uros.citlab.segmentation.CITlab_LA_ML:v=2.6.7
Transkribus</Creator>
        <Created>2022-05-02T15:41:59.717+02:00</Created>
        <LastChange>2022-09-12T15:31:32.406+02:00</LastChange>
        <TranskribusMetadata docId="1334851" pageId="52362694" pageNr="35" tsid="114644526" status="IN_PROGRESS" userId="9570" imgUrl="https://files.transkribus.eu/Get?id=GTIJGBSOOTCNFJHHFBCEUNIY&amp;fileType=view" xmlUrl="https://files.transkribus.eu/Get?id=KNMNKJPXYHYHWWCSSSSLCMNJ" imageId="30691161"/>
    </Metadata>
    <Page imageFilename="IMG_7036.jpg" imageWidth="3024" imageHeight="4032">
        <ReadingOrder>
            <OrderedGroup id="ro_1687513618546" caption="Regions reading order">
                <RegionRefIndexed index="0" regionRef="r1"/>
                <RegionRefIndexed index="1" regionRef="r2"/>
                <RegionRefIndexed index="2" regionRef="r3"/>
                <RegionRefIndexed index="3" regionRef="r4"/>
                <RegionRefIndexed index="4" regionRef="r5"/>
                <RegionRefIndexed index="5" regionRef="r6"/>
            </OrderedGroup>
        </ReadingOrder>
        <TextRegion orientation="0.0" id="r1" custom="readingOrder {index:0;}">
            <Coords points="210,239 210,392 285,392 285,239"/>
            <TextLine id="r1l1" custom="readingOrder {index:0;}">
                <Coords points="203,351 223,348 227,343 252,354 259,350 266,355 280,345 292,349 289,283 282,283 275,289 261,279 241,281 219,304 202,307"/>
                <Baseline points="210,342 235,340 260,339 285,339"/>
                <TextEquiv>
                    <Unicode>64.</Unicode>
                </TextEquiv>
            </TextLine>
            <TextEquiv>
                <Unicode>64.</Unicode>
            </TextEquiv>
        </TextRegion>
        <TextRegion orientation="0.0" id="r2" custom="readingOrder {index:1;}">
            <Coords points="305,286 305,742 362,742 362,286"/>
            <TextLine id="r2l1" custom="readingOrder {index:0;}">
                <Coords points="301,424 316,425 328,414 338,410 349,416 359,415 352,314 338,314 324,324 314,319 301,330 294,330"/>
                <Baseline points="305,389 350,386"/>
                <TextEquiv>
                    <Unicode>8.</Unicode>
                </TextEquiv>
            </TextLine>
            <TextLine id="r2l2" custom="readingOrder {index:1;}">
                <Coords points="301,726 315,722 326,726 348,711 359,717 372,714 362,604 352,603 334,622 330,621 324,627 316,625 305,637 293,638"/>
                <Baseline points="305,692 333,688 362,687"/>
                <TextEquiv>
                    <Unicode></Unicode>
                </TextEquiv>
            </TextLine>
            <TextEquiv>
                <Unicode>8.
</Unicode>
            </TextEquiv>
        </TextRegion>
        <TextRegion orientation="0.0" id="r3" custom="readingOrder {index:2;}">
            <Coords points="356,307 356,2126 1362,2126 1362,307"/>
            <TextLine id="r3l1" custom="readingOrder {index:0;}">
                <Coords points="372,375 388,379 399,373 403,375 423,362 426,365 435,364 439,290 432,290 421,296 401,281 384,297 376,295"/>
                <Baseline points="380,345 429,347"/>
                <TextEquiv>
                    <Unicode>fo</Unicode>
                </TextEquiv>
            </TextLine>
            <TextLine id="r3l2" custom="readingOrder {index:1;}">
                <Coords points="432,389 759,344 1344,386 1344,350 1276,323 984,296 909,261 623,328 492,281 432,306"/>
                <Baseline points="438,371 485,368 532,364 579,358 627,356 674,352 721,348 769,345 816,344 863,342 911,341 958,341 1005,342 1053,345 1100,348 1147,352 1195,359 1242,366 1289,374 1337,384"/>
                <TextEquiv>
                    <Unicode>Examen und Confiontation</Unicode>
                </TextEquiv>
            </TextLine>
            <TextLine id="r3l3" custom="readingOrder {index:2;} person {offset:17; length:5;}">
                <Coords points="429,439 601,453 655,432 690,458 788,422 909,422 1018,447 1113,428 1182,380 1119,380 1080,347 788,371 759,344 622,379 595,358 533,368 471,413 428,412"/>
                <Baseline points="435,434 472,432 509,431 546,430 583,428 620,426 657,425 694,423 731,422 768,420 805,419 842,417 879,416 916,416 953,416 990,416 1027,416 1064,416 1101,417 1138,419 1176,420"/>
                <TextEquiv>
                    <Unicode>mit Sthlafli und Gofer</Unicode>
                </TextEquiv>
            </TextLine>
            <TextLine id="r3l4" custom="readingOrder {index:3;}">
                <Coords points="371,555 501,517 666,555 789,511 935,539 1085,519 1118,549 1176,525 1219,564 1286,544 1347,573 1348,518 1257,514 1120,442 1046,490 808,452 692,480 638,448 558,494 372,458"/>
                <Baseline points="378,522 426,521 474,519 522,518 570,516 618,513 666,511 715,509 763,507 811,506 859,505 907,504 955,506 1003,507 1052,510 1100,514 1148,520 1196,527 1244,536 1292,547 1341,560"/>
                <TextEquiv>
                    <Unicode>Ober nicht gestehen mueße, dießes ger¬</Unicode>
                </TextEquiv>
            </TextLine>
            <TextLine id="r3l5" custom="readingOrder {index:4;}">
                <Coords points="387,601 474,593 534,614 554,595 593,613 624,584 679,604 705,588 767,596 767,549 699,525 666,556 644,536 611,548 591,528 542,522 519,538 489,528 432,560 386,562"/>
                <Baseline points="393,588 419,587 445,585 471,585 498,584 524,584 550,584 577,582 603,582 629,581 655,581 682,581 708,579 734,579 761,578"/>
                <TextEquiv>
                    <Unicode>redet zu haben:</Unicode>
                </TextEquiv>
            </TextLine>
            <TextLine id="r3l6" custom="readingOrder {index:5;}">
                <Coords points="404,689 653,676 729,699 825,671 887,693 930,668 1014,705 1060,674 1143,705 1257,688 1256,650 1178,612 1078,634 977,588 724,649 456,595 403,626"/>
                <Baseline points="410,687 452,685 494,683 536,681 578,679 620,677 662,675 704,673 746,671 788,669 830,669 872,668 914,668 956,668 998,668 1040,669 1082,671 1124,674 1166,678 1208,681 1250,687"/>
                <TextEquiv>
                    <Unicode>Das könne er gar nicht eingestehen</Unicode>
                </TextEquiv>
            </TextLine>
            <TextLine id="r3l7" custom="readingOrder {index:6;}">
                <Coords points="395,748 528,774 588,743 1150,735 1366,790 1367,745 1327,724 1152,714 1069,673 1012,708 935,669 647,720 396,702"/>
                <Baseline points="402,740 449,740 497,740 545,740 593,738 641,738 689,735 736,734 784,732 832,731 880,731 928,729 976,731 1024,731 1071,734 1119,736 1167,740 1215,746 1263,753 1311,762 1359,774"/>
                <TextEquiv>
                    <Unicode>möge sich auch nicht weiters besiennen, Als¬</Unicode>
                </TextEquiv>
            </TextLine>
            <TextLine id="r3l8" custom="readingOrder {index:7;} person {offset:11; length:5;}">
                <Coords points="374,838 415,857 528,808 670,855 738,820 951,840 1014,813 1369,855 1369,810 1318,780 1167,740 773,768 727,735 374,779"/>
                <Baseline points="381,810 430,812 479,810 528,809 577,808 626,806 675,803 724,800 773,798 822,795 871,794 920,792 969,792 1018,793 1067,794 1116,797 1165,801 1214,807 1263,814 1312,824 1362,834"/>
                <TextEquiv>
                    <Unicode>daß Er der Tofer gesagt, Er habe den Joß¬</Unicode>
                </TextEquiv>
            </TextLine>
            <TextLine id="r3l9" custom="readingOrder {index:8;}">
                <Coords points="377,914 411,898 419,904 435,889 467,910 477,903 493,908 505,896 513,902 546,896 561,882 568,888 588,882 587,850 528,839 507,818 496,825 480,811 415,856 375,842"/>
                <Baseline points="383,881 411,880 439,879 467,878 496,878 524,876 552,876 581,875"/>
                <TextEquiv>
                    <Unicode>gestochen.</Unicode>
                </TextEquiv>
            </TextLine>
            <TextLine id="r3l10" custom="readingOrder {index:9;} person {offset:18; length:8;}">
                <Coords points="367,978 460,1003 593,969 1026,969 1116,1040 1287,987 1368,1010 1369,972 1287,961 1157,872 1066,923 965,871 870,907 831,874 663,864 580,931 368,913"/>
                <Baseline points="374,980 423,977 472,974 522,971 571,968 621,966 670,965 719,963 769,963 818,962 868,962 917,963 966,965 1016,966 1065,969 1115,972 1164,977 1213,981 1263,986 1312,994 1362,1001"/>
                <TextEquiv>
                    <Unicode>Dierpnt bürde der Schlafli gegen</Unicode>
                </TextEquiv>
            </TextLine>
            <TextLine id="r3l11" custom="readingOrder {index:10;} person {offset:4; length:5;}">
                <Coords points="381,1068 691,1047 759,1081 794,1054 1006,1058 1016,978 952,1013 811,979 771,1001 722,967 661,990 590,969 564,989 380,1000"/>
                <Baseline points="387,1050 418,1052 449,1052 480,1052 511,1051 543,1050 574,1049 605,1047 636,1047 667,1046 699,1044 730,1043 761,1041 792,1041 823,1040 855,1040 886,1040 917,1041 948,1042 979,1044 1011,1046"/>
                <TextEquiv>
                    <Unicode>die Pofer confiontirt.</Unicode>
                </TextEquiv>
            </TextLine>
            <TextLine id="r3l12" custom="readingOrder {index:11;}">
                <Coords points="356,1169 633,1151 691,1181 729,1146 892,1138 1038,1178 1154,1149 1310,1167 1310,1101 1236,1076 1087,1115 1014,1054 851,1053 780,1101 585,1059 355,1084"/>
                <Baseline points="362,1157 409,1155 456,1154 503,1152 550,1149 597,1148 644,1146 691,1143 738,1142 785,1140 833,1139 880,1137 927,1137 974,1137 1021,1139 1068,1139 1115,1143 1162,1145 1209,1150 1256,1155 1304,1161"/>
                <TextEquiv>
                    <Unicode>Die Dotep Erhielte dem Inquisitin</Unicode>
                </TextEquiv>
            </TextLine>
            <TextLine id="r3l13" custom="readingOrder {index:12;}">
                <Coords points="376,1236 721,1216 846,1257 963,1218 1208,1252 1245,1226 1345,1243 1346,1193 1216,1151 1038,1178 964,1140 895,1171 751,1148 672,1195 565,1155 377,1170"/>
                <Baseline points="383,1218 430,1218 478,1217 526,1216 574,1215 621,1214 669,1212 717,1211 765,1210 812,1209 860,1209 908,1209 956,1209 1003,1211 1051,1212 1099,1214 1147,1218 1194,1221 1242,1227 1290,1233 1338,1239"/>
                <TextEquiv>
                    <Unicode>unter Augen, daß nach Verrichteter That</Unicode>
                </TextEquiv>
            </TextLine>
            <TextLine id="r3l14" custom="readingOrder {index:13;}">
                <Coords points="371,1306 518,1284 1085,1315 1141,1285 1311,1325 1311,1284 1215,1248 1074,1265 961,1220 846,1258 790,1228 372,1250"/>
                <Baseline points="378,1286 424,1287 470,1287 517,1287 563,1287 609,1287 656,1287 702,1286 748,1286 795,1284 841,1284 887,1283 934,1283 980,1284 1026,1284 1073,1286 1119,1289 1165,1293 1212,1297 1258,1301 1305,1308"/>
                <TextEquiv>
                    <Unicode>Als er büder zu ihr gekommen, Er sich</Unicode>
                </TextEquiv>
            </TextLine>
            <TextLine id="r3l15" custom="readingOrder {index:14;}">
                <Coords points="374,1377 655,1395 742,1362 816,1400 911,1369 1056,1421 1283,1386 1350,1425 1350,1382 1145,1286 1077,1322 909,1302 801,1338 717,1303 685,1330 559,1296 376,1304"/>
                <Baseline points="381,1355 429,1359 477,1361 525,1362 573,1362 621,1362 669,1362 718,1362 766,1361 814,1361 862,1361 910,1361 958,1361 1006,1362 1055,1364 1103,1367 1151,1371 1199,1376 1247,1383 1295,1391 1344,1401"/>
                <TextEquiv>
                    <Unicode>Verlauten laßen, Er habe den Joß ge¬</Unicode>
                </TextEquiv>
            </TextLine>
            <TextLine id="r3l16" custom="readingOrder {index:15;}">
                <Coords points="364,1480 501,1448 607,1488 845,1444 1011,1499 1260,1482 1356,1537 1358,1452 1191,1400 1108,1430 840,1378 713,1408 615,1370 510,1411 368,1377"/>
                <Baseline points="372,1440 420,1442 469,1443 518,1443 567,1443 616,1443 665,1442 714,1440 763,1440 812,1439 861,1439 909,1439 958,1440 1007,1442 1056,1445 1105,1448 1154,1452 1203,1460 1252,1468 1301,1478 1350,1491"/>
                <TextEquiv>
                    <Unicode>estochen, daß er einmahl genug habe.</Unicode>
                </TextEquiv>
            </TextLine>
            <TextLine id="r3l17" custom="readingOrder {index:16;}">
                <Coords points="353,1607 621,1605 690,1641 862,1597 1116,1600 1197,1637 1295,1624 1296,1536 1182,1565 1004,1492 833,1545 648,1517 556,1558 445,1488 354,1510"/>
                <Baseline points="360,1589 406,1590 452,1592 499,1593 545,1593 592,1593 638,1593 685,1593 731,1592 778,1592 824,1592 870,1590 917,1590 963,1592 1010,1592 1056,1593 1103,1596 1149,1598 1196,1602 1242,1608 1289,1614"/>
                <TextEquiv>
                    <Unicode>Der Schlafl; aber bliebe auf¬</Unicode>
                </TextEquiv>
            </TextLine>
            <TextLine id="r3l18" custom="readingOrder {index:17;}">
                <Coords points="368,1679 524,1679 605,1728 787,1673 933,1685 988,1729 1159,1686 1333,1715 1334,1670 1023,1601 689,1641 621,1605 529,1629 370,1604"/>
                <Baseline points="375,1662 422,1664 470,1665 517,1667 565,1667 612,1667 660,1668 707,1668 755,1668 802,1668 850,1668 898,1669 945,1670 993,1671 1040,1673 1088,1676 1135,1678 1183,1682 1230,1686 1278,1692 1326,1698"/>
                <TextEquiv>
                    <Unicode>seiner Außahg und wolte sich hieran</Unicode>
                </TextEquiv>
            </TextLine>
            <TextLine id="r3l19" custom="readingOrder {index:18;}">
                <Coords points="373,1750 510,1795 623,1748 807,1772 808,1743 744,1729 727,1709 625,1733 561,1718 532,1691 514,1701 482,1676 398,1706 376,1698"/>
                <Baseline points="381,1739 407,1740 433,1742 459,1742 486,1743 512,1743 538,1745 564,1745 591,1746 617,1748 643,1749 669,1750 696,1752 722,1753 748,1755 774,1757 801,1760"/>
                <TextEquiv>
                    <Unicode>nicht Errinneren.</Unicode>
                </TextEquiv>
            </TextLine>
            <TextLine id="r3l20" custom="readingOrder {index:19;}">
                <Coords points="398,1879 490,1904 565,1877 609,1898 772,1876 865,1923 941,1892 1146,1915 1148,1800 781,1785 580,1814 521,1790 399,1825"/>
                <Baseline points="405,1869 441,1871 478,1871 515,1872 552,1872 588,1872 625,1872 662,1872 699,1872 735,1872 772,1872 809,1872 846,1874 882,1874 919,1874 956,1875 993,1877 1029,1878 1066,1880 1103,1882 1140,1884"/>
                <TextEquiv>
                    <Unicode>Abgelesen und bestätiget</Unicode>
                </TextEquiv>
            </TextLine>
            <TextLine id="r3l21" custom="readingOrder {index:20;}">
                <Coords points="349,2054 861,2011 1088,2067 1137,2038 1310,2040 1310,1978 1087,1930 812,1936 666,1975 568,1940 471,2015 349,2013"/>
                <Baseline points="356,2030 403,2030 450,2028 498,2028 545,2027 593,2025 640,2024 687,2022 735,2022 782,2021 830,2019 877,2019 924,2018 972,2018 1019,2019 1067,2019 1114,2021 1161,2024 1209,2027 1256,2031 1304,2034"/>
                <TextEquiv>
                    <Unicode>rictum Orth und Tags Vor¬</Unicode>
                </TextEquiv>
            </TextLine>
            <TextLine id="r3l22" custom="readingOrder {index:21;}">
                <Coords points="354,2113 403,2105 500,2126 590,2103 630,2134 672,2108 746,2105 748,2041 724,2040 656,2078 602,2025 563,2046 526,2036 483,2061 447,2037 355,2056"/>
                <Baseline points="360,2105 385,2102 410,2100 436,2100 461,2100 486,2100 512,2101 537,2103 562,2104 588,2106 613,2108 638,2108 664,2109 689,2109 714,2109 740,2109"/>
                <TextEquiv>
                    <Unicode>bemeldt.</Unicode>
                </TextEquiv>
            </TextLine>
            <TextEquiv>
                <Unicode>fo
Examen und Confiontation
mit Sthlafli und Gofer
Ober nicht gestehen mueße, dießes ger¬
redet zu haben:
Das könne er gar nicht eingestehen
möge sich auch nicht weiters besiennen, Als¬
daß Er der Tofer gesagt, Er habe den Joß¬
gestochen.
Dierpnt bürde der Schlafli gegen
die Pofer confiontirt.
Die Dotep Erhielte dem Inquisitin
unter Augen, daß nach Verrichteter That
Als er büder zu ihr gekommen, Er sich
Verlauten laßen, Er habe den Joß ge¬
estochen, daß er einmahl genug habe.
Der Schlafl; aber bliebe auf¬
seiner Außahg und wolte sich hieran
nicht Errinneren.
Abgelesen und bestätiget
rictum Orth und Tags Vor¬
bemeldt.</Unicode>
            </TextEquiv>
        </TextRegion>
        <TextRegion orientation="0.0" id="r4" custom="readingOrder {index:3;}">
            <Coords points="1593,710 1593,863 1626,863 1626,710"/>
            <TextLine id="r4l1" custom="readingOrder {index:0;}">
                <Coords points="1588,824 1594,824 1595,822 1598,825 1603,823 1609,828 1619,829 1622,825 1634,828 1629,775 1623,776 1612,785 1601,778 1591,790 1584,790"/>
                <Baseline points="1593,813 1626,810"/>
                <TextEquiv>
                    <Unicode></Unicode>
                </TextEquiv>
            </TextLine>
            <TextEquiv>
                <Unicode></Unicode>
            </TextEquiv>
        </TextRegion>
        <TextRegion orientation="0.0" id="r5" custom="readingOrder {index:4;}">
            <Coords points="1655,397 1655,3393 2720,3393 2720,397"/>
            <TextLine id="r5l1" custom="readingOrder {index:0;}">
                <Coords points="1845,492 1907,489 1975,445 2044,455 2066,438 2135,457 2191,456 2238,433 2287,441 2285,334 2230,329 2186,361 2145,356 2111,329 2017,406 1929,372 1877,400 1841,387"/>
                <Baseline points="1850,449 1875,445 1900,441 1926,439 1951,437 1977,435 2002,435 2027,434 2053,432 2078,432 2104,432 2129,431 2154,431 2180,431 2205,431 2231,429 2256,429 2282,428"/>
                <TextEquiv>
                    <Unicode>EXrtheill.</Unicode>
                </TextEquiv>
            </TextLine>
            <TextLine id="r5l2" custom="readingOrder {index:1;}">
                <Coords points="1680,547 1688,547 1690,545 1701,551 1712,549 1703,492 1696,493 1691,490 1688,493 1682,490 1670,492"/>
                <Baseline points="1685,539 1703,536"/>
                <TextEquiv>
                    <Unicode>B</Unicode>
                </TextEquiv>
            </TextLine>
            <TextLine id="r5l3" custom="readingOrder {index:2;} person {offset:0; length:17;}">
                <Coords points="1673,600 2092,585 2143,619 2266,563 2615,569 2681,552 2677,467 2549,524 2487,475 2311,497 2244,461 2181,508 2138,487 2077,518 1964,478 1670,548"/>
                <Baseline points="1679,591 1728,588 1778,585 1828,582 1878,580 1928,578 1977,575 2027,572 2077,570 2127,567 2177,566 2226,563 2276,561 2326,559 2376,557 2426,555 2475,552 2525,551 2575,549 2625,546 2675,545"/>
                <TextEquiv>
                    <Unicode>Jendich Schlaffis, vorbemelde</Unicode>
                </TextEquiv>
            </TextLine>
            <TextLine id="r5l4" custom="readingOrder {index:3;}">
                <Coords points="1698,810 1800,772 1927,796 2183,769 2219,795 2266,765 2670,765 2695,658 2618,711 2505,672 2284,705 2092,669 1912,722 1793,668 1696,722"/>
                <Baseline points="1703,774 1752,771 1801,770 1851,768 1900,766 1949,765 1999,764 2048,762 2097,761 2147,760 2196,759 2245,758 2295,758 2344,756 2393,755 2443,754 2492,753 2541,751 2591,749 2640,746 2690,744"/>
                <TextEquiv>
                    <Unicode>R Schultheiß Rathund</Unicode>
                </TextEquiv>
            </TextLine>
            <TextLine id="r5l5" custom="readingOrder {index:4;}">
                <Coords points="1694,872 1831,870 1915,829 2087,863 2699,828 2725,770 2515,755 2432,793 2332,760 2193,811 2088,765 1934,804 1801,773 1692,813"/>
                <Baseline points="1700,854 1751,851 1802,847 1853,843 1904,840 1955,838 2006,836 2057,833 2108,832 2159,830 2210,830 2261,828 2312,827 2363,827 2414,826 2465,825 2516,824 2567,824 2618,824 2669,822 2720,822"/>
                <TextEquiv>
                    <Unicode>Bürger der Stall und Reopublichern</Unicode>
                </TextEquiv>
            </TextLine>
            <TextLine id="r5l6" custom="readingOrder {index:5;}">
                <Coords points="1661,929 2369,891 2506,924 2666,894 2664,825 2526,857 2473,827 2212,864 2123,841 2069,883 1970,852 1659,879"/>
                <Baseline points="1667,920 1716,917 1766,914 1815,912 1865,909 1915,908 1964,906 2014,903 2064,902 2113,900 2163,898 2213,896 2262,894 2312,893 2362,893 2411,891 2461,890 2511,890 2560,889 2610,888 2660,888"/>
                <TextEquiv>
                    <Unicode>Urkunden hiermit: Als dan Nir heute</Unicode>
                </TextEquiv>
            </TextLine>
            <TextLine id="r5l7" custom="readingOrder {index:6;}">
                <Coords points="1663,991 1858,978 1935,1009 1984,975 2169,985 2222,953 2642,927 2522,892 2443,929 2353,892 2206,921 2127,894 2013,941 1830,912 1661,929"/>
                <Baseline points="1670,983 1718,979 1766,977 1814,974 1863,970 1911,968 1959,966 2008,963 2056,962 2104,960 2153,957 2201,956 2249,954 2297,953 2346,951 2394,950 2442,947 2491,945 2539,942 2587,939 2636,936"/>
                <TextEquiv>
                    <Unicode>bey Eyden versamket Unß Vortragen laßen</Unicode>
                </TextEquiv>
            </TextLine>
            <TextLine id="r5l8" custom="readingOrder {index:7;} person {offset:25; length:11; continued:true;}">
                <Coords points="1652,1063 2566,1016 2599,1012 2596,952 2297,957 2187,1000 2065,967 1884,1018 1794,981 1740,1015 1649,1005"/>
                <Baseline points="1658,1052 1704,1049 1751,1046 1797,1044 1844,1042 1891,1040 1937,1038 1984,1035 2031,1034 2077,1031 2124,1029 2171,1026 2217,1025 2264,1022 2311,1019 2357,1017 2404,1015 2451,1011 2497,1008 2544,1005 2591,1001"/>
                <TextEquiv>
                    <Unicode>die Criminal- Procedur deß Berisicht</Unicode>
                </TextEquiv>
            </TextLine>
            <TextLine id="r5l9" custom="readingOrder {index:8;} person {offset:0; length:5; continued:true;} place {offset:11; length:6;} place {offset:25; length:9;}">
                <Coords points="1659,1154 1797,1167 1911,1109 2104,1133 2327,1084 2525,1127 2627,1072 2623,1005 2564,1041 2412,1014 2188,1063 2078,1036 1731,1049 1657,1097"/>
                <Baseline points="1665,1122 1712,1119 1760,1116 1808,1114 1856,1110 1904,1107 1951,1105 1999,1101 2047,1099 2095,1097 2143,1094 2190,1092 2238,1089 2286,1088 2334,1085 2382,1083 2429,1082 2477,1081 2525,1080 2573,1079 2621,1079"/>
                <TextEquiv>
                    <Unicode>Schläfl; von Lißach, Ambts Burgdorff</Unicode>
                </TextEquiv>
            </TextLine>
            <TextLine id="r5l10" custom="readingOrder {index:9;}">
                <Coords points="1650,1207 2099,1202 2221,1161 2389,1184 2440,1145 2672,1166 2684,1066 2525,1127 2379,1097 2291,1130 2225,1090 2103,1133 2045,1108 1996,1146 1911,1112 1797,1167 1648,1165"/>
                <Baseline points="1655,1190 1706,1188 1757,1186 1808,1183 1860,1181 1911,1178 1962,1175 2014,1171 2065,1167 2116,1164 2168,1160 2219,1157 2270,1155 2321,1152 2373,1150 2424,1148 2475,1146 2527,1146 2578,1146 2629,1147 2681,1149"/>
                <TextEquiv>
                    <Unicode>daraus Mir höchstmiß fällig ersehen und Ver¬</Unicode>
                </TextEquiv>
            </TextLine>
            <TextLine id="r5l11" custom="readingOrder {index:10;} person {offset:32; length:10; continued:true;}">
                <Coords points="1649,1260 2231,1226 2313,1250 2466,1212 2660,1234 2694,1224 2691,1159 2456,1148 2308,1202 2234,1162 2099,1202 1935,1170 1825,1229 1646,1201"/>
                <Baseline points="1655,1253 1706,1251 1758,1249 1809,1247 1861,1245 1913,1242 1964,1239 2016,1236 2067,1233 2119,1230 2171,1227 2222,1224 2274,1221 2325,1218 2377,1217 2429,1214 2480,1213 2532,1212 2583,1211 2635,1211 2687,1211"/>
                <TextEquiv>
                    <Unicode>nnomen Welcher gestalten gesagten Bersicht</Unicode>
                </TextEquiv>
            </TextLine>
            <TextLine id="r5l12" custom="readingOrder {index:11;} person {offset:0; length:6; continued:true;} person {offset:12; length:12;} place {offset:29; length:10;}">
                <Coords points="1661,1332 1828,1347 1882,1313 2138,1299 2285,1336 2456,1271 2509,1302 2545,1272 2698,1297 2695,1242 2548,1213 2309,1251 2233,1225 2180,1260 2041,1234 1959,1275 1849,1240 1657,1261"/>
                <Baseline points="1667,1317 1718,1317 1769,1316 1820,1314 1871,1312 1922,1310 1973,1307 2025,1304 2076,1301 2127,1298 2178,1293 2229,1290 2280,1287 2331,1284 2383,1281 2434,1278 2485,1275 2536,1272 2587,1271 2638,1269 2690,1268"/>
                <TextEquiv>
                    <Unicode>Schläfli, den Bendicht Joß von Pötschigen,</Unicode>
                </TextEquiv>
            </TextLine>
            <TextLine id="r5l13" custom="readingOrder {index:12;} place {offset:18; length:9;}">
                <Coords points="1653,1407 2669,1354 2670,1280 2508,1302 2454,1276 2363,1332 2130,1300 1946,1344 1882,1313 1828,1347 1650,1347"/>
                <Baseline points="1659,1386 1709,1385 1759,1383 1810,1381 1860,1379 1910,1376 1961,1373 2011,1370 2061,1367 2112,1363 2162,1361 2212,1357 2263,1355 2313,1352 2363,1349 2414,1347 2464,1345 2514,1344 2565,1343 2615,1343 2666,1343"/>
                <TextEquiv>
                    <Unicode>aus der Herrschafft Munzingen, Abender der</Unicode>
                </TextEquiv>
            </TextLine>
            <TextLine id="r5l14" custom="readingOrder {index:13;}">
                <Coords points="1649,1455 1739,1478 1810,1443 2343,1424 2595,1453 2694,1412 2692,1351 2421,1362 2382,1397 2185,1361 2113,1409 2044,1376 1937,1416 1647,1404"/>
                <Baseline points="1656,1452 1707,1448 1759,1444 1810,1440 1862,1437 1913,1434 1965,1432 2016,1430 2068,1428 2119,1427 2171,1424 2223,1423 2274,1422 2326,1420 2377,1419 2429,1417 2480,1415 2532,1412 2583,1410 2635,1407 2687,1403"/>
                <TextEquiv>
                    <Unicode>3. abgeleichenen Monaths Becembris, ohnbeith</Unicode>
                </TextEquiv>
            </TextLine>
            <TextLine id="r5l15" custom="readingOrder {index:14;}">
                <Coords points="1659,1538 1747,1561 1935,1503 1990,1534 2087,1487 2728,1502 2725,1416 2686,1411 2575,1452 2345,1423 2273,1457 2173,1424 2112,1468 1989,1436 1657,1461"/>
                <Baseline points="1665,1515 1717,1512 1770,1508 1823,1505 1876,1501 1928,1497 1981,1494 2034,1492 2087,1490 2139,1487 2192,1485 2245,1483 2298,1481 2350,1481 2403,1479 2456,1479 2509,1479 2561,1479 2614,1481 2667,1482 2720,1484"/>
                <TextEquiv>
                    <Unicode>der Papyr Mühl; mit einem Sack Meßer Ver¬</Unicode>
                </TextEquiv>
            </TextLine>
            <TextLine id="r5l16" custom="readingOrder {index:15;}">
                <Coords points="1661,1587 2456,1548 2531,1582 2674,1553 2671,1490 2612,1480 2514,1517 2460,1484 2333,1532 2220,1494 1993,1532 1876,1508 1748,1561 1659,1539"/>
                <Baseline points="1667,1575 1717,1575 1767,1574 1817,1572 1867,1571 1917,1569 1967,1566 2017,1565 2067,1561 2117,1559 2167,1556 2217,1553 2267,1550 2317,1548 2367,1547 2417,1545 2467,1545 2517,1545 2567,1545 2617,1547 2667,1550"/>
                <TextEquiv>
                    <Unicode>wündet, daß derselbe Morgens darauf an</Unicode>
                </TextEquiv>
            </TextLine>
            <TextLine id="r5l17" custom="readingOrder {index:16;}">
                <Coords points="1664,1669 2666,1636 2693,1599 2463,1546 2289,1591 2124,1561 2033,1612 1890,1575 1843,1613 1661,1592"/>
                <Baseline points="1670,1643 1720,1644 1771,1644 1822,1644 1873,1643 1924,1641 1975,1638 2025,1637 2076,1634 2127,1631 2178,1629 2229,1626 2280,1623 2331,1622 2381,1619 2432,1619 2483,1617 2534,1617 2585,1619 2636,1620 2687,1622"/>
                <TextEquiv>
                    <Unicode>der Empfängenin Wunden sein Leben ein,</Unicode>
                </TextEquiv>
            </TextLine>
            <TextLine id="r5l18" custom="readingOrder {index:17;}">
                <Coords points="1663,1730 1709,1715 1753,1729 1781,1713 1817,1729 1867,1717 1942,1742 2000,1723 2108,1719 2108,1684 2054,1687 2012,1652 1951,1690 1877,1689 1849,1670 1757,1683 1701,1660 1663,1671"/>
                <Baseline points="1670,1715 1695,1715 1720,1715 1746,1713 1771,1713 1797,1713 1822,1713 1847,1713 1873,1712 1898,1712 1924,1712 1949,1712 1974,1712 2000,1711 2025,1710 2051,1710 2076,1710 2102,1709"/>
                <TextEquiv>
                    <Unicode>bueßen messen.</Unicode>
                </TextEquiv>
            </TextLine>
            <TextLine id="r5l19" custom="readingOrder {index:18;}">
                <Coords points="1649,1825 2687,1801 2701,1722 2537,1775 2382,1730 2207,1762 2142,1731 2062,1782 1918,1723 1647,1755"/>
                <Baseline points="1655,1811 1707,1809 1759,1809 1811,1808 1863,1806 1915,1805 1967,1804 2019,1803 2071,1802 2123,1800 2175,1799 2227,1797 2279,1797 2331,1796 2383,1794 2435,1794 2487,1793 2539,1793 2591,1791 2643,1791 2696,1790"/>
                <TextEquiv>
                    <Unicode>Wan Wir aber aus demen aufgenommen In¬</Unicode>
                </TextEquiv>
            </TextLine>
            <TextLine id="r5l20" custom="readingOrder {index:19;}">
                <Coords points="1667,1895 1911,1871 1961,1909 2023,1863 2066,1888 2188,1861 2293,1888 2471,1860 2503,1889 2580,1855 2687,1870 2686,1815 2444,1794 2280,1841 2226,1808 2002,1818 1954,1851 1856,1823 1666,1840"/>
                <Baseline points="1674,1869 1724,1871 1774,1871 1825,1869 1875,1869 1925,1869 1976,1868 2026,1866 2076,1865 2127,1863 2177,1862 2227,1860 2278,1859 2328,1857 2378,1856 2429,1854 2479,1853 2529,1851 2580,1851 2630,1850 2681,1848"/>
                <TextEquiv>
                    <Unicode>formationin, sowohl, als insonderheits aus</Unicode>
                </TextEquiv>
            </TextLine>
            <TextLine id="r5l21" custom="readingOrder {index:20;}">
                <Coords points="1664,1950 2686,1924 2684,1869 2632,1860 2533,1901 2472,1862 2179,1901 2050,1880 1973,1914 1918,1877 1662,1888"/>
                <Baseline points="1671,1938 1721,1938 1771,1938 1822,1938 1872,1938 1922,1938 1973,1937 2023,1937 2073,1936 2124,1935 2174,1934 2224,1932 2275,1931 2325,1929 2375,1928 2426,1925 2476,1922 2526,1919 2577,1916 2627,1911 2678,1907"/>
                <TextEquiv>
                    <Unicode>denen mit dem Retinguenten gehaltenen Ex¬</Unicode>
                </TextEquiv>
            </TextLine>
            <TextLine id="r5l22" custom="readingOrder {index:21;} person {offset:38; length:1; continued:true;}">
                <Coords points="1661,2021 2574,2002 2640,1980 2639,1922 1660,1977"/>
                <Baseline points="1667,2006 1715,2004 1763,2004 1811,2003 1860,2003 1908,2001 1956,2001 2005,2001 2053,2000 2101,2000 2150,1998 2198,1998 2246,1997 2294,1996 2343,1995 2391,1993 2439,1992 2488,1989 2536,1988 2584,1984 2633,1982"/>
                <TextEquiv>
                    <Unicode>raminibus verstanden, daß, Obwohlen der</Unicode>
                </TextEquiv>
            </TextLine>
            <TextLine id="r5l23" custom="readingOrder {index:22;} person {offset:0; length:14; continued:true;}">
                <Coords points="1670,2092 1879,2062 2000,2091 2163,2068 2198,2095 2628,2070 2670,2053 2669,1998 2220,2022 2074,1997 1962,2030 1895,2003 1669,2051"/>
                <Baseline points="1676,2072 1725,2071 1774,2069 1824,2069 1873,2067 1922,2067 1972,2067 2021,2067 2070,2067 2120,2067 2169,2067 2218,2066 2268,2066 2317,2064 2366,2063 2416,2060 2465,2058 2514,2054 2564,2051 2613,2045 2663,2039"/>
                <TextEquiv>
                    <Unicode>Sndicht Schläfti der Tpäter, denoch aber</Unicode>
                </TextEquiv>
            </TextLine>
            <TextLine id="r5l24" custom="readingOrder {index:23;}">
                <Coords points="1667,2142 1967,2130 2064,2170 2141,2131 2382,2125 2426,2156 2481,2121 2688,2109 2687,2073 2577,2051 2411,2089 1666,2089"/>
                <Baseline points="1674,2133 1724,2132 1774,2130 1825,2129 1875,2129 1925,2127 1976,2126 2026,2126 2076,2124 2127,2123 2177,2122 2227,2121 2278,2120 2328,2118 2378,2117 2429,2115 2479,2113 2529,2111 2580,2108 2630,2105 2681,2102"/>
                <TextEquiv>
                    <Unicode>weder vor,noch bey Außnebung deß beyge¬</Unicode>
                </TextEquiv>
            </TextLine>
            <TextLine id="r5l25" custom="readingOrder {index:24;}">
                <Coords points="1655,2196 1760,2221 1861,2190 1977,2225 2085,2190 2445,2204 2688,2172 2686,2113 2654,2106 2430,2160 2294,2122 2223,2154 2141,2130 2071,2171 1937,2130 1654,2157"/>
                <Baseline points="1662,2199 1715,2197 1769,2195 1822,2193 1876,2192 1930,2192 1983,2190 2037,2189 2091,2187 2144,2187 2198,2186 2251,2184 2305,2183 2359,2180 2412,2179 2466,2176 2520,2173 2573,2171 2627,2168 2681,2163"/>
                <TextEquiv>
                    <Unicode>obrachten Todtlichen Sticht, mit dem Entleibten</Unicode>
                </TextEquiv>
            </TextLine>
            <TextLine id="r5l26" custom="readingOrder {index:25;}">
                <Coords points="1649,2294 1965,2248 2638,2263 2700,2246 2700,2209 2088,2189 1934,2236 1870,2194 1647,2209"/>
                <Baseline points="1655,2261 1706,2259 1758,2258 1810,2256 1862,2253 1914,2252 1966,2250 2018,2249 2070,2247 2122,2246 2174,2244 2225,2244 2277,2243 2329,2241 2381,2240 2433,2238 2485,2238 2537,2237 2589,2235 2641,2235 2693,2234"/>
                <TextEquiv>
                    <Unicode>Joß londer in fendseetiger Gesinnung noch ge¬</Unicode>
                </TextEquiv>
            </TextLine>
            <TextLine id="r5l27" custom="readingOrder {index:26;}">
                <Coords points="1652,2352 1692,2323 1926,2360 2416,2316 2465,2347 2673,2328 2673,2277 2555,2236 2483,2294 2366,2253 2261,2298 1934,2252 1651,2294"/>
                <Baseline points="1658,2321 1708,2319 1758,2319 1809,2319 1859,2319 1910,2319 1960,2319 2010,2318 2061,2318 2111,2318 2162,2316 2212,2316 2262,2315 2313,2315 2363,2313 2414,2312 2464,2312 2514,2310 2565,2309 2615,2309 2666,2307"/>
                <TextEquiv>
                    <Unicode> habtem Worth- Streith gestanden, auch keinen</Unicode>
                </TextEquiv>
            </TextLine>
            <TextLine id="r5l28" custom="readingOrder {index:27;}">
                <Coords points="1660,2401 1919,2424 1993,2385 2206,2429 2261,2394 2400,2412 2460,2382 2569,2411 2690,2385 2690,2318 2555,2362 2420,2315 2351,2353 2286,2322 1904,2365 1789,2327 1660,2341"/>
                <Baseline points="1667,2385 1717,2387 1768,2387 1819,2388 1870,2388 1921,2388 1972,2388 2022,2388 2073,2387 2124,2387 2175,2386 2226,2385 2277,2385 2328,2384 2378,2384 2429,2384 2480,2382 2531,2382 2582,2382 2633,2382 2684,2384"/>
                <TextEquiv>
                    <Unicode>Umbgang noch Bekantschafft mit ihme gehabt.</Unicode>
                </TextEquiv>
            </TextLine>
            <TextLine id="r5l29" custom="readingOrder {index:28;}">
                <Coords points="1700,2465 1809,2449 1975,2491 2074,2461 2637,2458 2623,2393 2342,2416 2269,2393 2216,2436 2055,2439 1776,2386 1699,2403"/>
                <Baseline points="1706,2454 1752,2456 1798,2456 1844,2457 1890,2457 1937,2459 1983,2459 2029,2459 2075,2459 2121,2459 2168,2457 2214,2457 2260,2456 2306,2456 2352,2454 2399,2453 2445,2452 2491,2450 2537,2448 2583,2448 2630,2445"/>
                <TextEquiv>
                    <Unicode>der doß hingegen ihne Schläfl, Rachts</Unicode>
                </TextEquiv>
            </TextLine>
            <TextLine id="r5l30" custom="readingOrder {index:29;}">
                <Coords points="1657,2531 2679,2528 2678,2468 2590,2448 2546,2480 2253,2462 2132,2494 2073,2461 1967,2493 1808,2449 1656,2458"/>
                <Baseline points="1664,2522 1714,2520 1764,2520 1815,2520 1865,2519 1916,2519 1966,2519 2016,2519 2067,2517 2117,2517 2168,2517 2218,2516 2268,2516 2319,2515 2369,2514 2420,2513 2470,2511 2520,2510 2571,2508 2621,2506 2672,2504"/>
                <TextEquiv>
                    <Unicode>den Weg vorgeloßen, und mit Nachberdung</Unicode>
                </TextEquiv>
            </TextLine>
            <TextLine id="r5l31" custom="readingOrder {index:30;}">
                <Coords points="1652,2608 2564,2585 2642,2625 2712,2606 2712,2525 2489,2519 2346,2569 2289,2528 2249,2568 2155,2523 1920,2556 1652,2528"/>
                <Baseline points="1659,2586 1711,2585 1763,2585 1815,2585 1868,2585 1920,2585 1972,2585 2025,2585 2077,2585 2129,2585 2182,2586 2234,2586 2286,2586 2338,2586 2391,2586 2443,2585 2495,2585 2548,2583 2600,2582 2652,2580 2705,2577"/>
                <TextEquiv>
                    <Unicode>Haunsteen angegriffen, darüber der Schläft</Unicode>
                </TextEquiv>
            </TextLine>
            <TextLine id="r5l32" custom="readingOrder {index:31;}">
                <Coords points="1665,2666 1708,2645 1943,2678 2047,2645 2157,2677 2453,2643 2508,2669 2640,2624 2564,2585 2467,2626 2142,2586 2045,2633 1948,2591 1812,2622 1664,2598"/>
                <Baseline points="1671,2646 1719,2646 1767,2648 1815,2648 1863,2648 1911,2648 1959,2648 2008,2648 2056,2648 2104,2648 2152,2646 2200,2646 2248,2645 2296,2645 2345,2643 2393,2643 2441,2642 2489,2642 2537,2642 2585,2640 2634,2640"/>
                <TextEquiv>
                    <Unicode>dennoch geflohen und sich verborgen, der¬</Unicode>
                </TextEquiv>
            </TextLine>
            <TextLine id="r5l33" custom="readingOrder {index:32;}">
                <Coords points="1664,2729 1982,2706 2105,2747 2198,2707 2340,2742 2441,2708 2501,2734 2557,2699 2658,2709 2681,2647 2599,2642 2510,2688 2435,2642 2358,2687 2278,2648 2096,2681 2001,2653 1946,2681 1865,2652 1663,2665"/>
                <Baseline points="1670,2711 1720,2709 1770,2708 1820,2708 1871,2706 1921,2706 1971,2706 2021,2706 2072,2706 2122,2706 2172,2706 2222,2706 2273,2706 2323,2705 2373,2705 2423,2704 2474,2703 2524,2702 2574,2700 2624,2698 2675,2696"/>
                <TextEquiv>
                    <Unicode>Verstorbene aber nach werts auf ihne gekau¬</Unicode>
                </TextEquiv>
            </TextLine>
            <TextLine id="r5l34" custom="readingOrder {index:33;}">
                <Coords points="1661,2785 2668,2786 2676,2729 2609,2711 2469,2752 2365,2724 2289,2759 2190,2708 2099,2757 1985,2707 1660,2733"/>
                <Baseline points="1667,2771 1717,2772 1767,2774 1817,2774 1867,2775 1917,2775 1967,2775 2017,2775 2067,2775 2117,2775 2168,2775 2218,2774 2268,2774 2318,2772 2368,2772 2418,2771 2468,2769 2518,2768 2568,2766 2618,2765 2669,2763"/>
                <TextEquiv>
                    <Unicode>iret, und unter dem Mahn, als wan er nicht</Unicode>
                </TextEquiv>
            </TextLine>
            <TextLine id="r5l35" custom="readingOrder {index:34;}">
                <Coords points="1659,2841 2085,2838 2132,2877 2195,2838 2330,2838 2375,2868 2456,2834 2614,2848 2673,2831 2673,2787 2622,2767 2530,2818 2435,2781 2327,2807 2220,2776 2150,2823 1818,2781 1659,2809"/>
                <Baseline points="1665,2832 1715,2834 1765,2834 1815,2835 1865,2835 1915,2835 1965,2835 2015,2837 2065,2837 2115,2837 2165,2837 2215,2835 2265,2835 2315,2835 2365,2834 2415,2832 2465,2832 2515,2831 2565,2829 2615,2827 2666,2825"/>
                <TextEquiv>
                    <Unicode>mehr zugegen, ihm aufsuchen laßen, und</Unicode>
                </TextEquiv>
            </TextLine>
            <TextLine id="r5l36" custom="readingOrder {index:35;}">
                <Coords points="1656,2910 1967,2932 2090,2894 2429,2901 2468,2933 2553,2897 2610,2913 2610,2833 2375,2867 2199,2837 2132,2877 2083,2845 1655,2856"/>
                <Baseline points="1662,2901 1709,2901 1756,2900 1803,2900 1850,2898 1897,2898 1944,2898 1991,2898 2038,2897 2085,2897 2132,2897 2179,2897 2226,2897 2273,2897 2320,2897 2367,2897 2414,2895 2461,2895 2508,2895 2555,2895 2603,2895"/>
                <TextEquiv>
                    <Unicode>da er Schläft, nichts weiters Vermuthete,</Unicode>
                </TextEquiv>
            </TextLine>
            <TextLine id="r5l37" custom="readingOrder {index:36;}">
                <Coords points="1655,2970 1841,2997 2010,2973 2103,3010 2360,2960 2664,2980 2663,2915 2630,2906 2548,2932 2347,2899 2182,2899 2114,2934 2032,2912 1991,2942 1915,2905 1801,2942 1655,2929"/>
                <Baseline points="1661,2966 1710,2966 1760,2965 1810,2964 1860,2964 1910,2964 1959,2963 2009,2963 2059,2963 2109,2961 2159,2961 2208,2961 2258,2961 2308,2960 2358,2960 2408,2960 2457,2958 2507,2958 2557,2957 2607,2957 2657,2955"/>
                <TextEquiv>
                    <Unicode>wieder auf ihne zugeEilet, und Obbohlen Er¬</Unicode>
                </TextEquiv>
            </TextLine>
            <TextLine id="r5l38" custom="readingOrder {index:37;}">
                <Coords points="1661,3029 2249,3061 2448,3025 2500,3061 2551,3025 2660,3040 2685,2994 2421,2962 2164,3009 1926,2972 1661,3002"/>
                <Baseline points="1668,3026 1718,3029 1769,3030 1819,3032 1870,3032 1920,3032 1971,3032 2021,3032 2072,3032 2122,3031 2173,3030 2224,3029 2274,3029 2325,3027 2375,3026 2426,3026 2476,3024 2527,3024 2577,3024 2628,3024 2679,3024"/>
                <TextEquiv>
                    <Unicode>nochmahls die Flucht ergrieffen, dennoch von</Unicode>
                </TextEquiv>
            </TextLine>
            <TextLine id="r5l39" custom="readingOrder {index:38;}">
                <Coords points="1648,3120 2262,3097 2581,3132 2662,3104 2650,3037 2500,3061 2435,3024 2303,3079 2219,3038 2154,3061 1972,3033 1879,3073 1648,3032"/>
                <Baseline points="1655,3098 1705,3096 1755,3095 1805,3095 1855,3093 1905,3093 1955,3093 2005,3093 2055,3093 2105,3093 2155,3093 2205,3093 2255,3093 2305,3095 2355,3095 2405,3095 2455,3096 2505,3096 2555,3096 2605,3096 2655,3096"/>
                <TextEquiv>
                    <Unicode>dem Joß auf das hefftigste nachgesetzet, also</Unicode>
                </TextEquiv>
            </TextLine>
            <TextLine id="r5l40" custom="readingOrder {index:39;}">
                <Coords points="1662,3179 2252,3156 2393,3191 2427,3160 2616,3167 2616,3136 2295,3108 2149,3138 2100,3108 2013,3138 1898,3100 1788,3135 1697,3098 1661,3122"/>
                <Baseline points="1668,3164 1715,3161 1762,3159 1809,3158 1856,3156 1903,3156 1950,3155 1997,3155 2044,3155 2091,3155 2138,3156 2185,3156 2232,3156 2279,3156 2326,3156 2373,3156 2420,3156 2467,3156 2514,3155 2561,3153 2609,3152"/>
                <TextEquiv>
                    <Unicode>daß derselbe ihne über einen Taag einen¬</Unicode>
                </TextEquiv>
            </TextLine>
            <TextLine id="r5l41" custom="readingOrder {index:40;}">
                <Coords points="1654,3243 2635,3232 2635,3188 2551,3155 2502,3190 2247,3157 1655,3181"/>
                <Baseline points="1661,3222 1709,3222 1757,3221 1806,3219 1854,3219 1902,3219 1951,3219 1999,3220 2047,3221 2096,3221 2144,3222 2192,3222 2241,3223 2289,3224 2337,3224 2386,3224 2434,3225 2482,3225 2531,3224 2579,3224 2628,3222"/>
                <TextEquiv>
                    <Unicode>zumblichen Schrack verfolget und endtlich</Unicode>
                </TextEquiv>
            </TextLine>
            <TextLine id="r5l42" custom="readingOrder {index:41;}">
                <Coords points="1659,3323 1925,3293 2496,3336 2655,3306 2656,3246 1660,3241"/>
                <Baseline points="1667,3291 1716,3287 1765,3285 1814,3284 1863,3284 1912,3282 1961,3282 2010,3284 2059,3284 2108,3285 2158,3287 2207,3287 2256,3288 2305,3290 2354,3291 2403,3293 2452,3293 2501,3293 2550,3293 2599,3293 2649,3293"/>
                <TextEquiv>
                    <Unicode>erreichet an einem Orth, Allloo Er Schläfl;</Unicode>
                </TextEquiv>
            </TextLine>
            <TextLine id="r5l43" custom="readingOrder {index:42;}">
                <Coords points="2464,3420 2491,3419 2539,3405 2561,3415 2576,3405 2581,3409 2601,3401 2602,3319 2585,3320 2560,3338 2548,3336 2532,3322 2515,3331 2508,3328 2502,3335 2490,3332 2482,3340 2466,3335"/>
                <Baseline points="2472,3377 2502,3375 2533,3377 2564,3378 2595,3377"/>
                <TextEquiv>
                    <Unicode>gantz</Unicode>
                </TextEquiv>
            </TextLine>
            <TextEquiv>
                <Unicode>EXrtheill.
B
Jendich Schlaffis, vorbemelde
R Schultheiß Rathund
Bürger der Stall und Reopublichern
Urkunden hiermit: Als dan Nir heute
bey Eyden versamket Unß Vortragen laßen
die Criminal- Procedur deß Berisicht
Schläfl; von Lißach, Ambts Burgdorff
daraus Mir höchstmiß fällig ersehen und Ver¬
nnomen Welcher gestalten gesagten Bersicht
Schläfli, den Bendicht Joß von Pötschigen,
aus der Herrschafft Munzingen, Abender der
3. abgeleichenen Monaths Becembris, ohnbeith
der Papyr Mühl; mit einem Sack Meßer Ver¬
wündet, daß derselbe Morgens darauf an
der Empfängenin Wunden sein Leben ein,
bueßen messen.
Wan Wir aber aus demen aufgenommen In¬
formationin, sowohl, als insonderheits aus
denen mit dem Retinguenten gehaltenen Ex¬
raminibus verstanden, daß, Obwohlen der
Sndicht Schläfti der Tpäter, denoch aber
weder vor,noch bey Außnebung deß beyge¬
obrachten Todtlichen Sticht, mit dem Entleibten
Joß londer in fendseetiger Gesinnung noch ge¬
 habtem Worth- Streith gestanden, auch keinen
Umbgang noch Bekantschafft mit ihme gehabt.
der doß hingegen ihne Schläfl, Rachts
den Weg vorgeloßen, und mit Nachberdung
Haunsteen angegriffen, darüber der Schläft
dennoch geflohen und sich verborgen, der¬
Verstorbene aber nach werts auf ihne gekau¬
iret, und unter dem Mahn, als wan er nicht
mehr zugegen, ihm aufsuchen laßen, und
da er Schläft, nichts weiters Vermuthete,
wieder auf ihne zugeEilet, und Obbohlen Er¬
nochmahls die Flucht ergrieffen, dennoch von
dem Joß auf das hefftigste nachgesetzet, also
daß derselbe ihne über einen Taag einen¬
zumblichen Schrack verfolget und endtlich
erreichet an einem Orth, Allloo Er Schläfl;
gantz</Unicode>
            </TextEquiv>
        </TextRegion>
        <TextRegion orientation="0.0" id="r6" custom="readingOrder {index:5;}">
            <Coords points="2688,209 2688,362 2751,362 2751,209"/>
            <TextLine id="r6l1" custom="readingOrder {index:0;}">
                <Coords points="2682,346 2692,344 2702,350 2727,335 2732,335 2745,346 2757,346 2757,259 2748,261 2733,256 2714,259 2690,277 2682,277"/>
                <Baseline points="2688,312 2719,309 2751,312"/>
                <TextEquiv>
                    <Unicode>63</Unicode>
                </TextEquiv>
            </TextLine>
            <TextEquiv>
                <Unicode>63</Unicode>
            </TextEquiv>
        </TextRegion>
    </Page>
</PcGts>
