<?xml version="1.0" encoding="UTF-8" standalone="yes"?>
<PcGts xmlns="http://schema.primaresearch.org/PAGE/gts/pagecontent/2013-07-15" xmlns:xsi="http://www.w3.org/2001/XMLSchema-instance" xsi:schemaLocation="http://schema.primaresearch.org/PAGE/gts/pagecontent/2013-07-15 http://schema.primaresearch.org/PAGE/gts/pagecontent/2013-07-15/pagecontent.xsd">
    <Metadata>
        <Creator>prov=University of Rostock/Institute of Mathematics/CITlab|PLANET AI GmbH/Gundram Leifert/gundram.leifert@planet-ai.de:name=Transkribus German Kurrent M2(htr_id=29820)::::v=2.6.7
prov=University of Rostock/Institute of Mathematics/CITlab|PLANET AI GmbH/Tobias Gruening/tobias.gruening@planet-ai.de:name=de.uros.citlab.module.baseline2polygon.B2PSeamMultiOriented:v=2.6.7
prov=University of Rostock/Institute of Mathematics/CITlab|PLANET AI GmbH/Tobias Gruening/tobias.gruening@planet-ai.de:name=/net_tf/LA73_249_0mod360.pb:de.uros.citlab.segmentation.CITlab_LA_ML:v=2.6.7
Transkribus</Creator>
        <Created>2022-05-02T15:42:00.926+02:00</Created>
        <LastChange>2022-09-12T15:33:36.293+02:00</LastChange>
        <TranskribusMetadata docId="1334851" pageId="52363154" pageNr="111" tsid="114645088" status="IN_PROGRESS" userId="9570" imgUrl="https://files.transkribus.eu/Get?id=IBMFRGRKENWYOGGPUJWOBSSS&amp;fileType=view" xmlUrl="https://files.transkribus.eu/Get?id=HPCHPXGIFAKINJYMTXSHVPRD" imageId="30691608"/>
    </Metadata>
    <Page imageFilename="IMG_7113.jpg" imageWidth="3024" imageHeight="4032">
        <ReadingOrder>
            <OrderedGroup id="ro_1687513621537" caption="Regions reading order">
                <RegionRefIndexed index="0" regionRef="r1"/>
                <RegionRefIndexed index="1" regionRef="r2"/>
                <RegionRefIndexed index="2" regionRef="r3"/>
                <RegionRefIndexed index="3" regionRef="r4"/>
            </OrderedGroup>
        </ReadingOrder>
        <TextRegion orientation="0.0" id="r1" custom="readingOrder {index:0;}">
            <Coords points="306,2194 306,2998 390,2998 390,2194"/>
            <TextLine id="r1l1" custom="readingOrder {index:0;}">
                <Coords points="328,2323 377,2321 402,2303 382,2200 373,2202 358,2197 352,2206 337,2214 325,2232 311,2236"/>
                <Baseline points="329,2288 359,2282 389,2276"/>
                <TextEquiv>
                    <Unicode>2.</Unicode>
                </TextEquiv>
            </TextLine>
            <TextLine id="r1l2" custom="readingOrder {index:1;}">
                <Coords points="304,2575 323,2571 339,2575 371,2550 398,2558 400,2452 358,2452 344,2461 327,2463 320,2471 306,2470"/>
                <Baseline points="312,2543 338,2541 364,2543 390,2543"/>
                <TextEquiv>
                    <Unicode>c.</Unicode>
                </TextEquiv>
            </TextLine>
            <TextLine id="r1l3" custom="readingOrder {index:2;}">
                <Coords points="311,2814 326,2813 339,2801 349,2802 355,2798 361,2802 369,2792 377,2792 369,2706 355,2706 350,2702 331,2718 321,2717 310,2723 302,2723"/>
                <Baseline points="317,2795 343,2790 369,2790"/>
                <TextEquiv>
                    <Unicode>.</Unicode>
                </TextEquiv>
            </TextLine>
            <TextLine id="r1l4" custom="readingOrder {index:3;}">
                <Coords points="299,2984 314,2983 320,2987 332,2981 336,2986 345,2984 348,2987 359,2983 372,2969 383,2971 383,2908 368,2906 344,2890 318,2908 299,2906"/>
                <Baseline points="306,2957 340,2957 375,2957"/>
                <TextEquiv>
                    <Unicode>.</Unicode>
                </TextEquiv>
            </TextLine>
            <TextEquiv>
                <Unicode>2.
c.
.
.</Unicode>
            </TextEquiv>
        </TextRegion>
        <TextRegion orientation="0.0" id="r2" custom="readingOrder {index:1;}">
            <Coords points="396,373 396,526 498,526 498,373"/>
            <TextLine id="r2l1" custom="readingOrder {index:0;}">
                <Coords points="390,519 416,509 431,510 448,496 466,498 482,488 506,494 505,428 496,428 479,415 461,420 456,417 443,429 428,428 416,421 388,426"/>
                <Baseline points="396,474 421,476 447,475 472,473 498,474"/>
                <TextEquiv>
                    <Unicode>16.</Unicode>
                </TextEquiv>
            </TextLine>
            <TextEquiv>
                <Unicode>16.</Unicode>
            </TextEquiv>
        </TextRegion>
        <TextRegion orientation="0.0" id="r3" custom="readingOrder {index:2;}">
            <Coords points="405,585 405,3377 1497,3377 1497,585"/>
            <TextLine id="r3l1" custom="readingOrder {index:0;}">
                <Coords points="508,676 907,636 943,666 1361,650 1497,688 1498,631 1296,569 1199,601 972,539 510,589"/>
                <Baseline points="516,632 564,632 613,633 662,632 710,631 759,629 808,628 856,626 905,624 954,623 1003,622 1051,621 1100,623 1149,624 1197,627 1246,631 1295,637 1343,644 1392,653 1441,664 1490,678"/>
                <TextEquiv>
                    <Unicode>biß Morgend 6. Uhren, daer sich biedern</Unicode>
                </TextEquiv>
            </TextLine>
            <TextLine id="r3l2" custom="readingOrder {index:1;}">
                <Coords points="490,760 1070,714 1487,755 1460,710 1111,640 1013,688 914,650 708,692 546,672 491,708"/>
                <Baseline points="498,725 547,725 596,725 645,723 694,722 743,719 792,717 841,715 890,712 939,710 988,708 1037,707 1086,707 1135,708 1184,709 1233,712 1282,716 1331,723 1380,730 1429,739 1479,750"/>
                <TextEquiv>
                    <Unicode>fort begeben; Seine Instrution wäre,</Unicode>
                </TextEquiv>
            </TextLine>
            <TextLine id="r3l3" custom="readingOrder {index:2;}">
                <Coords points="497,822 642,846 904,807 1031,837 1203,804 1303,855 1462,855 1462,789 1269,737 1189,757 1144,730 1015,771 846,736 497,788"/>
                <Baseline points="504,818 551,816 599,814 646,812 694,810 741,807 789,805 836,802 884,800 931,798 979,797 1027,797 1074,797 1122,798 1169,800 1217,802 1264,807 1312,812 1359,819 1407,828 1455,839"/>
                <TextEquiv>
                    <Unicode>nach bfindenden Umbständen frisch¬</Unicode>
                </TextEquiv>
            </TextLine>
            <TextLine id="r3l4" custom="readingOrder {index:3;}">
                <Coords points="491,946 573,913 1115,881 1184,921 1268,886 1441,926 1456,856 1366,838 1304,867 1232,817 1157,839 1092,809 855,865 731,833 608,863 490,823"/>
                <Baseline points="498,902 545,902 593,900 640,897 688,894 735,892 783,888 830,885 878,883 925,880 973,878 1021,876 1068,876 1116,876 1163,878 1211,881 1258,885 1306,891 1353,899 1401,908 1449,920"/>
                <TextEquiv>
                    <Unicode>fomentationes über den Leib zu machen</Unicode>
                </TextEquiv>
            </TextLine>
            <TextLine id="r3l5" custom="readingOrder {index:4;}">
                <Coords points="499,1007 1171,981 1361,1028 1470,1016 1470,954 1320,914 924,899 796,957 499,928"/>
                <Baseline points="507,992 554,990 602,989 650,987 698,984 746,981 793,978 841,975 889,973 937,971 985,969 1032,968 1080,968 1128,968 1176,970 1224,972 1271,977 1319,983 1367,989 1415,998 1463,1010"/>
                <TextEquiv>
                    <Unicode>welches aber nicht nöchtig gewesten, alse</Unicode>
                </TextEquiv>
            </TextLine>
            <TextLine id="r3l6" custom="readingOrder {index:5;}">
                <Coords points="482,1115 598,1083 1060,1106 1291,1072 1474,1116 1474,1038 1273,1003 1235,1028 1090,997 983,1041 812,996 721,1036 482,1034"/>
                <Baseline points="489,1080 537,1080 586,1080 635,1078 684,1077 733,1074 782,1071 831,1070 880,1068 929,1065 978,1064 1026,1062 1075,1062 1124,1062 1173,1064 1222,1066 1271,1070 1320,1074 1369,1079 1418,1086 1467,1097"/>
                <TextEquiv>
                    <Unicode>daß er die Wunden nicht gestehen, dar¬</Unicode>
                </TextEquiv>
            </TextLine>
            <TextLine id="r3l7" custom="readingOrder {index:6;} person {offset:23; length:10;}">
                <Coords points="460,1202 567,1218 657,1177 866,1211 937,1171 1119,1163 1250,1198 1436,1186 1435,1117 1102,1087 459,1131"/>
                <Baseline points="468,1176 516,1176 564,1175 612,1174 660,1172 708,1170 756,1167 804,1164 852,1162 900,1159 948,1157 996,1154 1044,1153 1092,1152 1140,1152 1188,1154 1236,1155 1284,1158 1332,1162 1380,1169 1428,1175"/>
                <TextEquiv>
                    <Unicode>nach habe Er den Herrn Fellenberg beÿ¬</Unicode>
                </TextEquiv>
            </TextLine>
            <TextLine id="r3l8" custom="readingOrder {index:7;}">
                <Coords points="467,1293 1040,1285 1223,1249 1417,1321 1477,1308 1477,1196 1226,1207 1118,1170 908,1236 750,1204 603,1248 522,1191 466,1200"/>
                <Baseline points="474,1269 523,1271 573,1272 623,1272 673,1271 723,1269 772,1268 822,1265 872,1261 922,1258 972,1256 1021,1254 1071,1253 1121,1253 1171,1253 1221,1255 1270,1259 1320,1264 1370,1270 1420,1279 1470,1290"/>
                <TextEquiv>
                    <Unicode>Leben nicht mehr besuchet; Dienstage</Unicode>
                </TextEquiv>
            </TextLine>
            <TextLine id="r3l9" custom="readingOrder {index:8;}">
                <Coords points="463,1397 563,1410 616,1368 805,1406 934,1353 1173,1348 1222,1383 1355,1357 1493,1406 1493,1314 1419,1339 1194,1275 1090,1308 1035,1281 463,1303"/>
                <Baseline points="471,1364 521,1365 572,1365 623,1365 673,1364 724,1362 775,1360 825,1358 876,1355 927,1353 978,1350 1028,1349 1079,1347 1130,1347 1180,1348 1231,1350 1282,1354 1332,1359 1383,1365 1434,1373 1485,1385"/>
                <TextEquiv>
                    <Unicode>Nach Mittag habe deß Herrn Hartmannd</Unicode>
                </TextEquiv>
            </TextLine>
            <TextLine id="r3l10" custom="readingOrder {index:9;}">
                <Coords points="472,1481 735,1496 819,1465 1034,1497 1257,1451 1493,1517 1493,1416 1398,1397 1111,1379 970,1412 891,1381 625,1421 472,1395"/>
                <Baseline points="480,1461 530,1464 580,1466 630,1466 681,1466 731,1464 781,1461 831,1458 882,1455 932,1453 982,1451 1032,1448 1083,1446 1133,1446 1183,1446 1233,1448 1284,1452 1334,1456 1384,1463 1434,1472 1485,1484"/>
                <TextEquiv>
                    <Unicode>Dedienter Ihne depl: bey Hauß abgeholt¬</Unicode>
                </TextEquiv>
            </TextLine>
            <TextLine id="r3l11" custom="readingOrder {index:10;}">
                <Coords points="472,1558 1490,1579 1465,1541 1071,1478 907,1511 620,1473 473,1501"/>
                <Baseline points="480,1545 530,1547 580,1548 630,1548 680,1547 730,1547 780,1545 830,1545 880,1544 930,1544 981,1542 1031,1542 1081,1542 1131,1544 1181,1545 1231,1548 1281,1551 1331,1555 1381,1561 1431,1567 1482,1575"/>
                <TextEquiv>
                    <Unicode>und ersucht mit ihme zu komen, um</Unicode>
                </TextEquiv>
            </TextLine>
            <TextLine id="r3l12" custom="readingOrder {index:11;} person {offset:10; length:10;}">
                <Coords points="450,1656 561,1673 739,1625 970,1672 1123,1642 1504,1680 1505,1644 1330,1570 452,1591"/>
                <Baseline points="459,1628 510,1631 562,1632 614,1634 666,1634 718,1634 770,1632 822,1632 874,1631 926,1629 978,1629 1029,1629 1081,1629 1133,1629 1185,1631 1237,1634 1289,1638 1341,1644 1393,1650 1445,1658 1497,1668"/>
                <TextEquiv>
                    <Unicode>den Herrn Fellenberg felstenan zu ziegen</Unicode>
                </TextEquiv>
            </TextLine>
            <TextLine id="r3l13" custom="readingOrder {index:12;}">
                <Coords points="470,1743 546,1764 611,1735 700,1773 757,1738 910,1725 1014,1760 1189,1718 1460,1776 1498,1762 1499,1709 1162,1647 1032,1686 868,1649 586,1689 471,1657"/>
                <Baseline points="477,1716 527,1718 578,1719 629,1719 679,1719 730,1719 781,1718 831,1716 882,1715 933,1715 984,1713 1034,1713 1085,1713 1136,1715 1186,1716 1237,1719 1288,1723 1338,1729 1389,1735 1440,1743 1491,1754"/>
                <TextEquiv>
                    <Unicode>welches erganz willig gethan, beforderst</Unicode>
                </TextEquiv>
            </TextLine>
            <TextLine id="r3l14" custom="readingOrder {index:13;}">
                <Coords points="458,1818 645,1849 1157,1814 1384,1840 1384,1780 1243,1732 862,1783 803,1752 458,1755"/>
                <Baseline points="465,1803 510,1805 556,1806 601,1806 647,1806 693,1808 738,1807 784,1806 829,1806 875,1806 921,1806 966,1806 1012,1806 1057,1806 1103,1806 1149,1808 1194,1808 1240,1809 1285,1810 1331,1812 1377,1814"/>
                <TextEquiv>
                    <Unicode>aber von seinem Herrn den Infehl</Unicode>
                </TextEquiv>
            </TextLine>
            <TextLine id="r3l15" custom="readingOrder {index:14;}">
                <Coords points="455,1936 739,1889 821,1921 1024,1898 1133,1933 1180,1906 1408,1922 1408,1855 1165,1866 1032,1826 982,1857 843,1840 680,1880 517,1826 455,1838"/>
                <Baseline points="462,1898 511,1900 560,1901 610,1902 659,1902 709,1902 758,1901 807,1901 857,1901 906,1899 956,1899 1005,1899 1055,1898 1104,1899 1153,1899 1203,1901 1252,1902 1302,1905 1351,1908 1401,1913"/>
                <TextEquiv>
                    <Unicode>bekommen an dem Bandege nichts</Unicode>
                </TextEquiv>
            </TextLine>
            <TextLine id="r3l16" custom="readingOrder {index:15;}">
                <Coords points="1402,1946 1411,1948 1414,1945 1420,1945 1432,1948 1447,1877 1439,1876 1428,1866 1419,1864"/>
                <Baseline points="1415,1916 1430,1919"/>
                <TextEquiv>
                    <Unicode>in</Unicode>
                </TextEquiv>
            </TextLine>
            <TextLine id="r3l17" custom="readingOrder {index:16;}">
                <Coords points="437,2023 673,2000 966,2026 1152,1986 1266,2036 1406,2017 1405,1966 1157,1928 1021,1957 914,1915 760,1976 575,1936 437,1949"/>
                <Baseline points="444,1994 491,1995 539,1995 587,1997 634,1997 682,1997 730,1995 777,1995 825,1994 873,1992 921,1992 968,1991 1016,1990 1064,1989 1111,1989 1159,1988 1207,1988 1254,1989 1302,1989 1350,1991 1398,1994"/>
                <TextEquiv>
                    <Unicode>zu änderen, also daß die Bandages¬</Unicode>
                </TextEquiv>
            </TextLine>
            <TextLine id="r3l18" custom="readingOrder {index:17;}">
                <Coords points="439,2116 1040,2084 1220,2121 1457,2104 1457,2059 1307,2056 1229,2010 1083,2045 810,2004 717,2037 439,2035"/>
                <Baseline points="447,2079 497,2082 547,2083 597,2084 647,2084 697,2084 747,2084 797,2083 847,2082 897,2081 948,2079 998,2079 1048,2078 1098,2078 1148,2078 1198,2078 1248,2078 1298,2079 1348,2082 1398,2085 1449,2088"/>
                <TextEquiv>
                    <Unicode>ohnverstehrt und ohneroffneton dem</Unicode>
                </TextEquiv>
            </TextLine>
            <TextLine id="r3l19" custom="readingOrder {index:18;}">
                <Coords points="436,2183 520,2205 607,2181 687,2229 887,2181 1013,2211 1190,2181 1190,2148 1052,2120 1008,2141 782,2131 671,2102 607,2153 548,2119 436,2117"/>
                <Baseline points="444,2175 480,2175 517,2175 554,2175 591,2175 628,2175 665,2175 702,2175 739,2175 776,2175 813,2175 849,2175 886,2175 923,2175 960,2177 997,2177 1034,2177 1071,2177 1108,2178 1145,2178 1182,2178"/>
                <TextEquiv>
                    <Unicode>Tocden Cörper verblieben.</Unicode>
                </TextEquiv>
            </TextLine>
            <TextLine id="r3l20" custom="readingOrder {index:19;}">
                <Coords points="436,2298 502,2283 574,2317 750,2290 976,2329 1054,2296 1151,2337 1236,2289 1338,2304 1339,2244 1117,2263 1056,2218 797,2243 753,2215 522,2208 437,2233"/>
                <Baseline points="444,2271 488,2274 532,2276 577,2277 621,2279 665,2280 710,2281 754,2282 798,2283 843,2283 887,2283 931,2285 976,2285 1020,2285 1064,2286 1109,2286 1153,2288 1197,2288 1242,2289 1286,2291 1331,2292"/>
                <TextEquiv>
                    <Unicode>Ob während der Zeit, da Er dem Herrn</Unicode>
                </TextEquiv>
            </TextLine>
            <TextLine id="r3l21" custom="readingOrder {index:20;} person {offset:0; length:10;}">
                <Coords points="414,2407 890,2386 1008,2422 1260,2383 1399,2427 1447,2410 1449,2335 1349,2365 1215,2317 1061,2354 667,2294 539,2333 417,2291"/>
                <Baseline points="423,2360 473,2363 524,2366 575,2367 626,2370 677,2370 728,2372 778,2372 829,2373 880,2373 931,2373 982,2375 1033,2375 1084,2376 1134,2376 1185,2379 1236,2381 1287,2383 1338,2387 1389,2390 1440,2394"/>
                <TextEquiv>
                    <Unicode>Sellenberg abgebartet, er nichts von ihme</Unicode>
                </TextEquiv>
            </TextLine>
            <TextLine id="r3l22" custom="readingOrder {index:21;}">
                <Coords points="405,2488 497,2458 639,2494 791,2467 858,2509 1048,2471 1191,2510 1270,2472 1349,2515 1414,2490 1416,2420 579,2392 407,2421"/>
                <Baseline points="414,2442 463,2445 513,2448 562,2451 612,2453 662,2454 711,2456 761,2457 811,2459 860,2460 910,2461 960,2462 1009,2463 1059,2465 1109,2466 1158,2468 1208,2469 1258,2471 1307,2474 1357,2476 1407,2480"/>
                <TextEquiv>
                    <Unicode>gehöret, betreffend seine Verbündung</Unicode>
                </TextEquiv>
            </TextLine>
            <TextLine id="r3l23" custom="readingOrder {index:22;} person {offset:30; length:10;}">
                <Coords points="427,2545 643,2601 894,2565 1130,2623 1225,2578 1465,2598 1467,2543 1289,2516 1026,2530 816,2491 677,2527 430,2476"/>
                <Baseline points="435,2541 486,2543 537,2546 588,2547 639,2550 690,2553 741,2554 793,2556 844,2559 895,2562 946,2564 997,2567 1048,2569 1099,2571 1151,2573 1202,2576 1253,2577 1304,2579 1355,2579 1406,2580 1458,2582"/>
                <TextEquiv>
                    <Unicode>Mein im geringsten nichts, H. Fellenberg</Unicode>
                </TextEquiv>
            </TextLine>
            <TextLine id="r3l24" custom="readingOrder {index:23;}">
                <Coords points="418,2635 714,2620 884,2665 961,2642 1219,2673 1385,2645 1387,2597 1129,2624 1078,2586 966,2614 885,2578 796,2601 474,2550 420,2576"/>
                <Baseline points="426,2612 473,2612 521,2613 568,2614 616,2616 663,2618 711,2620 758,2622 806,2625 853,2627 901,2630 949,2633 996,2636 1044,2637 1091,2639 1139,2642 1186,2643 1234,2643 1281,2645 1329,2643 1377,2643"/>
                <TextEquiv>
                    <Unicode>habe darvon nicht geredet, und ihme</Unicode>
                </TextEquiv>
            </TextLine>
            <TextLine id="r3l25" custom="readingOrder {index:24;}">
                <Coords points="398,2726 533,2701 1119,2774 1435,2736 1437,2688 1274,2660 1016,2685 974,2645 877,2663 846,2633 764,2679 667,2638 563,2664 471,2618 402,2643"/>
                <Baseline points="408,2687 459,2687 510,2688 561,2690 612,2692 663,2694 714,2697 765,2699 816,2702 867,2704 918,2706 969,2709 1020,2712 1071,2714 1122,2716 1173,2718 1224,2720 1275,2721 1326,2722 1377,2723 1428,2723"/>
                <TextEquiv>
                    <Unicode>seyn nicht angestanden Abes zu fragen.</Unicode>
                </TextEquiv>
            </TextLine>
            <TextLine id="r3l26" custom="readingOrder {index:25;}">
                <Coords points="412,2828 733,2799 1228,2859 1435,2827 1436,2778 1324,2762 1020,2788 978,2753 746,2758 683,2716 535,2772 415,2748"/>
                <Baseline points="420,2786 470,2787 520,2790 571,2792 621,2794 672,2796 722,2798 772,2801 823,2802 873,2805 924,2807 974,2809 1024,2811 1075,2813 1125,2814 1176,2816 1226,2817 1276,2819 1327,2820 1377,2821 1428,2822"/>
                <TextEquiv>
                    <Unicode>Ob erstonsten dieser hergangenheit halben</Unicode>
                </TextEquiv>
            </TextLine>
            <TextLine id="r3l27" custom="readingOrder {index:26;}">
                <Coords points="407,2905 546,2891 660,2925 744,2900 761,2917 929,2893 1005,2910 1044,2903 1047,2837 870,2832 732,2856 678,2816 597,2829 559,2807 506,2836 462,2822 410,2840"/>
                <Baseline points="417,2858 448,2859 479,2860 510,2862 541,2865 572,2867 603,2869 634,2871 665,2873 696,2874 727,2876 758,2878 789,2879 820,2880 851,2882 882,2882 913,2883 944,2883 975,2883 1006,2883 1038,2883"/>
                <TextEquiv>
                    <Unicode>einiche bißenschaft habe?</Unicode>
                </TextEquiv>
            </TextLine>
            <TextLine id="r3l28" custom="readingOrder {index:27;}">
                <Coords points="416,2980 459,2994 511,2985 538,3008 629,2975 696,2988 718,3009 821,3009 826,2920 770,2917 738,2935 668,2919 618,2943 572,2931 551,2944 421,2899"/>
                <Baseline points="425,2958 451,2958 477,2958 503,2960 529,2961 555,2963 581,2964 607,2966 633,2967 659,2970 685,2971 711,2973 737,2975 763,2975 789,2976 815,2976"/>
                <TextEquiv>
                    <Unicode>Weingarnichts.</Unicode>
                </TextEquiv>
            </TextLine>
            <TextLine id="r3l29" custom="readingOrder {index:28;}">
                <Coords points="417,3093 728,3090 787,3125 938,3100 1110,3157 1211,3116 1401,3131 1403,3086 1189,3031 1045,3041 925,2992 671,3022 609,2996 493,3045 420,3021"/>
                <Baseline points="426,3069 474,3071 522,3074 571,3078 619,3080 668,3084 716,3087 765,3090 813,3093 862,3096 910,3098 958,3101 1007,3103 1055,3105 1104,3107 1152,3108 1201,3108 1249,3108 1298,3108 1346,3108 1395,3107"/>
                <TextEquiv>
                    <Unicode>Endete hiermit seine Außrag, sto ihme</Unicode>
                </TextEquiv>
            </TextLine>
            <TextLine id="r3l30" custom="readingOrder {index:29;} place {offset:12; length:4;}">
                <Coords points="414,3182 574,3152 635,3186 824,3172 871,3215 967,3184 1384,3216 1371,3142 1096,3171 1055,3132 959,3154 852,3104 792,3131 420,3085"/>
                <Baseline points="423,3147 470,3149 518,3150 566,3152 613,3153 661,3157 709,3159 756,3164 804,3167 852,3170 900,3174 947,3178 995,3181 1043,3185 1090,3187 1138,3190 1186,3191 1233,3192 1281,3194 1329,3194 1377,3192"/>
                <TextEquiv>
                    <Unicode>von bort zu bort abgelesen- und also</Unicode>
                </TextEquiv>
            </TextLine>
            <TextLine id="r3l31" custom="readingOrder {index:30;}">
                <Coords points="396,3279 470,3290 560,3245 655,3236 703,3261 780,3251 901,3279 901,3209 763,3200 730,3178 705,3192 673,3177 570,3184 546,3160 497,3182 401,3181"/>
                <Baseline points="405,3233 430,3232 456,3231 482,3231 507,3230 533,3231 559,3231 585,3232 610,3233 636,3234 662,3236 688,3238 713,3239 739,3242 765,3244 791,3246 816,3248 842,3250 868,3253 894,3254"/>
                <TextEquiv>
                    <Unicode>Confirmirt borden.</Unicode>
                </TextEquiv>
            </TextLine>
            <TextLine id="r3l32" custom="readingOrder {index:31;}">
                <Coords points="503,3337 709,3342 801,3395 881,3380 938,3397 1003,3379 1006,3323 943,3314 882,3272 827,3288 708,3258 672,3279 588,3253 505,3297"/>
                <Baseline points="510,3333 535,3333 561,3333 586,3333 612,3334 637,3335 663,3335 689,3336 714,3336 740,3338 765,3339 791,3340 816,3342 842,3343 868,3346 893,3347 919,3348 944,3351 970,3353 996,3356"/>
                <TextEquiv>
                    <Unicode>Anctum ut Supra.</Unicode>
                </TextEquiv>
            </TextLine>
            <TextEquiv>
                <Unicode>biß Morgend 6. Uhren, daer sich biedern
fort begeben; Seine Instrution wäre,
nach bfindenden Umbständen frisch¬
fomentationes über den Leib zu machen
welches aber nicht nöchtig gewesten, alse
daß er die Wunden nicht gestehen, dar¬
nach habe Er den Herrn Fellenberg beÿ¬
Leben nicht mehr besuchet; Dienstage
Nach Mittag habe deß Herrn Hartmannd
Dedienter Ihne depl: bey Hauß abgeholt¬
und ersucht mit ihme zu komen, um
den Herrn Fellenberg felstenan zu ziegen
welches erganz willig gethan, beforderst
aber von seinem Herrn den Infehl
bekommen an dem Bandege nichts
in
zu änderen, also daß die Bandages¬
ohnverstehrt und ohneroffneton dem
Tocden Cörper verblieben.
Ob während der Zeit, da Er dem Herrn
Sellenberg abgebartet, er nichts von ihme
gehöret, betreffend seine Verbündung
Mein im geringsten nichts, H. Fellenberg
habe darvon nicht geredet, und ihme
seyn nicht angestanden Abes zu fragen.
Ob erstonsten dieser hergangenheit halben
einiche bißenschaft habe?
Weingarnichts.
Endete hiermit seine Außrag, sto ihme
von bort zu bort abgelesen- und also
Confirmirt borden.
Anctum ut Supra.</Unicode>
            </TextEquiv>
        </TextRegion>
        <TextRegion orientation="0.0" id="r4" custom="readingOrder {index:3;}">
            <Coords points="1619,322 1619,3140 2846,3140 2846,322"/>
            <TextLine id="r4l1" custom="readingOrder {index:0;} person {offset:3; length:1; continued:true;}">
                <Coords points="2686,374 2715,383 2725,375 2764,382 2772,375 2842,357 2840,293 2815,293 2788,303 2765,297 2752,311 2731,298 2707,314 2684,308"/>
                <Baseline points="2693,368 2721,365 2749,363 2777,362 2805,363 2834,365"/>
                <TextEquiv>
                    <Unicode>217.</Unicode>
                </TextEquiv>
            </TextLine>
            <TextLine id="r4l2" custom="readingOrder {index:1;} person {offset:0; length:19; continued:true;} place {offset:24; length:5;}">
                <Coords points="1612,725 1982,630 2069,662 2309,610 2451,637 2533,590 2829,611 2823,539 2509,467 2398,550 2165,478 2062,540 1997,511 1875,581 1604,629"/>
                <Baseline points="1619,708 1679,691 1739,675 1799,663 1859,651 1919,640 1979,632 2039,624 2099,619 2159,612 2219,609 2279,605 2339,602 2399,599 2459,597 2519,595 2579,593 2639,591 2699,589 2759,587 2819,585"/>
                <TextEquiv>
                    <Unicode>Ahans Bebr g Schnorff von Geich</Unicode>
                </TextEquiv>
            </TextLine>
            <TextLine id="r4l3" custom="readingOrder {index:2;} person {offset:21; length:15;}">
                <Coords points="1697,770 1879,727 2066,750 2228,697 2320,728 2409,686 2806,707 2855,690 2851,630 2499,617 2239,671 2127,628 2052,662 1978,635 1695,735"/>
                <Baseline points="1703,756 1760,746 1817,736 1874,728 1931,721 1988,714 2045,708 2103,702 2160,698 2217,694 2274,691 2331,688 2388,686 2445,683 2503,681 2560,679 2617,678 2674,677 2731,675 2788,674 2846,674"/>
                <TextEquiv>
                    <Unicode>in Condition bey Herrn Oerator Hartman ec</Unicode>
                </TextEquiv>
            </TextLine>
            <TextLine id="r4l4" custom="readingOrder {index:3;}">
                <Coords points="1691,867 1829,810 2000,829 2066,797 2124,836 2390,781 2647,774 2747,820 2798,801 2795,735 2383,703 2096,769 1686,768"/>
                <Baseline points="1697,834 1751,824 1806,816 1860,809 1915,802 1970,797 2024,792 2079,788 2133,783 2188,781 2243,779 2297,777 2352,776 2406,774 2461,774 2516,773 2570,773 2625,773 2679,771 2734,771 2789,771"/>
                <TextEquiv>
                    <Unicode>unter Vermahnung seine Declaration auf</Unicode>
                </TextEquiv>
            </TextLine>
            <TextLine id="r4l5" custom="readingOrder {index:4;}">
                <Coords points="1700,978 1816,908 1988,878 2213,874 2299,917 2428,872 2699,905 2825,880 2823,835 2681,799 2416,787 2220,843 2049,803 1960,852 1799,832 1696,864"/>
                <Baseline points="1706,911 1761,902 1817,892 1872,885 1928,878 1983,873 2039,870 2094,866 2150,864 2205,863 2261,861 2316,861 2372,861 2427,861 2483,861 2538,863 2594,863 2649,863 2705,863 2760,863 2816,861"/>
                <TextEquiv>
                    <Unicode>bejehren mit einem Eyd zu besräfftigen.</Unicode>
                </TextEquiv>
            </TextLine>
            <TextLine id="r4l6" custom="readingOrder {index:5;}">
                <Coords points="1930,1009 1989,1013 2027,985 2070,1003 2138,971 2159,975 2207,960 2206,902 2170,892 2116,920 2072,888 2009,913 1947,889 1928,898"/>
                <Baseline points="1937,951 1963,949 1989,948 2015,947 2041,945 2068,945 2094,944 2120,944 2146,944 2172,945 2199,947"/>
                <TextEquiv>
                    <Unicode>Dagst auß.</Unicode>
                </TextEquiv>
            </TextLine>
            <TextLine id="r4l7" custom="readingOrder {index:6;}">
                <Coords points="2071,1072 2087,1064 2155,1081 2178,1073 2210,1103 2226,1100 2296,1068 2329,1071 2328,1003 2307,1013 2285,1004 2245,1033 2173,1040 2129,1014 2070,1019"/>
                <Baseline points="2078,1062 2105,1065 2132,1067 2159,1068 2186,1070 2213,1069 2240,1068 2267,1066 2294,1062 2321,1056"/>
                <TextEquiv>
                    <Unicode>1ten 96ri</Unicode>
                </TextEquiv>
            </TextLine>
            <TextLine id="r4l8" custom="readingOrder {index:7;}">
                <Coords points="2259,1098 2405,1113 2474,1087 2675,1155 2821,1112 2821,1046 2675,1014 2587,1047 2434,1029 2324,1071 2259,1072"/>
                <Baseline points="2267,1101 2294,1100 2321,1098 2349,1097 2376,1095 2403,1095 2431,1095 2458,1095 2485,1095 2513,1095 2540,1096 2567,1097 2595,1097 2622,1097 2649,1098 2677,1098 2704,1098 2731,1098 2759,1098 2786,1098 2814,1097"/>
                <TextEquiv>
                    <Unicode>deß Nachts, seÿe</Unicode>
                </TextEquiv>
            </TextLine>
            <TextLine id="r4l9" custom="readingOrder {index:8;}">
                <Coords points="1690,1150 1742,1129 1778,1147 1838,1123 1869,1137 1911,1113 1927,1126 2122,1082 2198,1100 2196,1072 2017,1073 1956,1037 1890,1027 1777,1058 1734,1036 1684,1055"/>
                <Baseline points="1695,1122 1721,1119 1747,1114 1773,1111 1799,1108 1825,1104 1851,1102 1877,1100 1903,1096 1929,1094 1955,1092 1981,1091 2007,1090 2033,1089 2059,1089 2085,1089 2111,1090 2137,1091 2163,1093 2190,1095"/>
                <TextEquiv>
                    <Unicode>Somstag den 22.</Unicode>
                </TextEquiv>
            </TextLine>
            <TextLine id="r4l10" custom="readingOrder {index:9;} person {offset:29; length:1; continued:true;}">
                <Coords points="1679,1221 1766,1200 1879,1237 1964,1186 2071,1222 2190,1182 2610,1210 2701,1191 2700,1146 2458,1121 2385,1159 1998,1115 1830,1124 1678,1187"/>
                <Baseline points="1686,1218 1736,1208 1786,1200 1837,1193 1887,1188 1937,1183 1988,1181 2038,1178 2088,1176 2139,1176 2189,1176 2239,1176 2290,1178 2340,1179 2390,1181 2441,1181 2491,1182 2541,1184 2592,1185 2642,1185 2693,1185"/>
                <TextEquiv>
                    <Unicode>er von Herrn Hartmann zu herrn</Unicode>
                </TextEquiv>
            </TextLine>
            <TextLine id="r4l11" custom="readingOrder {index:10;} person {offset:0; length:8; continued:true;}">
                <Coords points="1671,1328 1842,1287 1967,1325 2195,1273 2581,1335 2641,1288 2728,1285 2728,1254 2568,1215 2382,1250 2204,1198 2017,1243 1909,1217 1854,1257 1670,1236"/>
                <Baseline points="1679,1305 1731,1298 1783,1292 1835,1287 1887,1281 1939,1279 1991,1276 2043,1274 2095,1274 2147,1272 2199,1273 2251,1274 2303,1275 2355,1275 2407,1277 2459,1278 2511,1280 2563,1281 2615,1282 2667,1283 2720,1283"/>
                <TextEquiv>
                    <Unicode>Bellenberg gescheikt worden, um Ihme</Unicode>
                </TextEquiv>
            </TextLine>
            <TextLine id="r4l12" custom="readingOrder {index:11;}">
                <Coords points="1693,1402 1807,1420 1882,1375 2230,1410 2356,1370 2538,1409 2799,1386 2799,1326 2337,1333 2243,1294 2165,1329 2011,1302 1692,1333"/>
                <Baseline points="1700,1389 1754,1385 1809,1382 1863,1378 1918,1376 1973,1373 2027,1371 2082,1371 2136,1370 2191,1370 2246,1370 2300,1370 2355,1371 2409,1373 2464,1373 2519,1374 2573,1376 2628,1377 2682,1379 2737,1380 2792,1380"/>
                <TextEquiv>
                    <Unicode>selbige Nacht zu Wachen und abzuwarten</Unicode>
                </TextEquiv>
            </TextLine>
            <TextLine id="r4l13" custom="readingOrder {index:12;}">
                <Coords points="1682,1512 1913,1518 2138,1464 2352,1503 2470,1466 2550,1508 2713,1486 2713,1441 2621,1407 2474,1445 2196,1408 2129,1444 2027,1392 1929,1436 1834,1407 1682,1440"/>
                <Baseline points="1689,1482 1739,1478 1790,1475 1841,1471 1892,1469 1943,1466 1993,1464 2044,1463 2095,1463 2146,1463 2197,1463 2247,1463 2298,1463 2349,1464 2400,1466 2451,1466 2501,1467 2552,1467 2603,1469 2654,1469 2705,1470"/>
                <TextEquiv>
                    <Unicode>welches er gethan, deßgleichen auch am</Unicode>
                </TextEquiv>
            </TextLine>
            <TextLine id="r4l14" custom="readingOrder {index:13;}">
                <Coords points="1682,1599 1780,1575 1844,1613 2010,1563 2119,1602 2242,1558 2453,1617 2509,1582 2789,1592 2728,1521 2544,1542 2371,1497 1683,1526"/>
                <Baseline points="1689,1577 1743,1573 1798,1569 1852,1566 1907,1563 1962,1562 2016,1560 2071,1560 2125,1560 2180,1560 2235,1562 2289,1562 2344,1563 2398,1565 2453,1568 2508,1569 2562,1572 2617,1575 2671,1577 2726,1580 2781,1583"/>
                <TextEquiv>
                    <Unicode>Montag zu Nacht, da der Herr Felben</Unicode>
                </TextEquiv>
            </TextLine>
            <TextLine id="r4l15" custom="readingOrder {index:14;}">
                <Coords points="1681,1688 1763,1711 1950,1649 2152,1689 2232,1650 2302,1688 2369,1658 2646,1702 2799,1666 2800,1632 2690,1598 2562,1639 2373,1601 2330,1632 2151,1593 1909,1624 1681,1601"/>
                <Baseline points="1689,1668 1744,1663 1799,1659 1854,1655 1909,1653 1964,1652 2019,1650 2075,1650 2130,1650 2185,1650 2240,1650 2295,1652 2350,1652 2405,1653 2461,1655 2516,1656 2571,1658 2626,1659 2681,1660 2736,1661 2792,1662"/>
                <TextEquiv>
                    <Unicode>berg nach 18. Uhr in seinem beÿseye</Unicode>
                </TextEquiv>
            </TextLine>
            <TextLine id="r4l16" custom="readingOrder {index:15;}">
                <Coords points="1679,1796 1721,1791 1744,1806 1764,1785 1818,1776 1847,1755 1871,1765 1903,1754 2005,1763 2003,1712 1923,1709 1861,1688 1820,1714 1780,1696 1717,1739 1676,1723"/>
                <Baseline points="1685,1760 1711,1758 1737,1757 1763,1755 1789,1754 1815,1752 1841,1751 1867,1749 1893,1748 1919,1748 1945,1748 1971,1749 1997,1751"/>
                <TextEquiv>
                    <Unicode>gestorben.</Unicode>
                </TextEquiv>
            </TextLine>
            <TextLine id="r4l17" custom="readingOrder {index:16;} person {offset:7; length:10;}">
                <Coords points="2236,1780 2294,1770 2339,1791 2440,1757 2509,1782 2607,1762 2661,1772 2718,1819 2757,1818 2773,1690 2699,1707 2454,1670 2404,1676 2354,1713 2291,1679 2237,1685"/>
                <Baseline points="2244,1748 2270,1749 2296,1750 2322,1751 2348,1751 2374,1751 2400,1752 2426,1752 2452,1754 2478,1754 2504,1754 2530,1755 2556,1755 2582,1755 2608,1755 2634,1757 2660,1757 2686,1757 2712,1757 2738,1757 2765,1758"/>
                <TextEquiv>
                    <Unicode>der Herr Fellenberg</Unicode>
                </TextEquiv>
            </TextLine>
            <TextLine id="r4l18" custom="readingOrder {index:17;}">
                <Coords points="1677,1878 1884,1844 2225,1902 2783,1871 2783,1819 2745,1808 2433,1831 2383,1795 2137,1809 1971,1760 1829,1804 1679,1795"/>
                <Baseline points="1685,1854 1739,1851 1794,1848 1848,1847 1903,1845 1957,1845 2012,1845 2066,1845 2121,1845 2175,1847 2230,1848 2284,1850 2339,1851 2393,1853 2448,1856 2502,1857 2557,1860 2611,1861 2666,1863 2720,1865 2775,1866"/>
                <TextEquiv>
                    <Unicode>während der Zeit, da Er Ihme abgewartet</Unicode>
                </TextEquiv>
            </TextLine>
            <TextLine id="r4l19" custom="readingOrder {index:18;}">
                <Coords points="1668,1993 1942,1946 2234,1992 2777,1978 2778,1905 2711,1887 2415,1893 2330,1929 2160,1875 1988,1917 1747,1882 1670,1919"/>
                <Baseline points="1677,1946 1731,1944 1786,1944 1840,1944 1895,1943 1950,1943 2004,1943 2059,1944 2113,1944 2168,1944 2223,1946 2277,1946 2332,1947 2386,1949 2441,1950 2496,1952 2550,1954 2605,1956 2659,1958 2714,1961 2769,1964"/>
                <TextEquiv>
                    <Unicode>habe nichts mit ihme geredet, als bas¬</Unicode>
                </TextEquiv>
            </TextLine>
            <TextLine id="r4l20" custom="readingOrder {index:19;}">
                <Coords points="1671,2063 2280,2048 2566,2105 2685,2060 2761,2090 2786,2003 2703,2033 2158,1984 1967,2012 1813,1969 1672,2019"/>
                <Baseline points="1679,2043 1736,2041 1794,2040 1852,2039 1910,2039 1968,2039 2026,2039 2083,2040 2141,2042 2199,2042 2257,2045 2315,2045 2373,2046 2430,2048 2488,2049 2546,2051 2604,2052 2662,2052 2720,2054 2778,2054"/>
                <TextEquiv>
                    <Unicode>er von verordneten Meduamenten und</Unicode>
                </TextEquiv>
            </TextLine>
            <TextLine id="r4l21" custom="readingOrder {index:20;}">
                <Coords points="1665,2157 1898,2187 2089,2147 2183,2184 2548,2164 2801,2225 2806,2102 2561,2124 2487,2082 2365,2134 2230,2080 1914,2107 1669,2073"/>
                <Baseline points="1674,2133 1730,2133 1786,2133 1842,2133 1898,2133 1954,2135 2010,2136 2066,2139 2122,2141 2178,2143 2235,2145 2291,2148 2347,2151 2403,2154 2459,2157 2515,2160 2571,2163 2627,2166 2683,2169 2739,2172 2796,2174"/>
                <TextEquiv>
                    <Unicode>Restorgnißen bedörfen. Von verkauen,</Unicode>
                </TextEquiv>
            </TextLine>
            <TextLine id="r4l22" custom="readingOrder {index:21;}">
                <Coords points="1665,2245 1756,2280 1844,2238 2133,2283 2476,2262 2575,2311 2687,2273 2796,2303 2799,2226 2525,2185 2411,2232 2132,2172 1667,2192"/>
                <Baseline points="1673,2229 1728,2229 1784,2229 1840,2231 1896,2231 1952,2232 2008,2234 2063,2235 2119,2237 2175,2238 2231,2241 2287,2243 2343,2245 2399,2248 2454,2250 2510,2252 2566,2256 2622,2259 2678,2262 2734,2266 2790,2268"/>
                <TextEquiv>
                    <Unicode>rung und verband habe er nichts gestehen,</Unicode>
                </TextEquiv>
            </TextLine>
            <TextLine id="r4l23" custom="readingOrder {index:22;} person {offset:30; length:7; continued:true;}">
                <Coords points="1666,2363 2250,2356 2414,2406 2598,2376 2651,2413 2702,2376 2796,2397 2799,2319 2599,2343 2414,2288 2209,2328 2146,2288 1881,2265 1791,2296 1670,2252"/>
                <Baseline points="1674,2333 1729,2334 1785,2336 1841,2337 1897,2339 1953,2340 2008,2342 2064,2345 2120,2347 2176,2350 2232,2352 2287,2355 2343,2357 2399,2360 2455,2361 2511,2363 2566,2364 2622,2366 2678,2367 2734,2369 2790,2369"/>
                <TextEquiv>
                    <Unicode>Nach dem Tod habeer nebst Herrn Oera¬</Unicode>
                </TextEquiv>
            </TextLine>
            <TextLine id="r4l24" custom="readingOrder {index:23;} person {offset:0; length:8; continued:true;}">
                <Coords points="1653,2447 2506,2476 2794,2550 2799,2430 2735,2412 2492,2386 2159,2420 1836,2357 1656,2390"/>
                <Baseline points="1662,2421 1718,2426 1774,2430 1831,2436 1887,2439 1944,2443 2000,2447 2056,2450 2113,2453 2169,2455 2226,2458 2282,2460 2338,2462 2395,2465 2451,2466 2508,2467 2564,2468 2620,2469 2677,2471 2733,2472 2790,2472"/>
                <TextEquiv>
                    <Unicode>stor Ruhns Dedienter, den Tocken geholten</Unicode>
                </TextEquiv>
            </TextLine>
            <TextLine id="r4l25" custom="readingOrder {index:24;}">
                <Coords points="1687,2533 1810,2569 2047,2546 2156,2594 2204,2564 2784,2590 2786,2548 2314,2483 1976,2510 1764,2454 1689,2485"/>
                <Baseline points="1695,2517 1749,2522 1803,2528 1857,2532 1911,2536 1965,2539 2019,2542 2074,2547 2128,2549 2182,2552 2236,2555 2290,2558 2344,2559 2398,2562 2453,2564 2507,2565 2561,2567 2615,2568 2669,2570 2723,2571 2778,2573"/>
                <TextEquiv>
                    <Unicode>anziehen, aber auch damalen das verbond</Unicode>
                </TextEquiv>
            </TextLine>
            <TextLine id="r4l26" custom="readingOrder {index:25;}">
                <Coords points="1673,2622 1753,2653 1831,2645 1885,2685 1974,2649 2021,2676 2097,2648 2159,2656 2164,2594 2114,2575 1928,2600 1820,2564 1678,2564"/>
                <Baseline points="1682,2610 1708,2612 1734,2614 1760,2616 1786,2618 1812,2620 1838,2623 1864,2625 1890,2628 1916,2631 1942,2633 1968,2635 1994,2638 2020,2640 2046,2643 2072,2644 2098,2646 2124,2648 2151,2651"/>
                <TextEquiv>
                    <Unicode>nicht angeruhrt.</Unicode>
                </TextEquiv>
            </TextLine>
            <TextLine id="r4l27" custom="readingOrder {index:26;}">
                <Coords points="2299,2711 2346,2701 2372,2712 2429,2693 2470,2713 2614,2679 2678,2700 2727,2683 2729,2620 2696,2624 2679,2605 2649,2625 2547,2623 2414,2607 2358,2575 2303,2594"/>
                <Baseline points="2309,2658 2334,2660 2360,2660 2386,2661 2411,2663 2437,2663 2463,2663 2488,2664 2514,2664 2540,2666 2565,2667 2591,2668 2617,2669 2642,2670 2668,2672 2694,2674 2720,2676"/>
                <TextEquiv>
                    <Unicode>diß steyn alles,</Unicode>
                </TextEquiv>
            </TextLine>
            <TextLine id="r4l28" custom="readingOrder {index:27;}">
                <Coords points="2255,2686 2266,2684 2278,2690 2290,2687 2265,2579 2257,2581 2243,2579 2232,2584"/>
                <Baseline points="2259,2667 2277,2663"/>
                <TextEquiv>
                    <Unicode></Unicode>
                </TextEquiv>
            </TextLine>
            <TextLine id="r4l29" custom="readingOrder {index:28;}">
                <Coords points="1684,2724 1864,2728 2042,2783 2240,2762 2313,2805 2491,2754 2696,2757 2698,2702 2564,2682 2386,2717 2097,2647 1990,2713 1911,2673 1835,2683 1787,2640 1688,2653"/>
                <Baseline points="1692,2711 1741,2715 1791,2720 1841,2724 1891,2729 1941,2732 1990,2736 2040,2739 2090,2742 2140,2745 2190,2747 2239,2750 2289,2752 2339,2754 2389,2755 2439,2756 2488,2757 2538,2757 2588,2759 2638,2759 2688,2759"/>
                <TextEquiv>
                    <Unicode>was er darmit zu thun gehabt und¬</Unicode>
                </TextEquiv>
            </TextLine>
            <TextLine id="r4l30" custom="readingOrder {index:29;}">
                <Coords points="1661,2823 1722,2819 1746,2833 1811,2814 1866,2820 1909,2850 1945,2831 1995,2828 2011,2840 2021,2838 2028,2761 1962,2768 1918,2752 1831,2783 1789,2755 1709,2752 1668,2732"/>
                <Baseline points="1670,2805 1696,2807 1723,2808 1749,2808 1776,2810 1802,2813 1829,2815 1855,2817 1882,2819 1908,2822 1935,2825 1961,2828 1988,2829 2015,2832"/>
                <TextEquiv>
                    <Unicode>dar von biße.</Unicode>
                </TextEquiv>
            </TextLine>
            <TextLine id="r4l31" custom="readingOrder {index:30;} person {offset:19; length:6;}">
                <Coords points="1680,2946 2306,2933 2509,2988 2735,2969 2738,2914 2486,2905 2375,2862 2272,2906 2142,2853 2030,2901 1794,2834 1683,2862"/>
                <Baseline points="1689,2897 1741,2903 1793,2909 1845,2912 1897,2916 1949,2919 2001,2922 2053,2925 2105,2927 2157,2928 2209,2930 2261,2931 2313,2933 2365,2934 2417,2936 2469,2937 2521,2939 2573,2941 2625,2944 2677,2946 2729,2949"/>
                <TextEquiv>
                    <Unicode>Endete hiermit keine Außang, sto Er¬</Unicode>
                </TextEquiv>
            </TextLine>
            <TextLine id="r4l32" custom="readingOrder {index:31;}">
                <Coords points="1683,3012 1987,3016 2111,3065 2212,3024 2415,3027 2601,3093 2699,3049 2778,3073 2782,2978 2701,2959 2510,2989 2245,2952 2120,2993 2010,2936 1808,2979 1686,2958"/>
                <Baseline points="1692,2988 1748,2993 1805,2997 1862,3000 1919,3005 1975,3008 2032,3011 2089,3013 2146,3016 2203,3018 2259,3021 2316,3023 2373,3025 2430,3027 2487,3030 2543,3033 2600,3036 2657,3038 2714,3042 2771,3045"/>
                <TextEquiv>
                    <Unicode>alsto ablestend angehört und bestäckiget.</Unicode>
                </TextEquiv>
            </TextLine>
            <TextLine id="r4l33" custom="readingOrder {index:32;}">
                <Coords points="1837,3151 1983,3112 2105,3165 2178,3149 2197,3166 2360,3120 2363,3069 2302,3069 2251,3038 2164,3080 2085,3054 2035,3071 1970,3021 1915,3041 1843,3027"/>
                <Baseline points="1848,3095 1873,3097 1898,3098 1923,3099 1948,3101 1974,3103 1999,3104 2024,3105 2049,3107 2074,3108 2100,3109 2125,3110 2150,3111 2175,3113 2200,3114 2226,3114 2251,3116 2276,3117 2301,3119 2326,3119 2352,3120"/>
                <TextEquiv>
                    <Unicode>Actum ut Supra.</Unicode>
                </TextEquiv>
            </TextLine>
            <TextEquiv>
                <Unicode>217.
Ahans Bebr g Schnorff von Geich
in Condition bey Herrn Oerator Hartman ec
unter Vermahnung seine Declaration auf
bejehren mit einem Eyd zu besräfftigen.
Dagst auß.
1ten 96ri
deß Nachts, seÿe
Somstag den 22.
er von Herrn Hartmann zu herrn
Bellenberg gescheikt worden, um Ihme
selbige Nacht zu Wachen und abzuwarten
welches er gethan, deßgleichen auch am
Montag zu Nacht, da der Herr Felben
berg nach 18. Uhr in seinem beÿseye
gestorben.
der Herr Fellenberg
während der Zeit, da Er Ihme abgewartet
habe nichts mit ihme geredet, als bas¬
er von verordneten Meduamenten und
Restorgnißen bedörfen. Von verkauen,
rung und verband habe er nichts gestehen,
Nach dem Tod habeer nebst Herrn Oera¬
stor Ruhns Dedienter, den Tocken geholten
anziehen, aber auch damalen das verbond
nicht angeruhrt.
diß steyn alles,

was er darmit zu thun gehabt und¬
dar von biße.
Endete hiermit keine Außang, sto Er¬
alsto ablestend angehört und bestäckiget.
Actum ut Supra.</Unicode>
            </TextEquiv>
        </TextRegion>
    </Page>
</PcGts>
