3024 4032
223 307 319 411 8
202 1370 388 1503 befragt
194 1689 392 1797 Anfliort
300 1751 358 1897 2.
296 2034 367 2134 G.
477 348 1285 542 Eses Samen
747 501 906 589 Me
409 580 1408 751 Lans Kragenbusl, 9.
512 697 1379 809 burtig von Kaupers lögl, dermahlen
538 776 1367 883 zu Rudersleyl, Mohnhafft, Atatio
548 855 1327 960 25. Jahr, seines Handberces ein¬
545 929 1251 1042 Schloßer, seyn verheyrathet
573 1018 1231 1117 und habe ein halb Jähriges
713 1069 865 1194 An3.
414 1220 1340 1376 lamissa Expoctatione.
437 1379 1417 1511 3b Er nicht in der Nacht vom 13.te zum
369 1462 1396 1576 11te diß, als Zlouschen Freytag und Samb¬
371 1552 1399 1679 stag, in das Schloß Azigen Eingebrochen:
427 1672 536 1779 Ge.
380 1751 1333 1887 auf belche Meis und Manier er diese
380 1842 1404 1945 Boßhaffte That verrichtet, und umb welche¬
363 1936 537 2054 Rut2
389 2043 1393 2155 Er seye Freÿtags Abendts umb 9. Uhr zum
364 2116 1381 2218 Schloß gekommen, Alle Leuth seyen Bereits
377 2189 1404 2298 in der Kuhlo gewesen, da habe Er hinter der¬
374 2256 1420 2354 Scheulor ein Keiter genommen, Kließe keiter
364 2335 1405 2446 habe Er auf der Seiten gegen Abend, zbischen
358 2414 1419 2526 dem S. V: Heimblich Gemach und einem kleinen
357 2482 1413 2607 Nebend Gebaut oder Cabinet, an das Schloß
363 2579 1386 2693 unten an das Fenster angestellt. Den Fell¬
365 2647 1400 2780 Raden deß Fensters, so schon offen gebe¬
366 2724 1377 2848 sen, habe er abgeheuckt und auf den Boden
367 2815 1350 2941 gestellt, darnach habe er einen Spehr¬
368 2888 1396 3020 oder vielmehr ein Trösch-Flegel- Zaubt, so¬
365 2980 1371 3086 er auch bey der Scheulor genommen, ger
367 3044 1401 3162 braucht, umb einen Stab aus dem Eisernen
371 3129 1348 3254 Gitter vor obgedeuten Fenster aufzu¬
390 3205 1360 3311 wegen, welchen er auch also, oben aus¬
377 3279 1393 3413 dem Loch brummen, und vor nieder ligen
1242 3372 1414 3478 können
1537 401 1644 515 1.2
1622 3033 1678 3163 d
1611 3154 1675 3254 B
1628 393 1678 466 ex
1630 1162 1692 1256 d
1633 1311 1696 1411 d.
1620 1471 1685 1577 3.
1619 1689 1687 1791 G.
1618 1892 1682 2002 I.
1614 2038 1672 2164 B
1719 358 2749 520 Kamen, mid Hans Kragenbuse
1711 528 2697 664 können, dergestallten, daß Er durch das
1723 625 2220 734 och schleuffen mögen;
1701 704 2752 808 Diesemnoch habe er eine Scheiben zurstoßen
1708 777 2706 901 so daß er das Fenster bey den Riglen ger¬
1703 832 2718 965 röffnet und in das Gängl; hin Ein gestiegen
1708 911 2691 1037 Von dar seyn er inem Stubl, so mit Be¬¬
1705 991 2685 1094 schloßen, sonder die Thur nur in der Fallen¬
1709 1081 2182 1180 gewesen, gegangen.
1711 1162 2666 1262 Ob, Als Er in das Hauß hineingestiegen,
1699 1230 2395 1339 Er nicht alßobald Riecht gemacht?
1715 1315 2674 1426 Nein, habe deßen keines gebraucht, zu¬
1703 1390 2607 1495 mahlen es heiter Mondlchem gelesen.
1706 1463 2673 1595 Was Er in diesem Stubli, da wie Er sage, Er
1697 1554 2685 1650 zu Erst hingebomen, verrichtet und entwen¬
1694 1613 1843 1711 23
1708 1672 2695 1800 Hhier habe er nichts Entwendet, sonder, ohne
1707 1758 2712 1875 dich aufzuhalten, die thür gegen die Nebend¬
1701 1831 2212 1928 Steben aufgesprenget.
1707 1894 2719 2009 Auf welche Meis und mit Warfür Instru¬
1700 1972 2545 2067 menten Er dieße Thür aufgestrenget?
1699 2051 2650 2177 Er habe die Thür oben einwenig auftrücken
1699 2145 2670 2243 können, dann habe Er ein Allda gefundenen
1685 2209 2650 2318 Kuntel, Stecken gebraucht, umb nach und¬
1693 2280 2682 2368 nach das Schloß mit trücken zu forcieren.
1691 2357 2658 2468 Wie dann endtlich etbas an dem Schloß¬
1691 2421 2677 2546 abgesprungen, borauf die theren sich eröff¬
1685 2494 1812 2573 guet.
1685 2558 2686 2677 Gierausf seyn er in die Zloeyte Stuben ge¬¬
1682 2663 2702 2748 gangen, Allloo sich ein Bett befunden, habe
1697 2719 2664 2821 aber damahlen noch nichts in dieser Stuben
1691 2783 2666 2881 entlendet, sonderen seyn aus derselben
1685 2836 2689 2921 in die dritte, nämlich die Audienz- Steben¬
1679 2914 2673 3032 gelesen, dahin er durch eine Völlig offen¬
1679 2980 2299 3101 gefundene Thür gekommen.
1700 3054 2682 3194 Was Er nun in der Audient, Stuben gethan,
1696 3145 2673 3277 Dorten habe er mitlest eines mit sich getra¬
1687 3225 2689 3326 igenn Dieterichs, das Burcau aufgemacht,
1678 3282 2648 3401 darnach habe Er aus der Schreibzeug-Schube.
2461 3384 2625 3455 Laden
