3024 4032
283 2926 363 3045 B
345 2044 426 2165 B.
399 407 548 485 280.
612 444 1351 628 aria Südmer
534 603 1517 754 In der Kindts Woht auf der Heimlichkit
532 685 1513 817 gelesten, nicht daran Sinnen und übera¬
520 774 1541 913 heuget geynsollen, daß die Zeit der Knisig¬
528 880 1523 1015 vorhanden, das seyn äußert alle in zweifel¬
527 974 1501 1089 Es werde dieses in seinem Herzen mehrals
506 1063 1441 1183 zu wohl gesführen, also könne nichts¬
515 1156 1481 1285 anders als die Scham seine boßhaffte und
503 1253 1514 1389 vorstehliche That zu offenbahren, ihns hete,
499 1341 1505 1461 halten, seine Bebautnuß frey abzustaken
509 1433 1455 1569 allein die Umbstand geyengo beschaffen,
493 1538 1452 1644 daß man dar nicht daeran komen werde,
491 1604 1452 1768 derohalben es ermahnt seye, offenherzig¬
484 1712 1476 1838 die Bahrheit an Sag zu geben, damit es¬
484 1793 1492 1933 nicht durch hartneibigkeit sein verbrechen
452 1904 891 1993 schwarer mache?
479 2068 1490 2192 Es habe freylich allezeit gezweifftet, es möchte
461 2157 1491 2278 Schwänger seyn, aber weilen es keine Gebaäfe
437 2228 1432 2342 sheit wei darüber gehabt, so habe es nicht
458 2304 1444 2421 bekennen konnen. Übrigens hadte ihns
443 2394 1462 2515 die Schen vor der Straaf nicht verhinderet
428 2488 1400 2606 zu bekennen, weilen es nicht das erste
431 2591 1402 2715 so in diesen fehler gefallen, allein die
425 2673 1433 2818 schon offt gestagt, es habe nichts gewußes
418 2772 673 2888 gebußt.
405 2951 1395 3079 Als es hiebevor gefragt worden, worum
414 3042 1424 3166 nach seiner Renißt, als es wieder in die
398 3110 1446 3252 Stuben gekommen, und noch deß Morgend
389 3222 1396 3356 Insonderheit, daseine Sebend Magd¬
398 3318 1397 3458 ihns gefragt, wo es ihme fehle? Es von
1171 3437 1459 3549 demjenigen
1622 1394 1716 1533 R.
1611 1803 1706 1924 A
1617 2234 1689 2342 dh
1612 2560 1681 2672 B
1880 522 2553 689 Maria Wüsirer
1745 658 2705 795 denjjenigen, so mit ihme vorgegangen
1767 749 2732 867 nemanden nichts eröffnetc habe es
1750 823 2711 961 gesagt, es berne anders nichts als gem
1752 905 2655 1038 verstochtes Herz vorschuzen, und gege
1745 990 2714 1102 ihme leyzt, daß es nichts gestagt to. Wie
1736 1081 2654 1211 es das einlenden könne, da es anjezo
1741 1176 2765 1301 von allei vorgegangenen nichts wi den
1745 1281 1913 1390 wolle.
1745 1416 2722 1531 Es habe durch sein Stillschweigen darinen
1738 1480 2733 1601 gefehlet, beilen es gesführet, daß etwas
1747 1552 2642 1675 von ihme gegangen, das nicht recht
1734 1645 1873 1760 gegse.
1741 1787 2712 1954 Was es darmit außtrucken wolle, es zege¬
1729 1896 2738 2026 etloas vorgegangen, das nicht rechtgege;
1732 1994 2743 2117 ob es nicht das sagen wolle, daß es gespuct¬
1721 2076 2476 2200 es seye Kindbecerin worden?
1730 2197 2667 2359 Es habe daran gezloeifftet, aber weilen es¬
1733 2315 2664 2446 kein Kind gestehen, so habe es gelaußes
1717 2407 2316 2508 davon nichts gelußt.
1737 2572 2626 2693 Resto bekenne es, daß es benigstens
1721 2653 2665 2773 en Zleiffel darüber gelesten, es möchte
1709 2718 2659 2844 ein Kind gebohren haben; da es nun
1720 2810 2677 2914 in solchem Zleisfel niemand nichts davon
1697 2892 2620 3030 geosfenbaret, auch so gar nicht, als es
1708 2978 2648 3104 darüber gefragt worden, so könne es sih
1718 3095 2627 3203 über diese boßhaffte und vorstehliche
1714 3177 2661 3291 Leichtfinnigkeit gar nicht entschuldigen
1682 3272 2666 3368 zumalen nur die bloße Leichtstinigkeit
1699 3347 2625 3469 dem Armen Kind das Leben gekostet
2416 3450 2658 3544 gleichlich
2695 462 2822 544 281.
