<?xml version="1.0" encoding="UTF-8" standalone="yes"?>
<PcGts xmlns="http://schema.primaresearch.org/PAGE/gts/pagecontent/2013-07-15" xmlns:xsi="http://www.w3.org/2001/XMLSchema-instance" xsi:schemaLocation="http://schema.primaresearch.org/PAGE/gts/pagecontent/2013-07-15 http://schema.primaresearch.org/PAGE/gts/pagecontent/2013-07-15/pagecontent.xsd">
    <Metadata>
        <Creator>prov=University of Rostock/Institute of Mathematics/CITlab|PLANET AI GmbH/Gundram Leifert/gundram.leifert@planet-ai.de:name=Transkribus German Kurrent M2(htr_id=29820)::::v=2.6.7
prov=University of Rostock/Institute of Mathematics/CITlab|PLANET AI GmbH/Tobias Gruening/tobias.gruening@planet-ai.de:name=de.uros.citlab.module.baseline2polygon.B2PSeamMultiOriented:v=2.6.7
prov=University of Rostock/Institute of Mathematics/CITlab|PLANET AI GmbH/Tobias Gruening/tobias.gruening@planet-ai.de:name=/net_tf/LA73_249_0mod360.pb:de.uros.citlab.segmentation.CITlab_LA_ML:v=2.6.7
Transkribus</Creator>
        <Created>2022-05-02T15:42:01.021+02:00</Created>
        <LastChange>2022-09-12T15:33:45.189+02:00</LastChange>
        <TranskribusMetadata docId="1334851" pageId="52363188" pageNr="117" tsid="114645128" status="IN_PROGRESS" userId="9570" imgUrl="https://files.transkribus.eu/Get?id=TTVALGBIDMAZCRLEPVMUSCJI&amp;fileType=view" xmlUrl="https://files.transkribus.eu/Get?id=DERURMJXBRNUAJKEIIRHWRQH" imageId="30691635"/>
    </Metadata>
    <Page imageFilename="IMG_7119.jpg" imageWidth="3024" imageHeight="4032">
        <ReadingOrder>
            <OrderedGroup id="ro_1687513621794" caption="Regions reading order">
                <RegionRefIndexed index="0" regionRef="r1"/>
                <RegionRefIndexed index="1" regionRef="r2"/>
                <RegionRefIndexed index="2" regionRef="r3"/>
            </OrderedGroup>
        </ReadingOrder>
        <TextRegion orientation="0.0" id="r1" custom="readingOrder {index:0;}">
            <Coords points="372,349 372,502 504,502 504,349"/>
            <TextLine id="r1l1" custom="readingOrder {index:0;}">
                <Coords points="365,469 374,472 398,458 408,463 420,458 428,466 436,461 441,466 454,465 468,455 489,453 499,442 511,440 512,394 492,391 486,396 478,389 470,393 454,388 444,398 429,399 415,391 391,389 378,399 366,397"/>
                <Baseline points="372,449 398,449 424,449 451,449 477,450 504,452"/>
                <TextEquiv>
                    <Unicode>228</Unicode>
                </TextEquiv>
            </TextLine>
            <TextEquiv>
                <Unicode>228</Unicode>
            </TextEquiv>
        </TextRegion>
        <TextRegion orientation="0.0" id="r2" custom="readingOrder {index:1;}">
            <Coords points="371,545 371,3495 1523,3495 1523,545"/>
            <TextLine id="r2l1" custom="readingOrder {index:0;}">
                <Coords points="497,611 742,639 923,607 1530,666 1532,614 1290,545 1189,570 661,520 554,564 501,527"/>
                <Baseline points="504,588 557,590 611,591 664,591 718,591 772,591 825,590 879,588 933,588 986,587 1040,588 1093,589 1147,592 1201,596 1254,600 1308,608 1362,617 1415,629 1469,643 1523,660"/>
                <TextEquiv>
                    <Unicode>Den Ohrt anzeigen wolle, wo dieses Ungle¬</Unicode>
                </TextEquiv>
            </TextLine>
            <TextLine id="r2l2" custom="readingOrder {index:1;}">
                <Coords points="494,712 918,693 1260,712 1484,767 1505,678 1036,615 967,643 903,608 784,665 496,649"/>
                <Baseline points="501,683 550,686 600,686 650,686 700,686 750,684 799,683 849,681 899,681 949,680 999,680 1048,680 1098,680 1148,681 1198,685 1248,689 1297,694 1347,702 1397,712 1447,722 1497,737"/>
                <TextEquiv>
                    <Unicode>beschehen. Worauf derselbe mit deuk¬</Unicode>
                </TextEquiv>
            </TextLine>
            <TextLine id="r2l3" custom="readingOrder {index:2;}">
                <Coords points="484,784 664,819 861,792 937,820 998,788 1350,836 1485,816 1486,773 1260,712 1219,751 1028,703 789,740 545,717 485,749"/>
                <Baseline points="492,770 541,773 590,774 640,774 689,774 738,774 788,773 837,771 886,770 936,768 985,768 1034,767 1084,768 1133,769 1182,771 1232,774 1281,779 1330,786 1380,793 1429,803 1479,815"/>
                <TextEquiv>
                    <Unicode>dlicher dennoch fehrst hracher Stimme sich</Unicode>
                </TextEquiv>
            </TextLine>
            <TextLine id="r2l4" custom="readingOrder {index:3;}">
                <Coords points="481,886 1464,918 1465,865 1251,808 1181,833 1128,799 1040,837 483,812"/>
                <Baseline points="489,863 537,866 585,867 634,868 682,869 731,867 779,867 828,866 876,864 925,864 973,863 1021,863 1070,863 1118,864 1167,866 1215,868 1264,873 1312,877 1361,884 1409,893 1458,903"/>
                <TextEquiv>
                    <Unicode>vernommen ließe; Ich bill als ein</Unicode>
                </TextEquiv>
            </TextLine>
            <TextLine id="r2l5" custom="readingOrder {index:4;}">
                <Coords points="477,1000 726,979 842,1008 1131,965 1462,1011 1463,945 1380,921 1258,914 1200,947 1050,889 1004,924 641,900 578,925 480,886"/>
                <Baseline points="485,962 533,963 582,963 630,963 679,962 727,962 776,960 824,960 873,959 921,959 970,959 1018,959 1067,959 1115,961 1164,963 1212,967 1261,971 1309,977 1358,983 1406,991 1455,1001"/>
                <TextEquiv>
                    <Unicode>Ehrlicher Mann absterben, es ist ein</Unicode>
                </TextEquiv>
            </TextLine>
            <TextLine id="r2l6" custom="readingOrder {index:5;}">
                <Coords points="481,1074 561,1106 643,1067 788,1091 984,1057 1021,1084 1425,1096 1447,1047 1238,992 983,1024 718,987 481,1020"/>
                <Baseline points="488,1056 535,1058 583,1059 630,1059 678,1059 726,1058 773,1056 821,1055 868,1053 916,1053 964,1052 1011,1050 1059,1050 1106,1051 1154,1052 1202,1055 1249,1058 1297,1063 1344,1069 1392,1076 1440,1085"/>
                <TextEquiv>
                    <Unicode>Unglüch, ich bill nicht auß einem</Unicode>
                </TextEquiv>
            </TextLine>
            <TextLine id="r2l7" custom="readingOrder {index:6;}">
                <Coords points="465,1182 784,1150 822,1185 1067,1159 1280,1174 1338,1217 1473,1207 1474,1151 1307,1101 927,1124 870,1087 626,1077 571,1111 468,1074"/>
                <Baseline points="473,1149 522,1151 572,1151 622,1151 671,1151 721,1149 771,1149 820,1148 870,1148 920,1146 970,1146 1019,1146 1069,1148 1119,1149 1168,1152 1218,1155 1268,1160 1317,1167 1367,1175 1417,1184 1467,1194"/>
                <TextEquiv>
                    <Unicode>Angleck zwey machen, ich bice Ei</Unicode>
                </TextEquiv>
            </TextLine>
            <TextLine id="r2l8" custom="readingOrder {index:7;}">
                <Coords points="469,1264 914,1276 965,1248 1456,1295 1457,1237 1207,1191 471,1208"/>
                <Baseline points="476,1239 524,1241 573,1241 621,1241 670,1241 719,1241 767,1239 816,1239 865,1239 913,1239 962,1239 1011,1241 1059,1242 1108,1243 1157,1245 1205,1250 1254,1254 1303,1258 1351,1266 1400,1273 1449,1281"/>
                <TextEquiv>
                    <Unicode>auch hierüber nichts mehr zufragen,</Unicode>
                </TextEquiv>
            </TextLine>
            <TextLine id="r2l9" custom="readingOrder {index:8;}">
                <Coords points="466,1359 652,1373 742,1342 823,1384 1114,1354 1174,1385 1243,1357 1479,1395 1482,1312 1286,1318 1198,1273 1103,1294 999,1265 664,1298 469,1263"/>
                <Baseline points="474,1323 526,1326 579,1328 631,1328 684,1329 736,1329 789,1328 842,1328 894,1328 947,1328 999,1329 1052,1331 1104,1332 1157,1334 1210,1338 1262,1344 1315,1349 1367,1357 1420,1366 1473,1377"/>
                <TextEquiv>
                    <Unicode>und nach einigem stillschweigen dunkbe</Unicode>
                </TextEquiv>
            </TextLine>
            <TextLine id="r2l10" custom="readingOrder {index:9;}">
                <Coords points="455,1459 961,1435 1480,1470 1481,1417 1424,1388 1339,1422 1224,1360 1115,1392 999,1356 801,1387 717,1360 568,1395 509,1357 457,1375"/>
                <Baseline points="462,1419 512,1421 563,1422 613,1424 664,1424 714,1424 765,1424 815,1423 866,1422 916,1422 967,1422 1018,1422 1068,1424 1119,1425 1169,1427 1220,1430 1270,1434 1321,1439 1371,1446 1422,1453 1473,1463"/>
                <TextEquiv>
                    <Unicode>Ihne mit noch schlacherer stimme heren</Unicode>
                </TextEquiv>
            </TextLine>
            <TextLine id="r2l11" custom="readingOrder {index:10;}">
                <Coords points="472,1554 722,1530 887,1562 967,1538 1476,1567 1478,1497 1265,1492 1207,1460 1084,1496 946,1465 661,1496 474,1470"/>
                <Baseline points="480,1515 529,1515 579,1516 628,1517 678,1517 727,1516 777,1515 826,1515 876,1515 925,1517 975,1517 1024,1517 1074,1518 1123,1520 1173,1522 1222,1524 1272,1528 1321,1532 1371,1538 1420,1543 1470,1550"/>
                <TextEquiv>
                    <Unicode>tagen, peut itre que jin suismor meme</Unicode>
                </TextEquiv>
            </TextLine>
            <TextLine id="r2l12" custom="readingOrder {index:11;}">
                <Coords points="470,1636 773,1632 879,1669 1463,1636 1463,1590 1429,1582 1187,1586 1096,1550 1046,1580 863,1548 681,1586 470,1576"/>
                <Baseline points="476,1622 525,1622 574,1622 623,1620 672,1619 721,1619 770,1617 819,1616 868,1616 917,1614 966,1614 1015,1614 1064,1614 1113,1614 1162,1615 1211,1617 1260,1619 1309,1621 1358,1624 1407,1627 1457,1632"/>
                <TextEquiv>
                    <Unicode>la cause: und biederholte nachwerts¬</Unicode>
                </TextEquiv>
            </TextLine>
            <TextLine id="r2l13" custom="readingOrder {index:12;}">
                <Coords points="456,1742 726,1754 788,1725 871,1767 1020,1718 1370,1758 1461,1740 1461,1664 1233,1653 1140,1685 946,1651 784,1692 540,1642 456,1681"/>
                <Baseline points="462,1715 511,1718 561,1719 610,1719 660,1719 710,1719 759,1718 809,1718 858,1716 908,1715 958,1715 1007,1713 1057,1713 1106,1713 1156,1713 1206,1713 1255,1715 1305,1716 1354,1720 1404,1723 1454,1728"/>
                <TextEquiv>
                    <Unicode>noch einmahl, Ich recommendieen Euch¬</Unicode>
                </TextEquiv>
            </TextLine>
            <TextLine id="r2l14" custom="readingOrder {index:13;}">
                <Coords points="452,1820 735,1810 1092,1855 1217,1813 1286,1853 1458,1839 1459,1798 1092,1743 1017,1777 968,1753 887,1780 774,1737 452,1772"/>
                <Baseline points="459,1811 508,1812 558,1812 607,1812 657,1812 707,1811 756,1811 806,1811 856,1809 905,1809 955,1809 1005,1809 1054,1809 1104,1809 1154,1811 1203,1812 1253,1814 1303,1817 1352,1820 1402,1823 1452,1827"/>
                <TextEquiv>
                    <Unicode>Weib und Kind; darauf hin der Herr¬</Unicode>
                </TextEquiv>
            </TextLine>
            <TextLine id="r2l15" custom="readingOrder {index:14;}">
                <Coords points="438,1940 641,1903 774,1932 1137,1903 1218,1934 1498,1928 1498,1898 1363,1842 1179,1879 949,1830 733,1861 438,1841"/>
                <Baseline points="444,1905 496,1907 548,1908 601,1908 653,1908 705,1907 758,1905 810,1905 862,1904 915,1902 967,1901 1019,1899 1072,1899 1124,1899 1176,1899 1229,1901 1281,1903 1333,1906 1386,1910 1438,1915 1491,1922"/>
                <TextEquiv>
                    <Unicode>Depl. Moralische Discursen angefangen.</Unicode>
                </TextEquiv>
            </TextLine>
            <TextLine id="r2l16" custom="readingOrder {index:15;}">
                <Coords points="1183,1965 1194,1966 1200,1961 1202,1964 1205,1961 1214,1963 1221,1957 1236,1954 1246,1958 1255,1953 1270,1958 1280,1957 1283,1913 1274,1910 1252,1918 1236,1902 1214,1906 1211,1902 1200,1903 1187,1909"/>
                <Baseline points="1191,1952 1218,1953 1246,1955 1274,1956"/>
                <TextEquiv>
                    <Unicode>ala</Unicode>
                </TextEquiv>
            </TextLine>
            <TextLine id="r2l17" custom="readingOrder {index:16;}">
                <Coords points="1296,1977 1316,1975 1322,1979 1357,1974 1378,1984 1391,1982 1399,1909 1381,1910 1373,1917 1353,1912 1342,1920 1337,1915 1319,1925 1302,1918"/>
                <Baseline points="1305,1958 1332,1961 1359,1964 1386,1967"/>
                <TextEquiv>
                    <Unicode>2</Unicode>
                </TextEquiv>
            </TextLine>
            <TextLine id="r2l18" custom="readingOrder {index:17;} person {offset:16; length:11;}">
                <Coords points="432,2018 985,2006 1100,2040 1226,2003 1479,2041 1479,1983 1177,1936 1006,1968 922,1940 870,1972 431,1943"/>
                <Baseline points="438,2000 489,2003 541,2005 593,2006 645,2007 696,2007 748,2006 800,2006 852,2004 903,2003 955,2001 1007,2000 1059,2000 1110,1998 1162,1998 1214,1999 1266,2000 1317,2002 1369,2005 1421,2009 1473,2013"/>
                <TextEquiv>
                    <Unicode>diese deß Herrn Fellenbergs Gestimung¬</Unicode>
                </TextEquiv>
            </TextLine>
            <TextLine id="r2l19" custom="readingOrder {index:18;}">
                <Coords points="417,2126 491,2108 571,2162 929,2098 1441,2118 1440,2074 1321,2035 416,2049"/>
                <Baseline points="423,2097 473,2099 524,2100 574,2100 625,2102 675,2100 726,2100 776,2099 827,2097 877,2097 928,2096 979,2094 1029,2093 1080,2093 1130,2091 1181,2092 1231,2093 1282,2094 1332,2097 1383,2100 1434,2105"/>
                <TextEquiv>
                    <Unicode>habe Er biß zu steinem tod Soutenent;</Unicode>
                </TextEquiv>
            </TextLine>
            <TextLine id="r2l20" custom="readingOrder {index:19;}">
                <Coords points="420,2234 487,2202 673,2238 889,2203 932,2234 1055,2191 1486,2214 1485,2165 1305,2121 1223,2153 1050,2153 1001,2116 419,2167"/>
                <Baseline points="426,2198 478,2200 531,2201 583,2201 636,2201 689,2200 741,2199 794,2198 847,2196 899,2193 952,2192 1005,2190 1057,2189 1110,2187 1163,2187 1215,2186 1268,2187 1321,2187 1373,2190 1426,2192 1479,2196"/>
                <TextEquiv>
                    <Unicode>jedeme Er herr Sepl. in denen öffteren</Unicode>
                </TextEquiv>
            </TextLine>
            <TextLine id="r2l21" custom="readingOrder {index:20;}">
                <Coords points="419,2347 502,2307 799,2349 1008,2296 1172,2330 1431,2301 1430,2235 1361,2220 1169,2254 762,2232 686,2262 540,2203 418,2239"/>
                <Baseline points="425,2292 477,2294 530,2295 582,2295 635,2295 687,2295 740,2295 793,2294 845,2292 898,2291 950,2289 1003,2288 1055,2287 1108,2286 1161,2285 1213,2283 1266,2283 1318,2283 1371,2283 1424,2285"/>
                <TextEquiv>
                    <Unicode>bestuchungen, so Er ihneen abgestadtet,</Unicode>
                </TextEquiv>
            </TextLine>
            <TextLine id="r2l22" custom="readingOrder {index:21;}">
                <Coords points="422,2400 941,2390 1047,2428 1369,2375 1434,2405 1456,2336 1175,2357 1115,2322 656,2371 593,2332 421,2361"/>
                <Baseline points="428,2385 479,2387 530,2388 581,2388 632,2389 683,2390 734,2390 786,2390 837,2390 888,2388 939,2388 990,2387 1041,2386 1092,2385 1144,2384 1195,2382 1246,2381 1297,2378 1348,2376 1399,2375 1451,2373"/>
                <TextEquiv>
                    <Unicode>nicht nur niemahlsuchts, ratione der</Unicode>
                </TextEquiv>
            </TextLine>
            <TextLine id="r2l23" custom="readingOrder {index:22;}">
                <Coords points="397,2525 596,2530 646,2496 886,2495 943,2529 1166,2493 1234,2514 1410,2490 1410,2435 1133,2451 975,2408 727,2448 396,2437"/>
                <Baseline points="404,2486 456,2486 509,2486 561,2486 614,2486 666,2486 719,2486 772,2486 824,2486 877,2486 929,2484 982,2484 1034,2484 1087,2483 1140,2483 1192,2481 1245,2481 1297,2480 1350,2480 1403,2478"/>
                <TextEquiv>
                    <Unicode>Hergangenheit, noch et wann einen</Unicode>
                </TextEquiv>
            </TextLine>
            <TextLine id="r2l24" custom="readingOrder {index:23;}">
                <Coords points="401,2596 655,2585 791,2632 857,2589 990,2624 1314,2585 1359,2619 1445,2587 1445,2529 1135,2517 929,2553 858,2511 797,2540 456,2512 400,2543"/>
                <Baseline points="407,2582 458,2583 510,2584 561,2585 613,2585 665,2586 716,2586 768,2585 819,2585 871,2585 923,2583 974,2583 1026,2582 1077,2580 1129,2580 1181,2578 1232,2577 1284,2576 1335,2574 1387,2573 1439,2571"/>
                <TextEquiv>
                    <Unicode>Nahmen außsprechen gehöret, sondern</Unicode>
                </TextEquiv>
            </TextLine>
            <TextLine id="r2l25" custom="readingOrder {index:24;}">
                <Coords points="395,2732 472,2687 630,2735 908,2685 1213,2720 1456,2684 1456,2641 1316,2597 1240,2637 395,2622"/>
                <Baseline points="402,2670 454,2673 506,2676 559,2679 611,2679 663,2681 716,2681 768,2681 820,2679 873,2679 925,2679 977,2678 1030,2677 1082,2676 1134,2675 1187,2675 1239,2675 1291,2675 1344,2675 1396,2676 1449,2678"/>
                <TextEquiv>
                    <Unicode>alle übrige anbestende, haben ihmeein</Unicode>
                </TextEquiv>
            </TextLine>
            <TextLine id="r2l26" custom="readingOrder {index:25;}">
                <Coords points="394,2804 506,2804 546,2787 642,2822 689,2805 718,2830 791,2789 825,2802 885,2785 887,2730 771,2723 744,2740 712,2716 617,2746 537,2698 396,2732"/>
                <Baseline points="402,2768 427,2769 452,2769 477,2769 502,2771 527,2772 552,2773 577,2774 602,2776 627,2778 653,2779 678,2780 703,2781 728,2781 753,2783 778,2783 803,2782 828,2781 853,2781 879,2778"/>
                <TextEquiv>
                    <Unicode>gleiches bezeuget.</Unicode>
                </TextEquiv>
            </TextLine>
            <TextLine id="r2l27" custom="readingOrder {index:26;}">
                <Coords points="1042,2792 1266,2786 1319,2810 1411,2783 1452,2793 1451,2724 1410,2715 1293,2750 1227,2715 1180,2718 1153,2701 1042,2726"/>
                <Baseline points="1049,2780 1075,2780 1101,2778 1128,2777 1154,2777 1181,2777 1207,2775 1233,2775 1260,2775 1286,2774 1313,2774 1339,2775 1365,2775 1392,2777 1418,2777 1445,2780"/>
                <TextEquiv>
                    <Unicode>von dem ersten</Unicode>
                </TextEquiv>
            </TextLine>
            <TextLine id="r2l28" custom="readingOrder {index:27;}">
                <Coords points="376,2888 554,2884 629,2921 721,2880 848,2924 951,2888 1070,2921 1383,2879 1383,2820 1246,2788 720,2829 615,2806 503,2843 376,2813"/>
                <Baseline points="383,2867 432,2868 482,2870 531,2873 581,2873 631,2874 680,2876 730,2876 780,2876 829,2876 879,2876 929,2876 978,2876 1028,2876 1078,2874 1127,2874 1177,2873 1227,2871 1276,2871 1326,2870 1376,2868"/>
                <TextEquiv>
                    <Unicode>Moment an, da Er Herr Reponent den</Unicode>
                </TextEquiv>
            </TextLine>
            <TextLine id="r2l29" custom="readingOrder {index:28;}">
                <Coords points="386,3005 556,2980 701,3017 902,2979 982,3011 1051,2973 1181,3010 1398,2961 1397,2914 1351,2908 1110,2937 1049,2910 949,2948 900,2914 385,2909"/>
                <Baseline points="392,2967 444,2968 497,2969 549,2970 602,2970 654,2972 707,2972 760,2972 812,2972 865,2972 917,2970 970,2970 1022,2969 1075,2967 1128,2966 1180,2964 1233,2963 1285,2960 1338,2957 1391,2954"/>
                <TextEquiv>
                    <Unicode>verbundten gestehen, habe Er beysich¬</Unicode>
                </TextEquiv>
            </TextLine>
            <TextLine id="r2l30" custom="readingOrder {index:29;}">
                <Coords points="380,3092 500,3118 656,3082 721,3118 816,3090 877,3138 1040,3085 1389,3106 1390,3028 1108,3006 758,3041 621,2988 576,3025 522,2995 381,3040"/>
                <Baseline points="387,3065 436,3066 486,3069 536,3071 586,3072 636,3074 685,3075 735,3077 785,3077 835,3078 885,3078 934,3080 984,3080 1034,3080 1084,3080 1134,3078 1183,3078 1233,3077 1283,3075 1333,3074 1383,3072"/>
                <TextEquiv>
                    <Unicode>alle Hoffnung vor Ihne verlohren,</Unicode>
                </TextEquiv>
            </TextLine>
            <TextLine id="r2l31" custom="readingOrder {index:30;}">
                <Coords points="365,3188 768,3187 845,3236 1095,3181 1369,3194 1369,3152 1241,3105 1094,3140 1017,3112 927,3165 747,3114 366,3120"/>
                <Baseline points="372,3167 421,3168 471,3170 520,3171 570,3173 619,3174 669,3176 718,3177 768,3178 817,3179 867,3180 916,3181 966,3182 1015,3183 1065,3183 1114,3183 1164,3183 1213,3183 1263,3183 1312,3182 1362,3182"/>
                <TextEquiv>
                    <Unicode>und deßent halber großen Kummer</Unicode>
                </TextEquiv>
            </TextLine>
            <TextLine id="r2l32" custom="readingOrder {index:31;}">
                <Coords points="365,3297 425,3314 457,3295 492,3317 535,3291 582,3306 653,3276 769,3312 835,3287 837,3226 758,3190 695,3211 642,3198 547,3238 465,3197 369,3188"/>
                <Baseline points="372,3266 397,3266 422,3266 448,3267 473,3267 498,3267 524,3267 549,3269 574,3270 600,3270 625,3272 650,3273 676,3274 701,3276 726,3278 752,3279 777,3281 802,3283 828,3284"/>
                <TextEquiv>
                    <Unicode>außgestanden;</Unicode>
                </TextEquiv>
            </TextLine>
            <TextLine id="r2l33" custom="readingOrder {index:32;}">
                <Coords points="929,3288 1041,3292 1073,3313 1169,3279 1193,3300 1234,3289 1279,3334 1371,3291 1437,3301 1436,3245 1359,3222 1307,3249 1231,3247 1218,3261 1017,3203 929,3222"/>
                <Baseline points="936,3282 962,3281 988,3281 1014,3279 1040,3279 1066,3279 1092,3279 1118,3279 1144,3279 1170,3279 1196,3279 1222,3279 1248,3279 1274,3278 1300,3278 1326,3278 1352,3278 1378,3276 1404,3276 1430,3275"/>
                <TextEquiv>
                    <Unicode>Und wie man Ihme</Unicode>
                </TextEquiv>
            </TextLine>
            <TextLine id="r2l34" custom="readingOrder {index:33;}">
                <Coords points="364,3371 483,3423 624,3379 680,3418 858,3386 1021,3424 1086,3390 1165,3409 1318,3372 1318,3343 1146,3319 976,3356 912,3312 365,3299"/>
                <Baseline points="371,3363 418,3363 465,3365 512,3365 559,3366 606,3368 653,3368 700,3369 747,3371 794,3372 841,3372 888,3374 935,3374 982,3375 1029,3375 1076,3375 1123,3375 1170,3374 1217,3374 1264,3372 1311,3369"/>
                <TextEquiv>
                    <Unicode>Sontags einigen hostnungs Schein</Unicode>
                </TextEquiv>
            </TextLine>
            <TextLine id="r2l35" custom="readingOrder {index:34;}">
                <Coords points="1172,3508 1186,3504 1209,3520 1234,3502 1286,3519 1333,3491 1344,3497 1363,3489 1404,3511 1404,3392 1373,3384 1351,3399 1329,3387 1284,3414 1263,3403 1172,3417"/>
                <Baseline points="1178,3468 1205,3470 1232,3470 1260,3470 1287,3468 1314,3467 1342,3468 1369,3470 1397,3474"/>
                <TextEquiv>
                    <Unicode>mndestie</Unicode>
                </TextEquiv>
            </TextLine>
            <TextEquiv>
                <Unicode>Den Ohrt anzeigen wolle, wo dieses Ungle¬
beschehen. Worauf derselbe mit deuk¬
dlicher dennoch fehrst hracher Stimme sich
vernommen ließe; Ich bill als ein
Ehrlicher Mann absterben, es ist ein
Unglüch, ich bill nicht auß einem
Angleck zwey machen, ich bice Ei
auch hierüber nichts mehr zufragen,
und nach einigem stillschweigen dunkbe
Ihne mit noch schlacherer stimme heren
tagen, peut itre que jin suismor meme
la cause: und biederholte nachwerts¬
noch einmahl, Ich recommendieen Euch¬
Weib und Kind; darauf hin der Herr¬
Depl. Moralische Discursen angefangen.
ala
2
diese deß Herrn Fellenbergs Gestimung¬
habe Er biß zu steinem tod Soutenent;
jedeme Er herr Sepl. in denen öffteren
bestuchungen, so Er ihneen abgestadtet,
nicht nur niemahlsuchts, ratione der
Hergangenheit, noch et wann einen
Nahmen außsprechen gehöret, sondern
alle übrige anbestende, haben ihmeein
gleiches bezeuget.
von dem ersten
Moment an, da Er Herr Reponent den
verbundten gestehen, habe Er beysich¬
alle Hoffnung vor Ihne verlohren,
und deßent halber großen Kummer
außgestanden;
Und wie man Ihme
Sontags einigen hostnungs Schein
mndestie</Unicode>
            </TextEquiv>
        </TextRegion>
        <TextRegion orientation="0.0" id="r3" custom="readingOrder {index:2;}">
            <Coords points="1686,411 1686,3475 2832,3475 2832,411"/>
            <TextLine id="r3l1" custom="readingOrder {index:0;}">
                <Coords points="2636,488 2675,490 2698,502 2749,489 2763,478 2771,483 2828,449 2840,454 2843,407 2832,405 2805,420 2780,399 2752,413 2722,395 2694,404 2660,392 2641,401"/>
                <Baseline points="2645,453 2671,454 2698,455 2725,458 2751,458 2778,460 2805,462 2832,464"/>
                <TextEquiv>
                    <Unicode>229. 1.</Unicode>
                </TextEquiv>
            </TextLine>
            <TextLine id="r3l2" custom="readingOrder {index:1;}">
                <Coords points="1747,660 2008,614 2119,644 2197,619 2287,668 2497,632 2758,672 2759,580 2676,546 2616,577 2536,548 2280,582 2226,556 1917,590 1836,546 1749,568"/>
                <Baseline points="1754,635 1803,628 1853,623 1903,617 1953,615 2003,612 2053,611 2102,612 2152,612 2202,614 2252,615 2302,618 2352,621 2402,624 2451,627 2501,630 2551,632 2601,634 2651,635 2701,636 2751,636"/>
                <TextEquiv>
                    <Unicode>machen wollen, habe er geantwortet, Wir</Unicode>
                </TextEquiv>
            </TextLine>
            <TextLine id="r3l3" custom="readingOrder {index:2;}">
                <Coords points="1744,731 1829,753 1965,712 2188,715 2350,760 2397,724 2690,730 2690,672 2480,654 2435,681 2348,646 2285,669 2137,641 1968,682 1840,650 1744,691"/>
                <Baseline points="1751,720 1797,713 1844,709 1890,705 1937,701 1984,701 2030,699 2077,699 2124,699 2170,701 2217,702 2264,704 2310,705 2357,708 2404,710 2450,712 2497,714 2544,715 2590,716 2637,717 2684,717"/>
                <TextEquiv>
                    <Unicode>müßen den dricken Tag abwarten;</Unicode>
                </TextEquiv>
            </TextLine>
            <TextLine id="r3l4" custom="readingOrder {index:3;}">
                <Coords points="1728,828 1928,839 2026,809 2094,835 2204,795 2315,842 2388,816 2671,840 2742,826 2743,762 2450,743 2322,772 2280,741 2218,769 2087,715 2017,749 1885,731 1728,766"/>
                <Baseline points="1734,806 1784,801 1834,798 1884,795 1934,792 1984,791 2034,789 2084,789 2134,789 2184,789 2235,789 2285,791 2335,792 2385,794 2435,795 2485,798 2535,800 2585,801 2635,803 2685,804 2736,807"/>
                <TextEquiv>
                    <Unicode>Montags habe Er Amts geschaffen halber,</Unicode>
                </TextEquiv>
            </TextLine>
            <TextLine id="r3l5" custom="readingOrder {index:4;}">
                <Coords points="1742,912 1941,905 2021,940 2131,896 2400,890 2642,922 2697,905 2698,845 2628,863 2389,815 2316,847 1743,830"/>
                <Baseline points="1749,888 1796,884 1843,882 1890,879 1937,878 1984,876 2031,876 2078,876 2125,877 2172,878 2220,879 2267,881 2314,882 2361,884 2408,885 2455,888 2502,890 2549,892 2596,894 2643,896 2691,897"/>
                <TextEquiv>
                    <Unicode>den ganzen Tag den verbundten nicht</Unicode>
                </TextEquiv>
            </TextLine>
            <TextLine id="r3l6" custom="readingOrder {index:5;}">
                <Coords points="1739,998 2095,971 2502,1028 2572,1003 2644,1047 2772,1018 2774,974 2385,913 2248,952 2149,910 2046,945 1920,916 1741,944"/>
                <Baseline points="1746,977 1797,971 1848,968 1899,966 1950,965 2001,963 2052,963 2103,965 2154,966 2205,968 2256,972 2307,974 2358,977 2409,982 2460,986 2511,990 2562,994 2613,998 2664,1002 2715,1007 2766,1010"/>
                <TextEquiv>
                    <Unicode>bestuchen konnen, und dienstag Morgens</Unicode>
                </TextEquiv>
            </TextLine>
            <TextLine id="r3l7" custom="readingOrder {index:6;}">
                <Coords points="1733,1090 2044,1067 2098,1109 2161,1069 2595,1128 2720,1105 2746,1056 2658,1073 2473,1018 2411,1049 2279,1001 2192,1022 2094,971 2006,1023 1737,998"/>
                <Baseline points="1740,1070 1789,1065 1839,1062 1889,1058 1939,1057 1989,1056 2039,1056 2089,1058 2139,1059 2189,1062 2239,1065 2288,1068 2338,1071 2388,1074 2438,1079 2488,1082 2538,1086 2588,1089 2638,1093 2688,1096 2738,1098"/>
                <TextEquiv>
                    <Unicode>habe er den Tod seines Herrn Schwägers</Unicode>
                </TextEquiv>
            </TextLine>
            <TextLine id="r3l8" custom="readingOrder {index:7;}">
                <Coords points="1726,1203 1868,1164 2059,1188 2138,1164 2628,1217 2740,1203 2741,1173 2134,1095 2063,1138 1989,1090 1845,1091 1728,1137"/>
                <Baseline points="1734,1172 1786,1167 1839,1163 1891,1160 1944,1158 1996,1158 2049,1158 2102,1160 2154,1161 2207,1164 2259,1166 2312,1169 2364,1172 2417,1175 2470,1179 2522,1182 2575,1185 2627,1188 2680,1191 2733,1193"/>
                <TextEquiv>
                    <Unicode>höchst bedaurend vernommen, da er dann</Unicode>
                </TextEquiv>
            </TextLine>
            <TextLine id="r3l9" custom="readingOrder {index:8;}">
                <Coords points="1733,1265 1932,1293 1977,1263 2015,1291 2069,1256 2246,1252 2324,1309 2414,1272 2602,1320 2689,1279 2691,1228 2588,1207 2515,1253 2372,1192 2152,1234 2001,1198 1825,1226 1735,1203"/>
                <Baseline points="1740,1259 1787,1255 1834,1253 1881,1251 1928,1250 1975,1250 2022,1250 2069,1251 2116,1253 2163,1255 2211,1257 2258,1259 2305,1263 2352,1266 2399,1269 2446,1272 2493,1275 2540,1278 2587,1280 2634,1282 2682,1284"/>
                <TextEquiv>
                    <Unicode>sogleich sich in das Bauß verfungt</Unicode>
                </TextEquiv>
            </TextLine>
            <TextLine id="r3l10" custom="readingOrder {index:9;}">
                <Coords points="2047,1333 2109,1302 2138,1312 2159,1304 2192,1307 2204,1301 2214,1308 2253,1300 2252,1252 2185,1265 2161,1261 2151,1250 2140,1261 2114,1256 2085,1276 2077,1273 2065,1285 2047,1287"/>
                <Baseline points="2054,1307 2081,1304 2108,1302 2136,1301 2163,1301 2191,1302 2218,1303 2246,1305"/>
                <TextEquiv>
                    <Unicode>betrübte</Unicode>
                </TextEquiv>
            </TextLine>
            <TextLine id="r3l11" custom="readingOrder {index:10;}">
                <Coords points="1721,1367 1880,1348 2059,1390 2156,1366 2247,1404 2373,1368 2507,1416 2717,1392 2729,1347 2668,1320 2512,1356 2289,1294 2073,1321 1962,1279 1722,1329"/>
                <Baseline points="1728,1352 1777,1349 1827,1347 1876,1346 1926,1346 1976,1346 2025,1347 2075,1349 2125,1350 2174,1352 2224,1356 2274,1359 2323,1361 2373,1365 2423,1368 2472,1370 2522,1374 2572,1376 2621,1379 2671,1380 2721,1382"/>
                <TextEquiv>
                    <Unicode>und die höchst Hinterlaßene in groser</Unicode>
                </TextEquiv>
            </TextLine>
            <TextLine id="r3l12" custom="readingOrder {index:11;}">
                <Coords points="1735,1462 1900,1447 1966,1489 2047,1470 2107,1486 2166,1461 2246,1485 2255,1431 2185,1420 2150,1391 1895,1424 1820,1424 1770,1385 1736,1395"/>
                <Baseline points="1742,1452 1767,1449 1792,1446 1817,1445 1843,1443 1868,1442 1893,1442 1918,1440 1944,1442 1969,1442 1994,1442 2019,1443 2045,1444 2070,1446 2095,1447 2120,1449 2146,1450 2171,1452 2196,1452 2221,1454 2247,1455"/>
                <TextEquiv>
                    <Unicode>Traur angetroffen.</Unicode>
                </TextEquiv>
            </TextLine>
            <TextLine id="r3l13" custom="readingOrder {index:12;} person {offset:10; length:7;}">
                <Coords points="2317,1502 2373,1518 2441,1460 2479,1497 2555,1478 2613,1517 2661,1505 2763,1558 2768,1442 2674,1441 2617,1412 2521,1433 2465,1396 2320,1426"/>
                <Baseline points="2324,1472 2349,1470 2375,1469 2400,1467 2426,1467 2451,1467 2477,1467 2503,1469 2528,1469 2554,1471 2579,1472 2605,1474 2631,1476 2656,1477 2682,1480 2707,1482 2733,1486 2759,1488"/>
                <TextEquiv>
                    <Unicode>H: Docter Koßalit</Unicode>
                </TextEquiv>
            </TextLine>
            <TextLine id="r3l14" custom="readingOrder {index:13;}">
                <Coords points="1711,1579 1825,1597 2038,1548 2149,1591 2275,1562 2542,1613 2697,1585 2699,1521 2666,1510 2398,1501 2333,1531 2072,1469 1995,1506 1915,1471 1714,1499"/>
                <Baseline points="1719,1541 1767,1541 1816,1541 1864,1541 1913,1541 1962,1541 2010,1542 2059,1544 2107,1545 2156,1547 2205,1548 2253,1550 2302,1553 2350,1554 2399,1557 2448,1560 2496,1563 2545,1566 2593,1568 2642,1571 2691,1575"/>
                <TextEquiv>
                    <Unicode>habe Ihne Herrn Deponenten gefragt,</Unicode>
                </TextEquiv>
            </TextLine>
            <TextLine id="r3l15" custom="readingOrder {index:14;}">
                <Coords points="1719,1673 1847,1637 2112,1679 2153,1652 2527,1658 2767,1712 2771,1626 2569,1581 1722,1597"/>
                <Baseline points="1728,1634 1779,1632 1831,1632 1883,1632 1935,1632 1986,1632 2038,1633 2090,1634 2142,1637 2193,1638 2245,1641 2297,1643 2349,1646 2400,1647 2452,1650 2504,1653 2556,1656 2607,1661 2659,1664 2711,1667 2763,1670"/>
                <TextEquiv>
                    <Unicode>ob er nicht für gut befände und verlange</Unicode>
                </TextEquiv>
            </TextLine>
            <TextLine id="r3l16" custom="readingOrder {index:15;} person {offset:8; length:9;}">
                <Coords points="1705,1765 1845,1722 2133,1733 2220,1773 2341,1744 2609,1775 2620,1703 2482,1712 2329,1660 2233,1697 2016,1644 1926,1692 1764,1660 1707,1696"/>
                <Baseline points="1713,1719 1758,1718 1803,1718 1848,1718 1893,1718 1938,1718 1983,1719 2028,1721 2073,1722 2118,1724 2163,1727 2208,1728 2253,1730 2298,1732 2343,1734 2388,1736 2433,1737 2478,1740 2523,1740 2568,1742 2613,1743"/>
                <TextEquiv>
                    <Unicode>daß der Leichnahm geöfnet würde,</Unicode>
                </TextEquiv>
            </TextLine>
            <TextLine id="r3l17" custom="readingOrder {index:16;}">
                <Coords points="1705,1822 1954,1816 1998,1845 2111,1816 2202,1855 2288,1829 2462,1869 2722,1865 2750,1815 2400,1771 2337,1804 2248,1767 2155,1792 2062,1743 2014,1781 1893,1738 1707,1777"/>
                <Baseline points="1713,1802 1764,1802 1815,1802 1867,1802 1918,1803 1970,1805 2021,1806 2073,1808 2124,1811 2176,1814 2227,1817 2278,1820 2330,1823 2381,1826 2433,1829 2484,1832 2536,1834 2587,1836 2639,1838 2690,1839 2742,1841"/>
                <TextEquiv>
                    <Unicode>damit allenfalls möchte erzeiget werden,</Unicode>
                </TextEquiv>
            </TextLine>
            <TextLine id="r3l18" custom="readingOrder {index:17;}">
                <Coords points="1705,1901 1750,1925 1937,1892 2211,1943 2298,1913 2426,1956 2526,1921 2665,1963 2742,1938 2744,1903 1709,1813"/>
                <Baseline points="1712,1887 1763,1885 1814,1884 1865,1884 1916,1885 1968,1886 2019,1889 2070,1891 2121,1894 2172,1898 2224,1902 2275,1905 2326,1909 2377,1912 2428,1916 2480,1919 2531,1923 2582,1925 2633,1927 2684,1928 2736,1929"/>
                <TextEquiv>
                    <Unicode>daß der Tod nicht auß mangel nöhtiger</Unicode>
                </TextEquiv>
            </TextLine>
            <TextLine id="r3l19" custom="readingOrder {index:18;}">
                <Coords points="1704,2021 1868,1982 2149,2026 2376,1990 2716,2029 2745,2026 2749,1957 2651,1981 2485,1928 2432,1959 2177,1964 1841,1903 1708,1938"/>
                <Baseline points="1712,1974 1763,1973 1814,1973 1866,1973 1917,1973 1968,1974 2020,1976 2071,1978 2122,1981 2174,1983 2225,1987 2276,1989 2328,1993 2379,1997 2430,1999 2482,2002 2533,2006 2584,2008 2636,2010 2687,2013 2739,2015"/>
                <TextEquiv>
                    <Unicode>hilft und beforgung der Wunde causirt</Unicode>
                </TextEquiv>
            </TextLine>
            <TextLine id="r3l20" custom="readingOrder {index:19;}">
                <Coords points="1708,2093 1795,2109 1835,2085 1875,2100 1921,2084 1999,2097 2014,2083 2062,2080 2063,2036 2020,2041 1992,2027 1970,2041 1881,1993 1806,2014 1711,2018"/>
                <Baseline points="1716,2064 1742,2063 1768,2063 1794,2061 1820,2060 1846,2060 1872,2060 1898,2060 1924,2061 1950,2063 1976,2065 2002,2069 2028,2073 2055,2078"/>
                <TextEquiv>
                    <Unicode>worden:</Unicode>
                </TextEquiv>
            </TextLine>
            <TextLine id="r3l21" custom="readingOrder {index:20;}">
                <Coords points="2061,2129 2181,2097 2335,2123 2510,2104 2597,2144 2712,2108 2714,2059 2656,2046 2457,2047 2407,2027 2318,2046 2258,2023 2217,2044 2066,2016"/>
                <Baseline points="2070,2075 2101,2075 2133,2075 2165,2075 2197,2076 2229,2076 2260,2078 2292,2078 2324,2079 2356,2081 2388,2082 2419,2084 2451,2085 2483,2087 2515,2090 2547,2091 2578,2094 2610,2096 2642,2097 2674,2100 2706,2102"/>
                <TextEquiv>
                    <Unicode>Jn bedencken aber, daß¬</Unicode>
                </TextEquiv>
            </TextLine>
            <TextLine id="r3l22" custom="readingOrder {index:21;}">
                <Coords points="1714,2201 2001,2166 2149,2210 2744,2190 2745,2136 2596,2144 2508,2103 2383,2131 2182,2098 2032,2135 1717,2094"/>
                <Baseline points="1722,2160 1772,2160 1823,2160 1874,2160 1925,2162 1976,2162 2026,2163 2077,2163 2128,2165 2179,2166 2230,2168 2280,2169 2331,2170 2382,2172 2433,2174 2484,2175 2534,2177 2585,2179 2636,2180 2687,2183 2738,2184"/>
                <TextEquiv>
                    <Unicode>Er auß deß verstorbenen Reden alleZeit</Unicode>
                </TextEquiv>
            </TextLine>
            <TextLine id="r3l23" custom="readingOrder {index:22;}">
                <Coords points="1715,2272 1807,2298 1860,2267 2138,2259 2228,2307 2282,2282 2473,2316 2703,2292 2705,2214 2377,2230 2021,2190 1980,2218 1790,2179 1716,2203"/>
                <Baseline points="1722,2244 1770,2246 1819,2247 1868,2248 1916,2249 1965,2250 2014,2252 2062,2253 2111,2255 2160,2255 2209,2256 2257,2258 2306,2259 2355,2260 2403,2262 2452,2262 2501,2265 2549,2267 2598,2267 2647,2270 2696,2271"/>
                <TextEquiv>
                    <Unicode>schließen können, daß Er bünschte, die</Unicode>
                </TextEquiv>
            </TextLine>
            <TextLine id="r3l24" custom="readingOrder {index:23;}">
                <Coords points="1718,2357 2097,2388 2242,2342 2487,2380 2537,2354 2603,2392 2727,2377 2729,2316 2575,2296 2498,2325 2191,2316 2105,2277 1881,2300 1721,2267"/>
                <Baseline points="1725,2330 1774,2333 1824,2336 1874,2338 1924,2340 1974,2341 2023,2343 2073,2343 2123,2345 2173,2346 2223,2348 2272,2348 2322,2349 2372,2351 2422,2352 2472,2354 2521,2355 2571,2358 2621,2361 2671,2363 2721,2367"/>
                <TextEquiv>
                    <Unicode>Dachmöchte geheymb bleiben; Solches</Unicode>
                </TextEquiv>
            </TextLine>
            <TextLine id="r3l25" custom="readingOrder {index:24;}">
                <Coords points="1709,2436 1791,2470 1923,2423 2746,2467 2747,2406 2618,2383 2537,2420 2187,2363 2045,2400 1872,2356 1711,2391"/>
                <Baseline points="1716,2417 1767,2419 1818,2421 1869,2423 1920,2424 1971,2425 2022,2426 2074,2427 2125,2429 2176,2430 2227,2432 2278,2432 2329,2433 2380,2435 2432,2436 2483,2438 2534,2439 2585,2441 2636,2444 2687,2445 2739,2448"/>
                <TextEquiv>
                    <Unicode>aurch der Fraub Widtib nur noch Schmeh¬</Unicode>
                </TextEquiv>
            </TextLine>
            <TextLine id="r3l26" custom="readingOrder {index:25;}">
                <Coords points="1683,2560 1934,2521 2285,2572 2370,2534 2456,2575 2508,2536 2736,2551 2737,2481 2567,2493 2502,2447 2294,2509 2053,2458 1836,2486 1685,2453"/>
                <Baseline points="1691,2511 1745,2513 1800,2514 1855,2514 1909,2516 1964,2517 2019,2519 2073,2519 2128,2520 2183,2522 2237,2523 2292,2525 2347,2525 2401,2526 2456,2528 2511,2528 2565,2529 2620,2530 2675,2531 2730,2531"/>
                <TextEquiv>
                    <Unicode>hoffter vorbomen möchte; Insonder¬</Unicode>
                </TextEquiv>
            </TextLine>
            <TextLine id="r3l27" custom="readingOrder {index:26;} person {offset:29; length:8;}">
                <Coords points="1700,2651 1768,2616 2217,2679 2297,2631 2494,2628 2575,2671 2653,2630 2654,2593 2523,2606 2439,2565 2182,2558 2096,2592 1996,2548 1911,2588 1813,2546 1702,2572"/>
                <Baseline points="1707,2606 1756,2606 1805,2607 1855,2607 1904,2609 1954,2610 2003,2612 2052,2614 2102,2616 2151,2618 2201,2619 2250,2621 2300,2623 2349,2624 2398,2625 2448,2625 2497,2627 2547,2627 2596,2625 2646,2624"/>
                <TextEquiv>
                    <Unicode>heit aber da Er gedacht, der Traurige</Unicode>
                </TextEquiv>
            </TextLine>
            <TextLine id="r3l28" custom="readingOrder {index:27;}">
                <Coords points="1704,2754 2136,2780 2247,2728 2318,2784 2529,2734 2579,2775 2684,2748 2687,2673 2377,2669 2217,2706 2106,2664 1894,2684 1813,2635 1706,2668"/>
                <Baseline points="1712,2703 1760,2704 1808,2706 1857,2708 1905,2709 1953,2712 2002,2714 2050,2715 2098,2718 2147,2720 2195,2721 2243,2724 2292,2726 2340,2726 2388,2729 2437,2729 2485,2730 2533,2730 2582,2730 2630,2730 2679,2729"/>
                <TextEquiv>
                    <Unicode>Außgang gebe genügstames Riecht</Unicode>
                </TextEquiv>
            </TextLine>
            <TextLine id="r3l29" custom="readingOrder {index:28;}">
                <Coords points="1684,2805 1984,2810 2035,2851 2107,2815 2450,2846 2518,2821 2594,2864 2736,2834 2738,2770 2254,2794 2106,2753 1894,2782 1745,2736 1685,2760"/>
                <Baseline points="1691,2787 1745,2791 1800,2794 1855,2796 1909,2799 1964,2801 2019,2803 2073,2805 2128,2807 2183,2808 2237,2810 2292,2811 2347,2813 2401,2814 2456,2816 2511,2819 2565,2820 2620,2822 2675,2824 2730,2826"/>
                <TextEquiv>
                    <Unicode>darüber, um so mehr, als er seinersteits</Unicode>
                </TextEquiv>
            </TextLine>
            <TextLine id="r3l30" custom="readingOrder {index:29;}">
                <Coords points="1705,2893 2335,2904 2391,2932 2697,2915 2624,2856 2515,2878 2462,2849 2395,2884 2110,2840 2035,2871 1966,2820 1877,2867 1707,2845"/>
                <Baseline points="1712,2879 1760,2882 1809,2883 1858,2886 1907,2888 1956,2889 2005,2891 2054,2892 2103,2894 2152,2895 2201,2896 2249,2897 2298,2898 2347,2900 2396,2901 2445,2903 2494,2904 2543,2906 2592,2909 2641,2912 2690,2915"/>
                <TextEquiv>
                    <Unicode>aller Orten attestieren müße, daß an</Unicode>
                </TextEquiv>
            </TextLine>
            <TextLine id="r3l31" custom="readingOrder {index:30;}">
                <Coords points="1699,3004 2292,2990 2719,3034 2721,2964 2561,2985 2433,2927 2336,2922 2273,2966 2198,2930 2102,2962 1995,2925 1701,2920"/>
                <Baseline points="1706,2973 1756,2975 1806,2976 1857,2979 1907,2980 1958,2981 2008,2982 2058,2984 2109,2985 2159,2987 2210,2988 2260,2990 2310,2990 2361,2991 2411,2994 2462,2996 2512,2997 2562,3000 2613,3002 2663,3006 2714,3009"/>
                <TextEquiv>
                    <Unicode>fleiß-Meduament- und fort donrender</Unicode>
                </TextEquiv>
            </TextLine>
            <TextLine id="r3l32" custom="readingOrder {index:31;}">
                <Coords points="1713,3115 1787,3086 1967,3118 2089,3081 2326,3133 2384,3101 2700,3120 2700,3044 2531,3067 2411,3032 2352,3071 2213,2994 1920,3060 1717,2993"/>
                <Baseline points="1721,3069 1769,3071 1818,3072 1866,3074 1915,3076 1964,3078 2012,3080 2061,3081 2110,3083 2158,3084 2207,3086 2256,3087 2304,3089 2353,3090 2402,3092 2450,3093 2499,3095 2548,3097 2596,3098 2645,3099 2694,3101"/>
                <TextEquiv>
                    <Unicode>bestorgung der Wunden gänzlich nichts</Unicode>
                </TextEquiv>
            </TextLine>
            <TextLine id="r3l33" custom="readingOrder {index:32;}">
                <Coords points="1679,3200 1977,3183 2049,3227 2102,3190 2253,3190 2488,3233 2661,3188 2662,3139 2614,3130 2486,3171 2426,3133 2327,3162 2217,3108 2048,3160 1808,3107 1681,3123"/>
                <Baseline points="1686,3173 1734,3173 1782,3174 1831,3174 1879,3176 1928,3176 1976,3177 2025,3179 2073,3180 2122,3182 2170,3182 2218,3184 2267,3185 2315,3186 2364,3188 2412,3188 2461,3189 2509,3189 2558,3189 2606,3189 2655,3189"/>
                <TextEquiv>
                    <Unicode>zu desiderieren geblieben; habe Er zu</Unicode>
                </TextEquiv>
            </TextLine>
            <TextLine id="r3l34" custom="readingOrder {index:33;}">
                <Coords points="1689,3308 1822,3289 1860,3324 2042,3278 2156,3340 2218,3291 2407,3289 2469,3323 2607,3297 2536,3242 2470,3264 2261,3198 2162,3196 2060,3241 1968,3223 1915,3255 1759,3190 1691,3224"/>
                <Baseline points="1697,3270 1742,3272 1787,3273 1832,3275 1877,3276 1922,3277 1967,3278 2013,3279 2058,3281 2103,3281 2148,3282 2193,3282 2238,3284 2283,3285 2329,3285 2374,3287 2419,3288 2464,3288 2509,3290 2554,3291 2600,3293"/>
                <TextEquiv>
                    <Unicode>offnung deß Leibs, so viel an ihme</Unicode>
                </TextEquiv>
            </TextLine>
            <TextLine id="r3l35" custom="readingOrder {index:34;}">
                <Coords points="1712,3368 1756,3392 1949,3370 2016,3406 2106,3369 2206,3410 2444,3379 2545,3414 2697,3401 2698,3348 2585,3318 2465,3351 2298,3318 2108,3345 1980,3293 1885,3325 1714,3294"/>
                <Baseline points="1719,3353 1767,3356 1816,3359 1864,3361 1913,3363 1962,3365 2010,3366 2059,3368 2107,3369 2156,3369 2205,3371 2253,3371 2302,3372 2350,3372 2399,3374 2448,3375 2496,3376 2545,3377 2593,3378 2642,3381 2691,3383"/>
                <TextEquiv>
                    <Unicode>nicht einbilligen noch begehren bollen;</Unicode>
                </TextEquiv>
            </TextLine>
            <TextLine id="r3l36" custom="readingOrder {index:35;}">
                <Coords points="1691,3471 1945,3469 2010,3497 2058,3476 2075,3491 2130,3469 2265,3472 2267,3420 2198,3420 2162,3392 2061,3426 2001,3396 1916,3412 1878,3387 1693,3392"/>
                <Baseline points="1698,3435 1726,3438 1754,3441 1782,3443 1810,3445 1838,3446 1866,3447 1894,3449 1922,3450 1950,3450 1978,3450 2006,3452 2034,3452 2062,3453 2090,3453 2118,3453 2146,3453 2174,3454 2202,3455 2230,3455 2259,3455"/>
                <TextEquiv>
                    <Unicode>So auch nicht geschehen.</Unicode>
                </TextEquiv>
            </TextLine>
            <TextEquiv>
                <Unicode>229. 1.
machen wollen, habe er geantwortet, Wir
müßen den dricken Tag abwarten;
Montags habe Er Amts geschaffen halber,
den ganzen Tag den verbundten nicht
bestuchen konnen, und dienstag Morgens
habe er den Tod seines Herrn Schwägers
höchst bedaurend vernommen, da er dann
sogleich sich in das Bauß verfungt
betrübte
und die höchst Hinterlaßene in groser
Traur angetroffen.
H: Docter Koßalit
habe Ihne Herrn Deponenten gefragt,
ob er nicht für gut befände und verlange
daß der Leichnahm geöfnet würde,
damit allenfalls möchte erzeiget werden,
daß der Tod nicht auß mangel nöhtiger
hilft und beforgung der Wunde causirt
worden:
Jn bedencken aber, daß¬
Er auß deß verstorbenen Reden alleZeit
schließen können, daß Er bünschte, die
Dachmöchte geheymb bleiben; Solches
aurch der Fraub Widtib nur noch Schmeh¬
hoffter vorbomen möchte; Insonder¬
heit aber da Er gedacht, der Traurige
Außgang gebe genügstames Riecht
darüber, um so mehr, als er seinersteits
aller Orten attestieren müße, daß an
fleiß-Meduament- und fort donrender
bestorgung der Wunden gänzlich nichts
zu desiderieren geblieben; habe Er zu
offnung deß Leibs, so viel an ihme
nicht einbilligen noch begehren bollen;
So auch nicht geschehen.</Unicode>
            </TextEquiv>
        </TextRegion>
    </Page>
</PcGts>
