3024 4032
282 462 409 568 e44.
400 500 1432 680 Ingefahrt um  iternacht, badauh
426 599 1410 743 bal Winder zusfrechiß Betz gegangen,
415 676 1412 832 sich erklagend, Sie habe konen Kirßen
419 742 1401 920 großes Kauchbehe bekommen, diesere
411 826 1432 984 endlich neinander dels gegangen, und
411 903 1435 1058 habe von beiner Sach mit gewißt und nic
406 1007 1419 1157 die geringsten gedaucren zu dergleichen
410 1085 1389 1238 Sachen gehabt; deß Morgens um
405 1180 1350 1294 4. 2Ihr seyn Sie Vor der ploygartin
418 1253 1426 1438 aufgestanden, und nachdeme Siemig
402 1354 1446 1488 der Milch auß dem Mooß wieder nach
386 1425 1407 1593 Hauß gekommen, seye die Ibygartin
402 1533 1428 1664 vor dem Hauß bey dem Sach, und habe
407 1630 1410 1784 ihre Hand gewäschen, gelachet und guten
395 1738 856 1859 Mbuhts gebesten.
370 1847 1398 2032 Nach diesem Bericht, als bar Sie die
381 1973 1398 2114 Zwygartin zu rer gestelt und befragt,
382 2043 1413 2185 von Wemne Sie Schbänger gegangen
393 2128 1403 2265 und bein dieses Kind steye, hat Sie
389 2218 1420 2335 geantwortet, Es seyn dem Sarbi Dienz¬
388 2293 1422 2434 einem blinden Mann von Zimmerbald
390 2381 1424 2525 welchen Sie eine Zeit daher wegen seiner
385 2482 1384 2581 Blindheit als ein Armer Mbann im
380 2562 1432 2712 Bittel herum geführt, er habe auch Weib
386 2651 1423 2792 und Kind, und als Sie ihme einmahl
374 2730 1429 2878 die Schwängerschaft angekündet, habe
377 2832 1423 2961 er ihre gesagt, wann das Kind rebendig
350 2908 1408 3056 Zur Welt kommen stolte, solle Sie solches
373 2997 1430 3157 vertragen und Trachten um zubringen,
380 3098 1412 3238 welches Sie aber niemahl zu Thunim
369 3172 1342 3343 Din gehabt, auch nit gethan habe.
324 3332 1432 3495 BoscheSottia diese Information aufge¬
1175 3479 1414 3557 nommi.
2611 356 2755 472 c. 15.
1638 507 2746 655 Aufgenommen worden, in gegenwart
1649 599 2728 733 H: Freybeibel Vbulaußen, Josteph
1658 664 2661 809 Witschis deß Ammanns und Haus¬
1660 758 2738 857 Biutibofers deß Grichts zu vindelbause,
1664 837 2742 960 Domstag Abendts den 16.. Heumonats
1667 924 1846 1020 1757. e
1726 1102 2543 1268 Odisum Nepertum.
1643 1247 2695 1388 Heute als den 16ten Julij haben Wir¬
1628 1340 2698 1478 Außendts unterschriebene Chäurg
1661 1423 2660 1543 auf anstuchen H: Preÿbeibels von
1639 1501 2713 1624 Hidelbanck in das in bestagtem dorf¬
1655 1567 2735 1720 gelegene Hauß, Allj Leemann zuge¬
1636 1664 2667 1790 horig verfüeget, um allda ein Neu¬
1653 1729 2735 1870 gebohrnes Kind, Männlichen Geschlecht
1652 1829 2646 1944 in Angenschein zu nemmen und zu
1642 1897 2714 2036 besichtigen, Belches nach Außgag seiner
1624 1978 2697 2115 Mutter den Kinde detterin, Todstoll¬
2436 2063 2476 2130 5.
1629 2055 2438 2185 auf die Welt gekommen seyn
1628 2152 2723 2289 Nach genauer Unterstuchung befanden
1616 2235 2663 2348 Wir, daß bestaagtes Kind vollkommen
1615 2311 2689 2452 Zeitig und außgelorchßen Bare, auß,
1639 2393 2634 2522 beiig an dem Oorper Burde man
2629 2412 2676 2505 8
1651 2466 2689 2618 nichts beiters gebahr, als ein blauer
1643 2559 2649 2700 und ausgelossener Kopft, belches
1633 2644 2669 2794 vermügtlich selbsten nach Außaag
1618 2720 2654 2845 seiner eigenen Mucker, von der in
1630 2809 2660 2948 der gebührt um den Halß gebübleten
1628 2884 2640 3026 VabeleSchnir, mit hin einerstarben
1611 2983 2716 3124 Zustamenziehung deß Halß es ist verure
1633 3055 2626 3202 sachet worden; Anbey bemerckte
1636 3145 2716 3278 man, daß als mann nach geösneter drust
1633 3224 2695 3365 die Lunge in das Waßer barste stelbige
1642 3307 2659 3447 oben auff Schwemme, beiters abbr
2458 3403 2649 3533 hontee
