3024 4032
89 291 220 407 118.
180 1896 259 1975 A.
105 2112 254 2222 MGl.
484 450 1140 609 Zweytes Examen
317 558 1183 697 Mit Christen Geri vorbemelt,
620 664 947 779 Verführt durch
622 735 688 797 M
323 738 1327 875 Menhzghl. Rahtsherren von Gonstellin
317 815 1310 929 als von Mugh. hierzu bohl verordneten
308 880 1279 1016 ober Examinatoren nebst Muchheg
319 953 1193 1081 Großweibel und Brichtschreiber.
271 1082 1311 1231 In Fortstehung deß Obstehenden Examinis
319 1186 1225 1300 wurden nach vernanchete Bezengen
301 1246 1247 1366 bescheiden, Welche nach einer an Sie
310 1325 1291 1443 gethanen Ernstlichen Vermahnung, die
305 1397 1286 1511 zure Wahrheit, und zbar allso zu decla¬
290 1473 1291 1589 ieren, daß Sie Ihre Außragen er¬
280 1552 1282 1678 henschenden fahls, mit einem Corperl.
295 1618 1287 1745 Eyd bestähtigen könend, iehz einer nach
314 1685 1248 1795 dem Änderen und von Wort zu wort
301 1768 1128 1873 Wie folget vernommen worden.
287 1864 1215 2017 Schulmister Gendicht Klotter
301 1970 1198 2061 gebührtig von Lobstigen, dermahlen
310 2045 1239 2144 Bohnhafft zu Mazbeil, Atatis 41. Jahr
287 2123 1301 2238 zu derselbigen Zeit als diß Angluck zwischen
301 2198 1279 2309 dem Bürg und dem Her; vorgefallen,
292 2266 1300 2372 seye Er noch zu hobstigen Wohnhafft gebesten,
289 2335 1194 2454 Und eben deßelbigen Tags, als in der
288 2410 1269 2525 Nacht darauf das Unglük biderfahren
300 2483 1279 2601 wie Er nach gehaltener Schul zu Mazweil
291 2554 1270 2682 nach Hauß gan Kobsigen gegangen, habe
281 2634 1225 2756 er Unterbegs den Unglüblichen Bürgi¬
304 2702 1296 2827 nebst dem Mezger Jacob Ber zu Tagg
266 2794 1207 2916 "beil angetroffen, und bie er gestehen,
286 2869 1272 2988 daß Sie beräuscht gelesten, zumahlen
277 2962 1284 3075 Sie auf dem leg zimmlich Lärmen gemacht,
280 3040 1269 3148 habe Erstich, biebohlen Sie den gleichen
302 3105 1186 3229 bey gemacht, denoch nicht bey Ihnen
289 3189 1221 3311 aufhalten, sondren Ihnen voreilen
280 3263 1288 3379 wollen, um so mehr, als Er nichts 20b.
289 3336 1273 3455 von dem Bürg gehöret, Indeßen da Er zu
1092 3441 1254 3535 Ihnen
1469 1908 1543 2034 S
1470 2145 1552 2245 d.
1493 2215 1522 2269 d
2581 320 2696 448 119.
1591 553 2703 675 Ihnen gekommen, seÿe Er mit Ihnen gegangen,
1610 618 2610 745 und bie der Mezger gleich darnach einen
1602 676 2625 811 Abtridt genommen, und Er Deponent sich
1606 760 2662 886 alleine beym Bürg gefunden, habe ohne
1609 801 2676 959 einihen Anlas der Bürg; Ihne mit beyden
1597 897 2635 1041 Händen beÿ dem Rechten Arm gefaßet,
1599 953 2677 1108 stagende, bas ist du Douers 3ub darauf
1607 1038 2689 1197 Er Deporent Ihme ganz friedsam erwideret,
1599 1119 2610 1257 Wir beyde wollen keinen Streids haben,
1602 1182 2695 1335 also daß es nichts beiters ohnbeliebiges abge¬
1575 1251 2650 1403 sezet; Nachbehrts seÿen Sie mit Einander
1610 1340 2671 1473 biß gan Lobsigen, noch Tags gekommen, allbo
1601 1398 2685 1556 Er obige beyde verabscheidet und sich nach Haus
1602 1497 2683 1623 begeben, und steye sehr froh gstin, von diesen
1605 1548 2664 1695 Trunkenen loos zu seÿn; Absonderlich als
1604 1654 2591 1769 Er deß Morgens durch das Allgemeine
1599 1704 2650 1830 Gerucht vernomen, was sich in der Nacht
1586 1798 2205 1921 zu Seedorff zugetragen.
1595 1883 2592 2030 ob Er gleichen Morgen den Christen Her¬
1595 1988 2664 2097 nicht gesehen, und bas Er mit Ihme deßhalber
1593 2069 1845 2160 gestrochen.
1597 2127 2644 2245 Ja Er habe Ihne von ohngefehr, als Er seiner
1597 2209 2656 2302 Arbeit nachgegangen, auf dem feld angetroffen
1588 2284 2625 2387 so bey dem Zug gebesten, da Er, so viel Er sich
1601 2348 2593 2466 noch Errineren konn, dem Ber; gestagt,
1609 2422 2629 2535 das Er doch vor eine gransame Schlägerey
1598 2492 2620 2598 gehabt, Indeme, bie er vernommen, der
1591 2558 2602 2674 Bürg Tod seÿn solle; darüber der Herl
1595 2633 2634 2753 sehr erschroben, was er aber geant bortet,
1589 2716 2622 2824 könte Er wegen länge der Zeith nicht mehr
1579 2776 2595 2906 sagen, einmahlen habe der Her; Ihne-
1597 2857 2533 2985 Erstucht, Er solle Ihme den Zug seym
1598 2919 2638 3060 führen, und seyn voraus nach Hauß gelosen,
1591 3002 2629 3113 zu seinem Vatter; Und als Er Deporient
1595 3065 2523 3197 mit dem Zug zu sein deß Beris Haus
1585 3148 2611 3281 nach gekommen, seyn Er schon allbereit fort
1587 3216 2617 3343 gelesten, die Mudter habe sehr gepanceret,
1585 3306 2617 3429 und habe Ihne Deporent dem entflohenen
