3024 4032
429 385 492 448 56
1919 537 2651 688 Oriminal Procedur
2128 705 2283 774 wegen
1763 794 2622 955 Mana Winmer
1768 919 2377 1026 Gebührtig von Üiberstein
1738 1412 2783 1576 Nachdemme Sontags den 293giß,
1760 1502 2686 1612 Abends Euer Brraden Dieners, dem
1744 1573 2717 1705 Herrn Großbeibel und Herrn Bricht¬
1736 1658 2737 1781 sihr eiber hinterbracht worden, daß bey dem
1735 1731 2756 1849 Schlußel Wirtshauß allhier, in dem E. v.
1723 1824 2663 1938 Ehegraben Ein Todenes Kind gefunden
1745 1901 2716 2031 worden, hat der Herr Rrichtstchreiber in
1726 1973 2699 2101 deß Herrn droßweibels Abwesten, sich
1718 2061 2689 2179 forthin begeben, und von denen allda
1715 2138 2711 2250 sich eingefundenen Sr Beder Bschaueren
1714 2220 2688 2345 dem Sachmeister Jaggi- und dem Wihrt
1721 2323 2717 2422 selbsten vernommen, wie daß auß anlaß
1728 2371 2736 2506 deß Wihrts Knecht,sto das Eiß in bemelten
1733 2463 2639 2585 Ehegraben von dem Schuckstein Rahr
1745 2550 2647 2670 losfen wollen, Er allda eines Kindes¬
1734 2640 2730 2746 gelahr worden, und solches seinem Meister
1737 2705 2748 2836 angezeiget; Worauf auf diesen gefallenen
1740 2800 2749 2920 Bericht hin, das Kind durch den Sachmeistes
1734 2890 2682 2998 auß dem Eiß herauß bühlen laßen,
1730 2978 2718 3105 welches Kind etwann Ein Zoll tieß auf
1726 3054 2595 3182 dem Eiß eingestembt, und auf dem
1720 3143 2675 3283 Rucken ligen, den Kopft Wiederbarts,
1711 3239 2695 3362 angetroffen, So allei anschein nach, durch
2529 3329 2638 3440 ds
2693 413 2849 508 257.
