3024 4032
534 486 1587 749 Dieste Anzeige nun hobe ihne umstomete
555 646 1588 824 erschröbet, als er Selbsten gleichen Hirb
541 727 1575 892 den Seinl denz Simon auch alsto bey
544 795 1528 954 den Schaäffen gestehen, nämlichen
550 893 1512 1034 in obgemelter deß Haubtmann
536 964 1502 1126 Häubis Weyd, habe er Ihre, Bährern
520 1068 1526 1212 einem starcken Regen, micten in
529 1157 1506 1297 einer Truppen Schaaf, unter einei¬
514 1243 1544 1419 Kirsch danm, hinter einem dornhag
514 1332 1527 1478 etwann ein guten Scheiben Schuß weitt
522 1431 1530 1574 gestehen, da er ein Schaaf von hinter
521 1518 1525 1666 gefaßet, und über daßelbe hinguß
520 1611 1511 1735 Sich gebogen habe; der Denz Simme
515 1703 1464 1834 wie er ihnen zugeschauet, müße
507 1800 1482 1912 ihne gewaret haben, darauf Er bich
503 1885 1467 2009 von dem Schaaft Alfobald auf den
490 1992 1466 2101 Toden nieder gelaßen, im wieder
487 2054 1470 2206 aufstehen aber, habe er sehr deutlich
478 2173 1457 2284 gestehen, daß er die hoften wieder
481 2240 1475 2384 aufgezogen, welches Ihme seinen
465 2360 1447 2487 verdacht, über eine so wueste That
458 2434 1415 2610 desto großer gemacht, darauf der
455 2559 1481 2691 Einon sein diel genommen, und beÿ
447 2644 1476 2772 ihme Deponenten vorbey näher Hauß
448 2736 1429 2870 gegangen; Er Depl. habe ihme
435 2829 1468 2964 aber weder zugeruffen noch nach hero
437 2950 1460 3065 hierüber etwas vorgehalten; Jedenoch
426 3029 1441 3169 als die übrigen Sachen noch hierzu
422 3131 1421 3237 geschlagen, seye es ihme Schbor übir
424 3221 1436 3364 kein Bebißen gekommen, daß er es
411 3315 1138 3473 nicht alsobald. angezeigt.
1218 3347 1441 3484 Als sohne
1237 3468 1383 3542 bertc
2648 495 2710 561 315
1754 600 2821 737 Aber der Herrs Pfarrer lezthin bescheiden,
1758 695 2732 833 so habe er seine Außag aufrichtig
1756 778 2073 900 abgestadtet.
1739 883 2789 1054 Dieses seye seine Aussrichtige Außag,
1741 982 2692 1116 darbey er bestehen und allenfahl
1743 1070 2704 1222 sein Gebißen darzu thun derfe.
1795 1171 2663 1330 Alste abgelesten und destätiget
1629 1536 2653 1700 K. Maren Gb deß obgemelten
1731 1656 2677 1782 Silaus Müllers Eheleib, cetatio
1732 1751 2281 1887 25. Jahr, stagt auß.
1717 1948 2729 2104 Sieseÿe selbigen Tags ohngefard noch
1714 2046 2710 2182 3. Uhren wieder nach Hauß gekommen
1714 2123 2735 2280 habe alsobald ihrem Meitsh geruffen
1720 2219 2723 2377 Nolich bey deß Steinp flis ihres Nach¬
1722 2327 2704 2460 bauren Kinden befunden; diesen
1720 2412 2691 2561 gestonen, ohngefard seines Alters
1709 2524 2691 2647 habe Ihr Kind erzehlet, bas der denz¬
1711 2613 2683 2747 Sunon mit ihme Vorgenommen.
1688 2714 2703 2863 Der Hans Stempfl. der Meister deß
1721 2821 2679 2945 Haußes, habe nun diese Erzehlung
1728 2926 2712 3033 auch gehöret, und ihrem Kind befohlen
1709 3015 2613 3150 Es stolle es Ihrastagen, wann Sie
1723 3101 2616 3219 wieder herrn komme, darauff Es
1714 3188 2731 3297 geantwortet, es dorffe nicht, erforchte
1706 3277 2718 3402 die Muter Schlage Ihns, der Stempft
1693 3363 2617 3468 habe ihme aber eingeschorpffet,
2494 3450 2646 3535 wohl
