3024 4032
399 398 542 514 276.
676 452 1357 616 Maria Sher
541 577 1544 763 ladten ihns, wann es nicht völlig bekemnen
541 682 1513 807 wollen, dennoch vermögen sollen, nicht
536 746 1465 863 absolicte zu laugnen, wie es gethan;
531 837 1486 966 allein seine Hauze aufführung gebe
523 911 1472 1033 Anlaß Einen bbsten Si bey ihme
509 986 1514 1148 zu vermihten, Sonderlich indemagenen
500 1073 1388 1210 denißt so nahe vorsamen wäre?
381 1243 458 1347 B
497 1237 1524 1399 Es beharre, daß es keine Belaußheit über
492 1332 1506 1476 seine Schwängerschafft gehabt; auch nicht
490 1412 1481 1572 sto absolite gelaugnet, zumalen auf¬
495 1499 1503 1682 befragen eines Herrn vor Ober Chorgricht,
497 1601 1478 1712 ob es dann nicht möglich wäre, daß es¬
487 1673 1433 1801 Schwanger seyn könte, es geantwortet,
492 1755 1248 1889 wohl es seye nicht unmüglich.
346 1863 1473 2031 Jh. der Bericht Meiner hochgeachten Herren
461 1972 1451 2110 deß Oberen Chorgrichts laute, Es habe
456 2043 1467 2190 die Schlangerschaft vollkomen abgetang¬
443 2129 607 2243 geret?
329 2257 402 2388 R
443 2246 1405 2397 Im wieder herauß gehen bey der Shur
443 2355 1433 2470 habe es dennoch bekeinet wie obgedacht,
439 2435 1217 2579 daß es nicht ohnmnglich seye.
305 2580 388 2685 8
415 2596 1442 2735 Man könne gar nicht anseine Außagen
429 2693 1392 2809 kommen, sie geyen nicht wahrscheinlich,
417 2779 1366 2890 Ein Kind welches also vollkomen zu
403 2863 1409 2984 seiner denißt gelange, wie das jeinige
406 2948 1390 3078 gewesen, müße es nohtwendig öffters
394 3026 1383 3163 gesführet haben, anbey aber werde es
382 3113 1430 3245 solches sehr wohl bey der Zeit der gebührt
389 3206 1428 3346 empfunden haben; Solle alsogich nicht
387 3313 1363 3426 länger hartnätig erzeigen, sonder in
362 3396 1414 3496 Boces nähmen sein Bewißen entladen?
1586 3167 1670 3280 3.
2682 475 2839 557 272/
1858 511 2537 658 Maria idmer
1756 657 2795 803 Es könne mit anders sagen, habe das Kind
1649 684 1737 783 1.
1754 748 2797 863 dar niemahls gesführet, auch die Bebührts
1755 807 2730 935 Scheerzen habe es anderster nicht als vor
1755 888 2678 1013 in gemeines Kauchbehe angestehen.
1769 1021 2725 1170 Verund es auch nach der Bebuhrt gestobald,
1643 1045 1723 1154 2.
1748 1128 2681 1248 und noch Morndrist den garhen Sag
1744 1198 2684 1318 die Bebuhrt nicht angezeigt, wiewohlen
1732 1274 2714 1413 es doch daran keinen Zweiffel mehr könne
1723 1340 2120 1473 getragen haben?
1739 1501 2737 1642 Es wiße nichts anders einzuwenden, als
1641 1532 1716 1633 .
1735 1592 2731 1726 eein verstorbtes Herz, geyn ihme leyt, daß
1721 1676 2121 1796 es nichts gestagt.
1615 1844 1699 1951 2
1741 1846 2609 1985 zu welchem Ort es Kindes genesten.
1636 1989 2366 2122 Dh. Auf dem Heimlich Bemach¬
1611 2114 1703 2249 2.
1738 2122 2695 2278 Ob Es in dieser Absicht Kindbederin zu
1710 2223 2662 2370 werden, auf die Heimlichkeit gegangen?
1610 2349 1696 2457 R.
1722 2353 2720 2485 ein, dann es habe nicht gewußt, daß es
1718 2434 2412 2547 darum zu thungeyn wolle.
1606 2579 1686 2664 2.
1728 2591 2598 2720 Auf welche weis es Kindts genesten:
1609 2737 1696 2832 d.
1735 2729 2710 2873 3 weiße nichts anders zu sagen, als daß
1701 2815 2666 2936 es geglaubt, es habe eine Autstürzung,
1691 2916 2712 3000 judemie es auch nichts anders gesfühnet
1706 2985 2657 3085 als daß etwas von ihnegegangen, habe
1693 3047 2620 3149 aber nicht gewußt was es gelesten.
1720 3160 2659 3295 36 Es dann annoch leugnen dorffe, daß
1704 3259 2680 3350 es damalen das Kind auf der Heimlichkeit
1703 3336 2632 3464 nicht gesführt, mithin nicht gewußt,
1684 3413 2138 3527 daß es geriesen?
