<?xml version="1.0" encoding="UTF-8" standalone="yes"?>
<PcGts xmlns="http://schema.primaresearch.org/PAGE/gts/pagecontent/2013-07-15" xmlns:xsi="http://www.w3.org/2001/XMLSchema-instance" xsi:schemaLocation="http://schema.primaresearch.org/PAGE/gts/pagecontent/2013-07-15 http://schema.primaresearch.org/PAGE/gts/pagecontent/2013-07-15/pagecontent.xsd">
    <Metadata>
        <Creator>prov=University of Rostock/Institute of Mathematics/CITlab|PLANET AI GmbH/Gundram Leifert/gundram.leifert@planet-ai.de:name=Transkribus German Kurrent M2(htr_id=29820)::::v=2.6.7
prov=University of Rostock/Institute of Mathematics/CITlab|PLANET AI GmbH/Tobias Gruening/tobias.gruening@planet-ai.de:name=de.uros.citlab.module.baseline2polygon.B2PSeamMultiOriented:v=2.6.7
prov=University of Rostock/Institute of Mathematics/CITlab|PLANET AI GmbH/Tobias Gruening/tobias.gruening@planet-ai.de:name=/net_tf/LA73_249_0mod360.pb:de.uros.citlab.segmentation.CITlab_LA_ML:v=2.6.7
Transkribus</Creator>
        <Created>2022-05-02T15:42:01.318+02:00</Created>
        <LastChange>2022-09-12T15:34:14.377+02:00</LastChange>
        <TranskribusMetadata docId="1334851" pageId="52363302" pageNr="137" tsid="114645269" status="IN_PROGRESS" userId="9570" imgUrl="https://files.transkribus.eu/Get?id=KWNKJUFIXZCOFRRURTHSJKZC&amp;fileType=view" xmlUrl="https://files.transkribus.eu/Get?id=XOEREIDFEGKXYPCJJKCXBZSD" imageId="30691702"/>
    </Metadata>
    <Page imageFilename="IMG_7139.jpg" imageWidth="3024" imageHeight="4032">
        <ReadingOrder>
            <OrderedGroup id="ro_1687513622569" caption="Regions reading order">
                <RegionRefIndexed index="0" regionRef="r1"/>
                <RegionRefIndexed index="1" regionRef="r2"/>
                <RegionRefIndexed index="2" regionRef="r3"/>
                <RegionRefIndexed index="3" regionRef="r4"/>
                <RegionRefIndexed index="4" regionRef="r5"/>
                <RegionRefIndexed index="5" regionRef="r6"/>
            </OrderedGroup>
        </ReadingOrder>
        <TextRegion orientation="0.0" id="r1" custom="readingOrder {index:0;}">
            <Coords points="288,2587 288,3314 401,3314 401,2587"/>
            <TextLine id="r1l1" custom="readingOrder {index:0;}">
                <Coords points="301,2727 320,2714 344,2725 353,2720 357,2723 385,2697 409,2701 403,2607 374,2610 362,2621 349,2620 325,2638 296,2647"/>
                <Baseline points="306,2694 337,2691 369,2690 401,2687"/>
                <TextEquiv>
                    <Unicode>B.</Unicode>
                </TextEquiv>
            </TextLine>
            <TextLine id="r1l2" custom="readingOrder {index:1;}">
                <Coords points="303,3020 314,3014 317,3017 322,3011 329,3012 350,2986 382,2981 366,2888 352,2889 321,2926 307,2933 288,2933"/>
                <Baseline points="305,2987 339,2979 374,2975"/>
                <TextEquiv>
                    <Unicode>E.</Unicode>
                </TextEquiv>
            </TextLine>
            <TextLine id="r1l3" custom="readingOrder {index:2;}">
                <Coords points="283,3293 292,3289 312,3292 343,3274 372,3274 364,3170 348,3177 333,3175 308,3192 297,3186 285,3193 275,3192"/>
                <Baseline points="288,3264 313,3262 338,3261 363,3258"/>
                <TextEquiv>
                    <Unicode>.</Unicode>
                </TextEquiv>
            </TextLine>
            <TextEquiv>
                <Unicode>B.
E.
.</Unicode>
            </TextEquiv>
        </TextRegion>
        <TextRegion orientation="0.0" id="r2" custom="readingOrder {index:1;}">
            <Coords points="341,275 341,1554 515,1554 515,275"/>
            <TextLine id="r2l1" custom="readingOrder {index:0;}">
                <Coords points="389,354 403,355 425,371 447,361 466,374 481,366 505,373 513,367 522,368 527,325 509,315 497,315 476,294 436,314 413,301 395,302"/>
                <Baseline points="396,353 425,355 455,358 485,362 515,369"/>
                <TextEquiv>
                    <Unicode>268.</Unicode>
                </TextEquiv>
            </TextLine>
            <TextLine id="r2l2" custom="readingOrder {index:1;}">
                <Coords points="385,594 410,599 421,609 447,597 465,611 481,611 484,507 458,506 419,485 412,485 404,493 388,489"/>
                <Baseline points="393,572 420,572 447,572 474,575"/>
                <TextEquiv>
                    <Unicode>B.</Unicode>
                </TextEquiv>
            </TextLine>
            <TextLine id="r2l3" custom="readingOrder {index:2;}">
                <Coords points="378,865 393,869 411,863 417,870 426,869 435,861 448,860 459,865 466,784 458,783 442,770 432,772 404,789 386,783"/>
                <Baseline points="387,842 420,845 453,848"/>
                <TextEquiv>
                    <Unicode>.</Unicode>
                </TextEquiv>
            </TextLine>
            <TextLine id="r2l4" custom="readingOrder {index:3;}">
                <Coords points="386,989 397,988 407,996 418,994 425,999 429,996 447,999 455,993 463,994 472,906 434,899 427,906 407,908 402,902 395,901"/>
                <Baseline points="396,965 427,968 459,971"/>
                <TextEquiv>
                    <Unicode>.</Unicode>
                </TextEquiv>
            </TextLine>
            <TextLine id="r2l5" custom="readingOrder {index:4;}">
                <Coords points="380,1204 409,1198 424,1188 442,1200 467,1201 464,1118 457,1119 441,1104 431,1101 415,1106 399,1123 396,1121 389,1127 377,1124"/>
                <Baseline points="387,1188 423,1185 459,1185"/>
                <TextEquiv>
                    <Unicode>Ap:</Unicode>
                </TextEquiv>
            </TextLine>
            <TextLine id="r2l6" custom="readingOrder {index:5;}">
                <Coords points="354,1377 361,1377 373,1388 388,1390 414,1372 424,1370 438,1376 445,1294 435,1293 429,1297 411,1294 371,1312 360,1309"/>
                <Baseline points="362,1362 396,1364 431,1368"/>
                <TextEquiv>
                    <Unicode>.</Unicode>
                </TextEquiv>
            </TextLine>
            <TextLine id="r2l7" custom="readingOrder {index:6;}">
                <Coords points="334,1527 370,1521 381,1530 402,1526 420,1534 436,1527 451,1532 467,1521 479,1522 481,1448 427,1427 387,1443 358,1466 336,1460"/>
                <Baseline points="341,1515 367,1514 393,1515 420,1515 446,1517 473,1518"/>
                <TextEquiv>
                    <Unicode>Mnst.</Unicode>
                </TextEquiv>
            </TextLine>
            <TextEquiv>
                <Unicode>268.
B.
.
.
Ap:
.
Mnst.</Unicode>
            </TextEquiv>
        </TextRegion>
        <TextRegion orientation="0.0" id="r3" custom="readingOrder {index:2;}">
            <Coords points="408,454 408,3472 1533,3472 1533,454"/>
            <TextLine id="r3l1" custom="readingOrder {index:0;} person {offset:0; length:5;}">
                <Coords points="697,515 724,534 794,509 838,541 946,515 1318,574 1359,558 1363,507 1279,462 1191,465 1165,438 1039,430 1004,404 899,424 817,395 703,435"/>
                <Baseline points="705,498 737,498 769,498 802,498 834,500 867,501 899,503 931,504 964,507 996,509 1029,513 1061,516 1093,518 1126,522 1158,526 1191,529 1223,532 1255,536 1288,539 1320,543 1353,546"/>
                <TextEquiv>
                    <Unicode>Maria Weibter</Unicode>
                </TextEquiv>
            </TextLine>
            <TextLine id="r3l2" custom="readingOrder {index:1;}">
                <Coords points="512,629 637,590 675,627 729,600 1157,664 1226,641 1442,709 1507,700 1515,629 525,509"/>
                <Baseline points="525,575 573,581 622,586 671,590 720,595 768,598 817,603 866,606 915,609 963,614 1012,617 1061,622 1110,627 1158,632 1207,638 1256,646 1305,653 1353,661 1402,671 1451,683 1500,695"/>
                <TextEquiv>
                    <Unicode>Es versichere, daß es nicht vor Gebuß</Unicode>
                </TextEquiv>
            </TextLine>
            <TextLine id="r3l3" custom="readingOrder {index:2;}">
                <Coords points="505,689 585,660 625,700 961,691 1466,771 1478,709 1132,638 884,658 620,598 511,627"/>
                <Baseline points="516,648 563,654 611,658 658,663 706,666 753,671 801,674 848,677 896,680 943,684 991,687 1039,691 1086,695 1134,699 1181,704 1229,710 1276,717 1324,723 1371,732 1419,741 1467,752"/>
                <TextEquiv>
                    <Unicode>gelußt habe, ob es Schlaugersteÿe,</Unicode>
                </TextEquiv>
            </TextLine>
            <TextLine id="r3l4" custom="readingOrder {index:3;}">
                <Coords points="485,769 571,784 650,749 1051,813 1200,790 1262,832 1521,868 1535,808 1422,756 1197,760 995,702 749,732 571,671 492,693"/>
                <Baseline points="495,735 546,738 597,741 649,744 700,746 752,749 803,752 855,755 906,758 958,762 1009,766 1060,770 1112,776 1163,781 1215,787 1266,794 1318,802 1369,810 1421,820 1472,831 1524,842"/>
                <TextEquiv>
                    <Unicode>zumalen es das Kind gar nicht gestühret</Unicode>
                </TextEquiv>
            </TextLine>
            <TextLine id="r3l5" custom="readingOrder {index:4;}">
                <Coords points="496,873 604,870 665,921 1145,944 1196,911 1321,910 1326,830 1101,864 998,807 735,844 596,787 500,810"/>
                <Baseline points="504,854 544,855 585,857 625,858 666,860 706,861 747,864 787,866 828,870 868,872 909,875 949,877 990,880 1030,884 1071,886 1111,889 1152,892 1192,896 1233,899 1273,902 1314,905"/>
                <TextEquiv>
                    <Unicode>Ob es dann seine Zeiten gehabt?</Unicode>
                </TextEquiv>
            </TextLine>
            <TextLine id="r3l6" custom="readingOrder {index:5;}">
                <Coords points="508,987 662,976 792,1048 1115,1010 1266,1069 1352,1047 1508,1078 1511,1036 1345,973 1260,996 1089,947 514,919"/>
                <Baseline points="516,980 565,981 614,984 663,987 713,988 762,990 811,992 861,993 910,995 959,998 1009,1001 1058,1004 1107,1008 1156,1013 1206,1017 1255,1023 1304,1031 1354,1038 1403,1048 1452,1059 1502,1071"/>
                <TextEquiv>
                    <Unicode>Wein aber schonstintheinem jahr, habe</Unicode>
                </TextEquiv>
            </TextLine>
            <TextLine id="r3l7" custom="readingOrder {index:6;}">
                <Coords points="496,1066 687,1130 711,1112 728,1132 993,1135 1036,1102 1242,1121 1246,1048 1155,1058 1092,1022 1015,1046 940,1018 881,1047 836,1023 768,1049 649,1036 565,990 499,1014"/>
                <Baseline points="504,1064 540,1065 577,1067 613,1068 650,1070 687,1071 723,1073 760,1074 796,1076 833,1077 870,1080 906,1082 943,1084 979,1086 1016,1088 1053,1091 1089,1093 1126,1095 1162,1099 1199,1101 1236,1104"/>
                <TextEquiv>
                    <Unicode>es darvon nichts gestühret.</Unicode>
                </TextEquiv>
            </TextLine>
            <TextLine id="r3l8" custom="readingOrder {index:7;}">
                <Coords points="497,1183 1538,1268 1476,1211 1284,1165 1229,1191 1093,1138 877,1161 712,1119 628,1150 503,1108"/>
                <Baseline points="504,1175 555,1178 606,1181 657,1184 709,1187 760,1188 811,1190 863,1191 914,1194 965,1196 1017,1199 1068,1201 1119,1204 1170,1209 1222,1214 1273,1220 1324,1227 1376,1236 1427,1245 1478,1256 1530,1269"/>
                <TextEquiv>
                    <Unicode>Es werde doch gesführt und gestehen haben</Unicode>
                </TextEquiv>
            </TextLine>
            <TextLine id="r3l9" custom="readingOrder {index:8;}">
                <Coords points="491,1297 773,1304 823,1337 1051,1316 1269,1351 1316,1327 1415,1378 1450,1368 1456,1286 1241,1243 1089,1258 992,1217 879,1256 499,1183"/>
                <Baseline points="501,1251 548,1254 595,1257 642,1260 690,1263 737,1265 784,1268 831,1271 879,1273 926,1275 973,1278 1020,1280 1068,1284 1115,1287 1162,1291 1209,1295 1257,1299 1304,1305 1351,1310 1398,1317 1446,1323"/>
                <TextEquiv>
                    <Unicode>daß es einen größeren Kauch habe?</Unicode>
                </TextEquiv>
            </TextLine>
            <TextLine id="r3l10" custom="readingOrder {index:9;}">
                <Coords points="476,1425 590,1380 655,1420 870,1388 1004,1452 1137,1430 1176,1452 1262,1433 1267,1359 1022,1331 965,1352 881,1324 784,1344 725,1313 569,1336 521,1292 483,1300"/>
                <Baseline points="486,1373 524,1373 563,1374 601,1376 640,1376 678,1378 717,1380 755,1382 794,1385 832,1387 871,1390 909,1393 948,1395 986,1398 1025,1400 1063,1403 1102,1406 1140,1409 1179,1411 1217,1414 1256,1416"/>
                <TextEquiv>
                    <Unicode>Ja, das habe es wohl gespührt.</Unicode>
                </TextEquiv>
            </TextLine>
            <TextLine id="r3l11" custom="readingOrder {index:10;}">
                <Coords points="500,1524 590,1525 666,1575 926,1558 1292,1591 1330,1623 1443,1580 1518,1613 1521,1569 1220,1447 1005,1452 928,1420 846,1450 693,1416 505,1440"/>
                <Baseline points="507,1518 557,1521 607,1523 657,1524 708,1526 758,1528 808,1529 858,1532 909,1533 959,1535 1009,1538 1059,1541 1110,1545 1160,1548 1210,1552 1260,1557 1311,1561 1361,1568 1411,1574 1461,1581 1512,1589"/>
                <TextEquiv>
                    <Unicode>Es bekenne selbsten anjezo, daß es seine</Unicode>
                </TextEquiv>
            </TextLine>
            <TextLine id="r3l12" custom="readingOrder {index:11;}">
                <Coords points="477,1629 688,1610 856,1655 920,1620 1017,1663 1093,1633 1138,1673 1267,1640 1527,1706 1542,1645 1086,1574 631,1585 551,1526 483,1529"/>
                <Baseline points="486,1595 538,1599 590,1603 643,1606 695,1608 747,1611 800,1614 852,1616 904,1617 957,1619 1009,1621 1061,1623 1114,1626 1166,1630 1218,1634 1271,1640 1323,1645 1375,1652 1428,1660 1480,1671 1533,1682"/>
                <TextEquiv>
                    <Unicode>Schlangerschafft nicht vor Gebuß gewußte</Unicode>
                </TextEquiv>
            </TextLine>
            <TextLine id="r3l13" custom="readingOrder {index:12;}">
                <Coords points="457,1734 584,1692 899,1702 966,1747 1282,1709 1450,1736 1533,1799 1539,1705 1383,1672 1321,1705 1177,1649 808,1673 685,1611 607,1654 464,1631"/>
                <Baseline points="468,1676 521,1679 574,1682 627,1685 680,1688 733,1690 786,1692 839,1694 892,1696 945,1698 999,1700 1052,1703 1105,1706 1158,1709 1211,1713 1264,1717 1317,1723 1370,1728 1423,1734 1476,1742 1530,1751"/>
                <TextEquiv>
                    <Unicode>hiemit habe es doch gezleifflet und glaube</Unicode>
                </TextEquiv>
            </TextLine>
            <TextLine id="r3l14" custom="readingOrder {index:13;}">
                <Coords points="469,1790 513,1771 632,1828 806,1776 984,1829 1169,1796 1435,1819 1505,1807 1507,1769 1453,1737 1363,1767 1246,1736 964,1747 897,1701 826,1742 584,1693 471,1728"/>
                <Baseline points="477,1763 528,1766 579,1769 630,1771 681,1773 732,1775 783,1776 834,1778 885,1779 936,1781 987,1782 1038,1783 1089,1785 1140,1787 1191,1790 1242,1792 1293,1796 1344,1800 1395,1805 1446,1811 1497,1817"/>
                <TextEquiv>
                    <Unicode>müßen, es kontesteyn, anbey habe es</Unicode>
                </TextEquiv>
            </TextLine>
            <TextLine id="r3l15" custom="readingOrder {index:14;}">
                <Coords points="452,1900 745,1864 885,1921 1127,1869 1233,1924 1289,1893 1446,1914 1489,1901 1491,1855 1363,1818 1296,1859 1164,1854 1135,1821 858,1841 741,1801 455,1829"/>
                <Baseline points="462,1848 513,1852 564,1854 615,1856 666,1859 717,1860 768,1861 819,1862 870,1863 921,1865 972,1866 1023,1868 1074,1869 1125,1871 1176,1874 1227,1877 1278,1880 1329,1884 1380,1889 1431,1896 1482,1901"/>
                <TextEquiv>
                    <Unicode>eine Zeiten nicht gehabt und gesführet</Unicode>
                </TextEquiv>
            </TextLine>
            <TextLine id="r3l16" custom="readingOrder {index:15;}">
                <Coords points="441,2003 653,1944 862,2011 1004,1962 1307,1961 1387,2000 1500,1990 1502,1938 1423,1904 1357,1951 1251,1943 1213,1904 1108,1937 979,1900 791,1934 715,1896 655,1928 604,1896 444,1904"/>
                <Baseline points="450,1937 502,1941 554,1944 606,1947 658,1949 711,1950 763,1952 815,1953 867,1953 919,1955 972,1955 1024,1956 1076,1958 1128,1958 1180,1959 1233,1962 1285,1965 1337,1968 1389,1974 1441,1979 1494,1985"/>
                <TextEquiv>
                    <Unicode>daß der Dauch größer worden: diß¬</Unicode>
                </TextEquiv>
            </TextLine>
            <TextLine id="r3l17" custom="readingOrder {index:16;}">
                <Coords points="449,2043 672,2098 850,2045 985,2070 1142,2046 1250,2090 1432,2083 1480,2024 1252,2019 1107,1971 866,2012 700,1981 450,2001"/>
                <Baseline points="456,2028 506,2031 557,2035 608,2037 659,2039 710,2040 760,2042 811,2043 862,2043 913,2043 964,2044 1014,2045 1065,2045 1116,2045 1167,2046 1218,2048 1268,2049 1319,2051 1370,2054 1421,2057 1472,2061"/>
                <TextEquiv>
                    <Unicode>alles und Iustonderheit der Argwohn, so</Unicode>
                </TextEquiv>
            </TextLine>
            <TextLine id="r3l18" custom="readingOrder {index:17;}">
                <Coords points="427,2181 635,2150 726,2189 818,2159 909,2189 1186,2139 1301,2178 1445,2166 1454,2078 1250,2091 1098,2044 965,2104 822,2072 726,2101 428,2085"/>
                <Baseline points="435,2124 485,2126 536,2127 586,2129 637,2130 687,2130 738,2132 788,2132 839,2133 889,2133 940,2133 991,2134 1041,2135 1092,2135 1142,2135 1193,2136 1243,2136 1294,2136 1344,2136 1395,2138 1446,2138"/>
                <TextEquiv>
                    <Unicode>dißorts von vielen Leuten auf Ihns¬</Unicode>
                </TextEquiv>
            </TextLine>
            <TextLine id="r3l19" custom="readingOrder {index:18;}">
                <Coords points="454,2258 535,2220 689,2262 741,2232 924,2260 985,2231 1118,2276 1209,2233 1465,2229 1210,2152 1125,2203 1043,2168 935,2201 858,2167 732,2191 637,2149 455,2195"/>
                <Baseline points="461,2214 510,2214 560,2216 610,2216 660,2217 710,2217 760,2219 809,2219 859,2220 909,2220 959,2222 1009,2222 1059,2223 1109,2223 1158,2225 1208,2225 1258,2225 1308,2225 1358,2226 1408,2225 1458,2225"/>
                <TextEquiv>
                    <Unicode>geworfen worden, hadten Ihns zu einer</Unicode>
                </TextEquiv>
            </TextLine>
            <TextLine id="r3l20" custom="readingOrder {index:19;}">
                <Coords points="449,2349 995,2315 1381,2371 1505,2336 1505,2284 1429,2268 1364,2292 1135,2261 1081,2292 1041,2252 980,2280 898,2250 779,2293 556,2228 449,2257"/>
                <Baseline points="456,2304 508,2306 560,2307 612,2309 664,2309 716,2310 768,2310 820,2312 872,2312 924,2312 976,2312 1028,2312 1080,2312 1132,2312 1184,2312 1236,2312 1288,2312 1340,2312 1392,2312 1444,2312 1497,2312"/>
                <TextEquiv>
                    <Unicode>Austrichtigen bebautniß bringen sollen,</Unicode>
                </TextEquiv>
            </TextLine>
            <TextLine id="r3l21" custom="readingOrder {index:20;}">
                <Coords points="443,2403 862,2464 1003,2425 1277,2443 1465,2413 1465,2375 1273,2388 1094,2349 443,2351"/>
                <Baseline points="450,2396 500,2397 550,2400 601,2402 651,2403 702,2405 752,2406 802,2408 853,2408 903,2408 954,2409 1004,2409 1054,2409 1105,2409 1155,2409 1206,2408 1256,2408 1306,2406 1357,2406 1407,2405 1458,2403"/>
                <TextEquiv>
                    <Unicode>Wie es alsto alle Zeit sofrech langnen</Unicode>
                </TextEquiv>
            </TextLine>
            <TextLine id="r3l22" custom="readingOrder {index:21;}">
                <Coords points="433,2534 1345,2545 1501,2485 1501,2431 1433,2414 1236,2468 1004,2425 946,2462 433,2444"/>
                <Baseline points="440,2486 492,2486 545,2487 598,2487 650,2489 703,2490 756,2490 808,2492 861,2492 914,2493 967,2493 1019,2493 1072,2493 1125,2493 1177,2493 1230,2492 1283,2490 1335,2489 1388,2487 1441,2485 1494,2481"/>
                <TextEquiv>
                    <Unicode>und noch gegenwärtig sohartnbig sich¬</Unicode>
                </TextEquiv>
            </TextLine>
            <TextLine id="r3l23" custom="readingOrder {index:22;}">
                <Coords points="422,2626 483,2621 516,2596 557,2631 631,2590 730,2622 803,2596 831,2605 880,2583 881,2561 834,2557 779,2512 664,2565 529,2532 477,2562 422,2557"/>
                <Baseline points="429,2585 455,2585 481,2585 507,2585 533,2585 559,2585 585,2585 611,2585 637,2585 664,2586 690,2586 716,2586 742,2586 768,2586 794,2586 820,2586 846,2586 873,2585"/>
                <TextEquiv>
                    <Unicode>erzeigeendorffe.</Unicode>
                </TextEquiv>
            </TextLine>
            <TextLine id="r3l24" custom="readingOrder {index:23;}">
                <Coords points="425,2734 657,2688 801,2732 836,2701 1057,2724 1271,2693 1436,2737 1489,2710 1489,2613 1253,2648 1034,2622 920,2660 823,2619 664,2651 519,2598 425,2623"/>
                <Baseline points="432,2690 484,2690 537,2691 589,2691 642,2692 694,2693 747,2693 799,2693 852,2693 904,2693 957,2693 1009,2693 1062,2693 1114,2693 1167,2691 1219,2691 1272,2690 1324,2688 1377,2686 1429,2684 1482,2682"/>
                <TextEquiv>
                    <Unicode>Weilen wieschon gestagt es keine belegung</Unicode>
                </TextEquiv>
            </TextLine>
            <TextLine id="r3l25" custom="readingOrder {index:24;}">
                <Coords points="421,2805 658,2779 739,2816 792,2776 913,2802 960,2775 1029,2811 1185,2772 1274,2814 1506,2762 1505,2710 1436,2736 1274,2694 420,2731"/>
                <Baseline points="428,2768 481,2768 535,2769 588,2769 642,2771 695,2771 749,2771 802,2771 856,2771 909,2771 963,2771 1017,2771 1070,2769 1124,2769 1177,2768 1231,2766 1284,2765 1338,2763 1391,2760 1445,2758 1499,2754"/>
                <TextEquiv>
                    <Unicode>deß Kindes gestühret, so habe es geglaubt</Unicode>
                </TextEquiv>
            </TextLine>
            <TextLine id="r3l26" custom="readingOrder {index:25;}">
                <Coords points="434,2882 703,2898 908,2848 1201,2896 1383,2877 1383,2787 1121,2820 990,2787 621,2814 566,2785 434,2826"/>
                <Baseline points="441,2847 487,2846 534,2846 581,2844 628,2844 674,2844 721,2846 768,2846 815,2846 861,2847 908,2847 955,2847 1002,2847 1048,2847 1095,2847 1142,2846 1189,2846 1235,2843 1282,2841 1329,2840 1376,2835"/>
                <TextEquiv>
                    <Unicode>und gestagt, es bonne nicht seyn¬</Unicode>
                </TextEquiv>
            </TextLine>
            <TextLine id="r3l27" custom="readingOrder {index:26;}">
                <Coords points="431,2977 597,3021 753,2975 1218,2992 1425,2948 1425,2899 1366,2872 1197,2910 1119,2872 1057,2898 936,2875 788,2938 720,2908 593,2938 430,2907"/>
                <Baseline points="437,2970 486,2969 535,2969 584,2967 633,2967 682,2967 731,2967 780,2967 829,2967 878,2967 927,2967 976,2967 1025,2967 1074,2966 1123,2964 1172,2963 1221,2961 1270,2958 1319,2954 1368,2951 1418,2945"/>
                <TextEquiv>
                    <Unicode>Ob vor seiner Renißt es nicht Wehe</Unicode>
                </TextEquiv>
            </TextLine>
            <TextLine id="r3l28" custom="readingOrder {index:27;}">
                <Coords points="421,3063 666,3087 1042,3046 1130,3075 1197,3043 1250,3071 1393,3044 1392,2986 1123,3011 1057,2970 878,3010 784,2983 697,3027 553,2990 420,3011"/>
                <Baseline points="428,3053 475,3051 523,3050 571,3048 619,3048 667,3047 715,3047 762,3047 810,3047 858,3047 906,3047 954,3047 1002,3046 1050,3045 1097,3044 1145,3042 1193,3041 1241,3039 1289,3035 1337,3032 1385,3027"/>
                <TextEquiv>
                    <Unicode>und Schmorzen empfunden, die ihme</Unicode>
                </TextEquiv>
            </TextLine>
            <TextLine id="r3l29" custom="readingOrder {index:28;}">
                <Coords points="420,3187 730,3138 1285,3147 1477,3109 1475,3050 1009,3061 930,3101 864,3058 661,3102 581,3074 528,3109 417,3097"/>
                <Baseline points="425,3129 477,3129 529,3129 581,3129 633,3129 686,3129 738,3129 790,3128 842,3128 894,3128 947,3126 999,3125 1051,3123 1103,3122 1155,3119 1208,3116 1260,3113 1312,3108 1364,3104 1416,3098 1469,3093"/>
                <TextEquiv>
                    <Unicode>angezeiget, warum es zu thun seÿn wolle.</Unicode>
                </TextEquiv>
            </TextLine>
            <TextLine id="r3l30" custom="readingOrder {index:29;}">
                <Coords points="413,3271 558,3245 646,3277 950,3269 1068,3233 1368,3263 1433,3246 1431,3179 1317,3201 1123,3159 954,3204 890,3172 849,3205 673,3176 547,3213 508,3185 410,3202"/>
                <Baseline points="419,3257 469,3254 519,3252 569,3249 620,3248 670,3246 720,3245 771,3242 821,3242 871,3240 922,3239 972,3237 1022,3235 1072,3234 1123,3231 1173,3229 1223,3227 1274,3224 1324,3221 1374,3218 1425,3215"/>
                <TextEquiv>
                    <Unicode>Nur burz vorhero habe es ein löenig¬</Unicode>
                </TextEquiv>
            </TextLine>
            <TextLine id="r3l31" custom="readingOrder {index:30;}">
                <Coords points="401,3374 447,3353 603,3389 736,3351 949,3382 1142,3320 1193,3347 1412,3324 1410,3256 1239,3232 1041,3296 827,3268 399,3298"/>
                <Baseline points="408,3345 457,3342 507,3339 557,3338 607,3336 657,3335 706,3333 756,3332 806,3330 856,3330 906,3329 955,3327 1005,3326 1055,3324 1105,3323 1155,3320 1204,3318 1254,3316 1304,3311 1354,3306 1404,3303"/>
                <TextEquiv>
                    <Unicode>bauchlashe gesführet, aber wohl nicht</Unicode>
                </TextEquiv>
            </TextLine>
            <TextLine id="r3l32" custom="readingOrder {index:31;}">
                <Coords points="406,3497 494,3453 555,3487 820,3438 1129,3452 1274,3419 1342,3450 1474,3416 1471,3341 1398,3377 1203,3349 1062,3403 829,3368 401,3398"/>
                <Baseline points="410,3450 462,3447 515,3444 568,3441 621,3439 674,3437 726,3435 779,3433 832,3431 885,3429 938,3427 990,3425 1043,3423 1096,3420 1149,3417 1202,3415 1254,3412 1307,3408 1360,3404 1413,3400 1466,3395"/>
                <TextEquiv>
                    <Unicode>vermuhtet, daß es darum zu thun seÿe¬</Unicode>
                </TextEquiv>
            </TextLine>
            <TextEquiv>
                <Unicode>Maria Weibter
Es versichere, daß es nicht vor Gebuß
gelußt habe, ob es Schlaugersteÿe,
zumalen es das Kind gar nicht gestühret
Ob es dann seine Zeiten gehabt?
Wein aber schonstintheinem jahr, habe
es darvon nichts gestühret.
Es werde doch gesführt und gestehen haben
daß es einen größeren Kauch habe?
Ja, das habe es wohl gespührt.
Es bekenne selbsten anjezo, daß es seine
Schlangerschafft nicht vor Gebuß gewußte
hiemit habe es doch gezleifflet und glaube
müßen, es kontesteyn, anbey habe es
eine Zeiten nicht gehabt und gesführet
daß der Dauch größer worden: diß¬
alles und Iustonderheit der Argwohn, so
dißorts von vielen Leuten auf Ihns¬
geworfen worden, hadten Ihns zu einer
Austrichtigen bebautniß bringen sollen,
Wie es alsto alle Zeit sofrech langnen
und noch gegenwärtig sohartnbig sich¬
erzeigeendorffe.
Weilen wieschon gestagt es keine belegung
deß Kindes gestühret, so habe es geglaubt
und gestagt, es bonne nicht seyn¬
Ob vor seiner Renißt es nicht Wehe
und Schmorzen empfunden, die ihme
angezeiget, warum es zu thun seÿn wolle.
Nur burz vorhero habe es ein löenig¬
bauchlashe gesführet, aber wohl nicht
vermuhtet, daß es darum zu thun seÿe¬</Unicode>
            </TextEquiv>
        </TextRegion>
        <TextRegion orientation="0.0" id="r4" custom="readingOrder {index:3;}">
            <Coords points="1617,1890 1617,3161 1692,3161 1692,1890"/>
            <TextLine id="r4l1" custom="readingOrder {index:0;}">
                <Coords points="1613,1996 1622,1994 1643,2001 1653,1989 1703,1988 1687,1888 1673,1892 1638,1876 1611,1905 1598,1904"/>
                <Baseline points="1617,1974 1642,1969 1667,1965 1692,1962"/>
                <TextEquiv>
                    <Unicode>ds</Unicode>
                </TextEquiv>
            </TextLine>
            <TextLine id="r4l2" custom="readingOrder {index:1;}">
                <Coords points="1635,2499 1642,2498 1661,2481 1666,2482 1678,2474 1692,2477 1685,2397 1675,2398 1661,2392 1658,2397 1648,2397 1645,2401 1638,2398 1634,2402 1626,2401"/>
                <Baseline points="1638,2457 1682,2453"/>
                <TextEquiv>
                    <Unicode>R</Unicode>
                </TextEquiv>
            </TextLine>
            <TextLine id="r4l3" custom="readingOrder {index:2;}">
                <Coords points="1631,2669 1648,2669 1654,2673 1664,2669 1671,2660 1677,2664 1683,2660 1693,2662 1687,2576 1672,2579 1648,2566 1635,2574 1625,2573"/>
                <Baseline points="1637,2660 1685,2657"/>
                <TextEquiv>
                    <Unicode>2.</Unicode>
                </TextEquiv>
            </TextLine>
            <TextLine id="r4l4" custom="readingOrder {index:3;}">
                <Coords points="1622,2823 1630,2824 1647,2844 1659,2852 1670,2851 1685,2857 1693,2758 1672,2752 1644,2752 1628,2746"/>
                <Baseline points="1629,2813 1655,2814 1682,2817"/>
                <TextEquiv>
                    <Unicode>2</Unicode>
                </TextEquiv>
            </TextLine>
            <TextLine id="r4l5" custom="readingOrder {index:4;}">
                <Coords points="1627,2974 1644,2972 1661,2976 1664,2973 1672,2975 1679,2969 1692,2969 1684,2872 1668,2877 1649,2875 1638,2885 1620,2886"/>
                <Baseline points="1632,2946 1657,2942 1682,2942"/>
                <TextEquiv>
                    <Unicode>2.</Unicode>
                </TextEquiv>
            </TextLine>
            <TextLine id="r4l6" custom="readingOrder {index:5;}">
                <Coords points="1612,3150 1655,3161 1670,3149 1682,3160 1692,3161 1696,3069 1679,3069 1663,3058 1643,3061 1636,3067 1626,3063 1616,3066"/>
                <Baseline points="1620,3122 1653,3122 1686,3125"/>
                <TextEquiv>
                    <Unicode>Rh.</Unicode>
                </TextEquiv>
            </TextLine>
            <TextEquiv>
                <Unicode>ds
R
2.
2
2.
Rh.</Unicode>
            </TextEquiv>
        </TextRegion>
        <TextRegion orientation="0.0" id="r5" custom="readingOrder {index:4;}">
            <Coords points="1665,649 1665,802 1680,802 1680,649"/>
            <TextLine id="r5l1" custom="readingOrder {index:0;}">
                <Coords points="1654,767 1663,769 1664,767 1666,768 1667,767 1672,772 1675,771 1676,773 1683,774 1690,740 1683,738 1677,730 1669,734 1662,732"/>
                <Baseline points="1665,749 1680,752"/>
                <TextEquiv>
                    <Unicode></Unicode>
                </TextEquiv>
            </TextLine>
            <TextEquiv>
                <Unicode></Unicode>
            </TextEquiv>
        </TextRegion>
        <TextRegion orientation="0.0" id="r6" custom="readingOrder {index:5;}">
            <Coords points="1646,389 1646,3394 2852,3394 2852,389"/>
            <TextLine id="r6l1" custom="readingOrder {index:0;}">
                <Coords points="2680,441 2726,439 2742,452 2771,437 2800,457 2810,449 2821,452 2860,428 2858,377 2839,378 2792,349 2776,352 2753,376 2734,363 2719,363 2693,383 2677,379"/>
                <Baseline points="2687,437 2714,433 2742,430 2769,429 2797,429 2824,429 2852,428"/>
                <TextEquiv>
                    <Unicode>269.</Unicode>
                </TextEquiv>
            </TextLine>
            <TextLine id="r6l2" custom="readingOrder {index:1;} person {offset:0; length:12;}">
                <Coords points="1843,602 2099,564 2179,584 2215,562 2306,582 2474,559 2575,581 2573,501 2427,504 2283,438 2146,500 2081,476 2027,501 1930,467 1841,492"/>
                <Baseline points="1850,573 1885,569 1921,565 1957,562 1993,559 2029,557 2065,555 2100,554 2136,553 2172,552 2208,552 2244,552 2280,552 2316,552 2351,552 2387,552 2423,552 2459,552 2495,552 2531,552 2567,552"/>
                <TextEquiv>
                    <Unicode>Maria Sidmer.</Unicode>
                </TextEquiv>
            </TextLine>
            <TextLine id="r6l3" custom="readingOrder {index:2;}">
                <Coords points="1731,714 1817,732 1872,690 2008,698 2076,663 2385,693 2439,666 2523,706 2603,671 2747,706 2800,696 2798,601 1729,621"/>
                <Baseline points="1737,707 1789,695 1842,686 1895,678 1948,671 2000,667 2053,662 2106,660 2159,659 2211,657 2264,657 2317,657 2370,659 2422,660 2475,662 2528,663 2581,665 2633,666 2686,668 2739,668 2792,668"/>
                <TextEquiv>
                    <Unicode>o6 Es darauf befarren dörffe, daß es auf¬</Unicode>
                </TextEquiv>
            </TextLine>
            <TextLine id="r6l4" custom="readingOrder {index:3;}">
                <Coords points="1683,758 1692,756 1695,751 1703,754 1705,751 1712,749 1690,666 1683,668 1676,677 1663,680"/>
                <Baseline points="1682,726 1697,722"/>
                <TextEquiv>
                    <Unicode>9</Unicode>
                </TextEquiv>
            </TextLine>
            <TextLine id="r6l5" custom="readingOrder {index:4;}">
                <Coords points="1738,782 2039,734 2683,749 2690,684 2495,707 2440,666 2387,693 2090,674 1736,726"/>
                <Baseline points="1745,767 1794,757 1843,749 1893,741 1942,737 1992,731 2041,728 2090,726 2140,725 2189,723 2239,723 2288,724 2338,725 2387,725 2436,726 2486,726 2535,726 2585,726 2634,725 2684,725"/>
                <TextEquiv>
                    <Unicode>dem Heimlich dienach Kindes genesten</Unicode>
                </TextEquiv>
            </TextLine>
            <TextLine id="r6l6" custom="readingOrder {index:5;}">
                <Coords points="1742,867 2023,804 2716,821 2738,740 2528,736 2414,772 2127,737 2010,772 1955,737 1739,776"/>
                <Baseline points="1748,831 1797,820 1846,813 1895,806 1944,799 1994,796 2043,792 2092,789 2141,789 2190,788 2240,788 2289,788 2338,789 2387,789 2436,791 2486,792 2535,792 2584,792 2633,792 2682,791 2732,789"/>
                <TextEquiv>
                    <Unicode>und ob es nicht an einem anderen Ort</Unicode>
                </TextEquiv>
            </TextLine>
            <TextLine id="r6l7" custom="readingOrder {index:6;}">
                <Coords points="1733,925 1989,869 2140,902 2394,868 2509,911 2697,873 2696,814 2587,833 2529,793 2212,837 2023,804 1969,852 1878,824 1731,873"/>
                <Baseline points="1739,905 1786,895 1834,888 1881,881 1929,876 1976,872 2024,869 2071,867 2119,866 2166,866 2214,866 2262,867 2309,867 2357,869 2404,869 2452,870 2499,870 2547,871 2594,870 2642,870 2690,867"/>
                <TextEquiv>
                    <Unicode>genesten und nachwerts das Kind in die</Unicode>
                </TextEquiv>
            </TextLine>
            <TextLine id="r6l8" custom="readingOrder {index:7;}">
                <Coords points="1723,1036 1825,967 1889,988 1978,969 2037,1001 2114,957 2191,983 2290,949 2337,964 2373,955 2370,896 2320,918 2230,889 2195,918 2166,897 2106,915 2046,883 1871,915 1816,948 1719,949"/>
                <Baseline points="1728,990 1759,983 1791,975 1823,969 1855,964 1887,960 1919,956 1951,954 1983,951 2015,950 2047,950 2078,949 2110,948 2142,948 2174,948 2206,948 2238,948 2270,948 2302,947 2334,945 2366,944"/>
                <TextEquiv>
                    <Unicode>heimlichkeit geworfen?</Unicode>
                </TextEquiv>
            </TextLine>
            <TextLine id="r6l9" custom="readingOrder {index:8;} person {offset:4; length:7;}">
                <Coords points="1640,1142 2054,1067 2122,1111 2334,1066 2695,1106 2778,1083 2776,997 2351,1034 2220,983 2108,1036 1637,1051"/>
                <Baseline points="1646,1118 1702,1106 1758,1096 1814,1087 1871,1081 1927,1074 1983,1070 2039,1067 2096,1065 2152,1064 2208,1062 2264,1062 2321,1062 2377,1064 2433,1064 2489,1065 2546,1065 2602,1065 2658,1065 2714,1065 2771,1064"/>
                <TextEquiv>
                    <Unicode>Hh. Bzenige, daß es auf der Heimlichkeit Beriesten</Unicode>
                </TextEquiv>
            </TextLine>
            <TextLine id="r6l10" custom="readingOrder {index:9;}">
                <Coords points="1733,1179 1786,1165 1876,1194 2102,1138 2265,1166 2404,1139 2403,1108 2327,1082 2269,1110 2223,1082 2120,1112 2025,1076 1858,1127 1804,1099 1732,1141"/>
                <Baseline points="1740,1163 1772,1157 1805,1153 1838,1149 1871,1146 1904,1143 1936,1140 1969,1139 2002,1137 2035,1137 2068,1136 2100,1136 2133,1136 2166,1134 2199,1134 2231,1134 2264,1134 2297,1134 2330,1134 2363,1133 2396,1133"/>
                <TextEquiv>
                    <Unicode>und nirgends anderpbo¬</Unicode>
                </TextEquiv>
            </TextLine>
            <TextLine id="r6l11" custom="readingOrder {index:10;}">
                <Coords points="1731,1291 1815,1295 1863,1260 1923,1280 2100,1255 2162,1291 2231,1259 2278,1278 2317,1249 2437,1264 2436,1203 2385,1207 2341,1166 2264,1185 2158,1159 1984,1205 1830,1179 1775,1225 1729,1218"/>
                <Baseline points="1737,1269 1771,1264 1806,1259 1840,1256 1875,1253 1910,1251 1944,1250 1979,1248 2013,1247 2048,1247 2083,1245 2117,1245 2152,1247 2186,1247 2221,1247 2256,1248 2290,1248 2325,1248 2359,1249 2394,1250 2429,1250"/>
                <TextEquiv>
                    <Unicode>Auf welche weis es genesten?</Unicode>
                </TextEquiv>
            </TextLine>
            <TextLine id="r6l12" custom="readingOrder {index:11;}">
                <Coords points="1662,1327 1671,1322 1675,1312 1681,1314 1692,1311 1698,1295 1708,1290 1679,1236 1673,1240 1666,1253 1662,1255 1654,1253 1649,1264 1633,1273"/>
                <Baseline points="1656,1302 1695,1281"/>
                <TextEquiv>
                    <Unicode>Ih.</Unicode>
                </TextEquiv>
            </TextLine>
            <TextLine id="r6l13" custom="readingOrder {index:12;}">
                <Coords points="1736,1403 2741,1393 2741,1314 2696,1297 2378,1354 2248,1288 1918,1352 1736,1299"/>
                <Baseline points="1743,1389 1792,1384 1842,1380 1891,1377 1941,1375 1990,1374 2040,1373 2089,1373 2139,1373 2188,1373 2238,1374 2287,1374 2337,1376 2386,1378 2436,1380 2485,1382 2535,1383 2584,1385 2634,1386 2683,1389 2733,1391"/>
                <TextEquiv>
                    <Unicode>Es könne anders nichts gagen, als daß es¬</Unicode>
                </TextEquiv>
            </TextLine>
            <TextLine id="r6l14" custom="readingOrder {index:13;}">
                <Coords points="1655,1445 1665,1446 1683,1434 1688,1436 1697,1433 1675,1343 1665,1347 1662,1345 1655,1347 1641,1365 1635,1366"/>
                <Baseline points="1656,1422 1685,1415"/>
                <TextEquiv>
                    <Unicode>B</Unicode>
                </TextEquiv>
            </TextLine>
            <TextLine id="r6l15" custom="readingOrder {index:14;}">
                <Coords points="1735,1464 1792,1486 1862,1449 1923,1481 2027,1442 2097,1482 2245,1443 2298,1478 2486,1439 2806,1496 2807,1406 2648,1424 2594,1386 2488,1422 2243,1386 1736,1415"/>
                <Baseline points="1743,1448 1795,1445 1848,1443 1901,1442 1954,1440 2007,1439 2059,1439 2112,1439 2165,1440 2218,1440 2271,1442 2323,1443 2376,1445 2429,1446 2482,1449 2535,1451 2587,1452 2640,1455 2693,1458 2746,1460 2799,1463"/>
                <TextEquiv>
                    <Unicode>auf der Heimlichkeit geseßen und geglaubt,</Unicode>
                </TextEquiv>
            </TextLine>
            <TextLine id="r6l16" custom="readingOrder {index:15;}">
                <Coords points="1706,1543 2734,1539 2734,1487 2673,1502 2618,1457 2555,1499 2402,1462 2298,1489 2245,1443 2027,1497 1963,1467 1707,1487"/>
                <Baseline points="1713,1529 1763,1526 1814,1523 1865,1521 1915,1520 1966,1518 2017,1518 2067,1518 2118,1520 2169,1520 2220,1521 2270,1523 2321,1523 2372,1525 2422,1526 2473,1528 2524,1529 2574,1530 2625,1532 2676,1532 2727,1532"/>
                <TextEquiv>
                    <Unicode>es müße seine Nohtdurffs verrichten, da</Unicode>
                </TextEquiv>
            </TextLine>
            <TextLine id="r6l17" custom="readingOrder {index:16;}">
                <Coords points="1702,1615 2278,1650 2445,1616 2546,1649 2627,1615 2725,1650 2726,1551 2547,1577 2465,1531 2321,1582 2225,1535 2051,1563 2002,1534 1933,1581 1892,1546 1794,1571 1703,1541"/>
                <Baseline points="1710,1605 1760,1604 1810,1602 1861,1602 1911,1601 1962,1601 2012,1602 2062,1602 2113,1604 2163,1604 2214,1605 2264,1607 2314,1608 2365,1609 2415,1610 2466,1611 2516,1611 2566,1611 2617,1611 2667,1611 2718,1611"/>
                <TextEquiv>
                    <Unicode>dann die dienißt also geschlaid erfolget,</Unicode>
                </TextEquiv>
            </TextLine>
            <TextLine id="r6l18" custom="readingOrder {index:17;}">
                <Coords points="1697,1713 2322,1683 2649,1713 2761,1690 2762,1661 2687,1664 2630,1616 2513,1654 2322,1628 2127,1660 1967,1617 1698,1641"/>
                <Baseline points="1704,1682 1756,1682 1809,1680 1861,1680 1914,1679 1966,1679 2019,1679 2071,1679 2124,1679 2176,1679 2229,1680 2281,1680 2334,1682 2386,1682 2439,1683 2491,1685 2544,1686 2596,1688 2649,1689 2701,1690 2754,1692"/>
                <TextEquiv>
                    <Unicode>daß es solche kaum bahrnemen können</Unicode>
                </TextEquiv>
            </TextLine>
            <TextLine id="r6l19" custom="readingOrder {index:18;}">
                <Coords points="1706,1784 1969,1763 2181,1812 2314,1773 2368,1804 2601,1778 2691,1809 2702,1749 2522,1703 2302,1731 2194,1689 1707,1719"/>
                <Baseline points="1713,1761 1762,1761 1811,1760 1860,1760 1909,1760 1958,1760 2007,1760 2056,1761 2105,1763 2154,1764 2203,1766 2252,1767 2301,1768 2350,1769 2399,1770 2448,1772 2497,1772 2546,1772 2595,1773 2644,1772 2694,1772"/>
                <TextEquiv>
                    <Unicode>indeme es nur nicht gelaußt, daß ein</Unicode>
                </TextEquiv>
            </TextLine>
            <TextLine id="r6l20" custom="readingOrder {index:19;}">
                <Coords points="1700,1851 1930,1841 1970,1877 2051,1862 2190,1894 2342,1855 2415,1877 2416,1813 2230,1824 2050,1788 1996,1807 1919,1776 1837,1807 1780,1778 1701,1786"/>
                <Baseline points="1707,1839 1742,1839 1777,1839 1812,1839 1847,1839 1882,1839 1917,1839 1952,1839 1987,1839 2022,1841 2058,1841 2093,1841 2128,1842 2163,1842 2198,1844 2233,1844 2268,1844 2303,1845 2338,1846 2373,1847 2409,1848"/>
                <TextEquiv>
                    <Unicode>Kind von ihme gegangen.</Unicode>
                </TextEquiv>
            </TextLine>
            <TextLine id="r6l21" custom="readingOrder {index:20;}">
                <Coords points="1736,1977 2230,1960 2722,1996 2735,1905 2414,1874 2311,1913 2160,1881 1914,1921 1738,1880"/>
                <Baseline points="1743,1955 1792,1953 1841,1953 1890,1952 1939,1952 1989,1953 2038,1953 2087,1955 2136,1955 2185,1957 2235,1958 2284,1960 2333,1961 2382,1964 2431,1965 2481,1967 2530,1968 2579,1968 2628,1970 2677,1970 2727,1970"/>
                <TextEquiv>
                    <Unicode>Es gehe nicht mit der Bahrheit um, wie es</Unicode>
                </TextEquiv>
            </TextLine>
            <TextLine id="r6l22" custom="readingOrder {index:21;}">
                <Coords points="1719,2051 1811,2075 2247,2036 2635,2074 2754,2057 2755,1988 2297,1989 2268,1963 1963,2004 1919,1970 1828,1999 1720,1974"/>
                <Baseline points="1727,2034 1778,2033 1829,2032 1880,2031 1931,2030 1982,2030 2033,2030 2084,2031 2135,2031 2186,2033 2237,2033 2288,2034 2339,2036 2390,2037 2441,2038 2492,2039 2543,2040 2594,2042 2645,2042 2696,2043 2747,2043"/>
                <TextEquiv>
                    <Unicode>doch stofrech seyn dorfe zu sagen, es habe</Unicode>
                </TextEquiv>
            </TextLine>
            <TextLine id="r6l23" custom="readingOrder {index:22;}">
                <Coords points="1715,2118 1994,2115 2109,2149 2396,2119 2581,2170 2739,2141 2740,2056 2629,2089 2344,2044 2004,2083 1942,2050 1808,2079 1716,2051"/>
                <Baseline points="1722,2106 1772,2108 1823,2108 1873,2109 1924,2109 1974,2109 2025,2109 2075,2109 2126,2109 2176,2111 2227,2111 2277,2111 2328,2112 2378,2112 2429,2114 2479,2115 2530,2116 2580,2117 2631,2120 2681,2121 2732,2124"/>
                <TextEquiv>
                    <Unicode>ein Kind nicht gesführt von ihme gehen,</Unicode>
                </TextEquiv>
            </TextLine>
            <TextLine id="r6l24" custom="readingOrder {index:23;}">
                <Coords points="1709,2195 1903,2228 2282,2194 2678,2222 2679,2146 2527,2173 2309,2124 2003,2175 1828,2123 1710,2133"/>
                <Baseline points="1716,2184 1763,2186 1811,2188 1859,2190 1907,2191 1955,2192 2002,2193 2050,2193 2098,2193 2146,2193 2194,2195 2241,2195 2289,2195 2337,2195 2385,2195 2433,2195 2480,2195 2528,2196 2576,2196 2624,2198 2672,2199"/>
                <TextEquiv>
                    <Unicode>ob es sich einbilden könne, man werde</Unicode>
                </TextEquiv>
            </TextLine>
            <TextLine id="r6l25" custom="readingOrder {index:24;}">
                <Coords points="1709,2298 2054,2284 2111,2321 2162,2282 2367,2321 2626,2301 2639,2253 2535,2223 2408,2244 2364,2211 2251,2235 2153,2202 1893,2233 1846,2195 1710,2239"/>
                <Baseline points="1716,2261 1761,2263 1807,2265 1853,2269 1899,2271 1944,2273 1990,2274 2036,2276 2082,2277 2127,2279 2173,2280 2219,2280 2265,2282 2310,2282 2356,2282 2402,2282 2448,2282 2493,2282 2539,2282 2585,2282 2631,2280"/>
                <TextEquiv>
                    <Unicode>solchen hartnäihigen Zugen glauben</Unicode>
                </TextEquiv>
            </TextLine>
            <TextLine id="r6l26" custom="readingOrder {index:25;}">
                <Coords points="1707,2371 1753,2388 1819,2351 1872,2381 1931,2374 1949,2388 1994,2393 2004,2392 2006,2345 1991,2346 1971,2328 1924,2332 1883,2298 1839,2302 1785,2286 1741,2299 1710,2294"/>
                <Baseline points="1715,2352 1740,2351 1766,2351 1792,2352 1817,2352 1843,2353 1869,2354 1895,2356 1920,2357 1946,2358 1972,2358 1998,2360"/>
                <TextEquiv>
                    <Unicode>beymeßen.</Unicode>
                </TextEquiv>
            </TextLine>
            <TextLine id="r6l27" custom="readingOrder {index:26;}">
                <Coords points="1720,2467 2183,2507 2304,2473 2613,2516 2761,2474 2613,2390 2539,2433 2388,2420 2331,2453 2174,2425 2023,2446 1835,2401 1721,2420"/>
                <Baseline points="1728,2457 1779,2460 1830,2463 1881,2465 1933,2468 1984,2469 2035,2470 2086,2471 2138,2472 2189,2472 2240,2474 2291,2474 2343,2474 2394,2474 2445,2475 2496,2475 2548,2475 2599,2475 2650,2477 2701,2477 2753,2478"/>
                <TextEquiv>
                    <Unicode>Es könne einmahl gar nichts anders gagen</Unicode>
                </TextEquiv>
            </TextLine>
            <TextLine id="r6l28" custom="readingOrder {index:27;}">
                <Coords points="1718,2558 1879,2535 1954,2585 2011,2557 2072,2584 2302,2550 2448,2600 2579,2555 2719,2573 2696,2520 2584,2530 2471,2490 2217,2526 2129,2489 1719,2511"/>
                <Baseline points="1725,2529 1774,2532 1823,2535 1873,2537 1922,2538 1971,2541 2021,2543 2070,2544 2119,2544 2169,2546 2218,2546 2267,2547 2317,2547 2366,2547 2415,2549 2465,2549 2514,2549 2563,2549 2613,2549 2662,2549 2712,2549"/>
                <TextEquiv>
                    <Unicode>sonsten es solches wurde angezeight haben.</Unicode>
                </TextEquiv>
            </TextLine>
            <TextLine id="r6l29" custom="readingOrder {index:28;}">
                <Coords points="1720,2665 1856,2693 1938,2655 2156,2666 2281,2701 2345,2668 2495,2698 2587,2673 2696,2701 2697,2624 2584,2606 1721,2605"/>
                <Baseline points="1727,2655 1775,2657 1823,2657 1871,2658 1919,2660 1967,2660 2015,2661 2064,2663 2112,2663 2160,2664 2208,2664 2256,2666 2304,2666 2352,2667 2401,2667 2449,2669 2497,2670 2545,2670 2593,2672 2641,2673 2690,2673"/>
                <TextEquiv>
                    <Unicode>Ob nicht vor der Benißt das Waßer bey¬</Unicode>
                </TextEquiv>
            </TextLine>
            <TextLine id="r6l30" custom="readingOrder {index:29;}">
                <Coords points="1727,2739 1952,2760 2179,2729 2579,2774 2713,2737 2713,2685 2640,2714 2291,2711 2250,2675 1977,2666 1898,2703 1728,2666"/>
                <Baseline points="1734,2720 1782,2721 1831,2723 1879,2726 1928,2726 1977,2728 2025,2729 2074,2730 2122,2732 2171,2732 2220,2733 2268,2733 2317,2734 2365,2735 2414,2735 2463,2735 2511,2733 2560,2733 2608,2733 2657,2732 2706,2730"/>
                <TextEquiv>
                    <Unicode>hin gebrochen und von ihme geganget.</Unicode>
                </TextEquiv>
            </TextLine>
            <TextLine id="r6l31" custom="readingOrder {index:30;}">
                <Coords points="1721,2842 2033,2835 2252,2893 2603,2880 2743,2839 2743,2784 2667,2773 2596,2808 2391,2769 1901,2810 1722,2746"/>
                <Baseline points="1728,2822 1778,2825 1828,2826 1879,2828 1929,2829 1979,2831 2030,2832 2080,2834 2130,2835 2181,2835 2231,2837 2281,2837 2332,2837 2382,2837 2432,2837 2483,2837 2533,2837 2583,2837 2634,2835 2684,2834 2735,2832"/>
                <TextEquiv>
                    <Unicode>Vnser nichts darvon, habe es nicht gesführt.</Unicode>
                </TextEquiv>
            </TextLine>
            <TextLine id="r6l32" custom="readingOrder {index:31;}">
                <Coords points="1720,2975 2608,2991 2609,2928 2576,2909 2385,2936 2276,2904 2160,2935 2010,2890 1901,2914 1795,2858 1722,2881"/>
                <Baseline points="1728,2948 1771,2952 1815,2956 1858,2958 1902,2961 1946,2963 1989,2965 2033,2967 2077,2967 2120,2969 2164,2969 2208,2970 2251,2970 2295,2969 2339,2969 2382,2969 2426,2969 2470,2967 2513,2967 2557,2966 2601,2966"/>
                <TextEquiv>
                    <Unicode>Wie es das Kind entbunden, ob es die</Unicode>
                </TextEquiv>
            </TextLine>
            <TextLine id="r6l33" custom="readingOrder {index:32;}">
                <Coords points="1718,3063 1873,3082 1935,3057 2053,3102 2246,3052 2411,3095 2671,3051 2672,2990 1945,3028 1834,2978 1719,2976"/>
                <Baseline points="1725,3029 1774,3035 1823,3038 1873,3042 1922,3045 1972,3047 2021,3050 2070,3050 2120,3051 2169,3051 2219,3051 2268,3050 2318,3050 2367,3048 2416,3047 2466,3047 2515,3045 2565,3044 2614,3042 2664,3042"/>
                <TextEquiv>
                    <Unicode>abelschnur abgehauen oder abgerißen?</Unicode>
                </TextEquiv>
            </TextLine>
            <TextLine id="r6l34" custom="readingOrder {index:33;}">
                <Coords points="1724,3145 2609,3169 2709,3146 2710,3064 2103,3110 1935,3057 1869,3098 1724,3070"/>
                <Baseline points="1731,3128 1779,3131 1828,3134 1876,3135 1925,3138 1974,3140 2022,3141 2071,3142 2119,3143 2168,3143 2217,3143 2265,3143 2314,3143 2362,3143 2411,3141 2460,3140 2508,3139 2557,3138 2605,3137 2654,3135 2703,3134"/>
                <TextEquiv>
                    <Unicode>könne darüber nichts stagen, dannes habe</Unicode>
                </TextEquiv>
            </TextLine>
            <TextLine id="r6l35" custom="readingOrder {index:34;}">
                <Coords points="1718,3208 2023,3260 2117,3222 2538,3240 2673,3217 2674,3155 2523,3189 2366,3147 2102,3186 1718,3137"/>
                <Baseline points="1725,3197 1772,3200 1819,3202 1866,3205 1913,3207 1960,3209 2007,3211 2054,3212 2101,3213 2148,3215 2196,3215 2243,3216 2290,3216 2337,3216 2384,3215 2431,3213 2478,3212 2525,3211 2572,3208 2619,3206 2667,3203"/>
                <TextEquiv>
                    <Unicode>nichts daran gemacht, und keine Hand¬</Unicode>
                </TextEquiv>
            </TextLine>
            <TextLine id="r6l36" custom="readingOrder {index:35;}">
                <Coords points="1696,3317 2635,3316 2664,3310 2665,3210 2489,3260 2392,3227 2335,3254 2184,3235 2137,3266 1697,3227"/>
                <Baseline points="1704,3270 1751,3275 1799,3279 1846,3284 1894,3287 1942,3289 1989,3291 2037,3293 2085,3293 2132,3294 2180,3294 2228,3294 2275,3294 2323,3294 2371,3292 2418,3291 2466,3290 2514,3288 2561,3286 2609,3284 2657,3282"/>
                <TextEquiv>
                    <Unicode>angelegt, indeme es von keinem Kün¬</Unicode>
                </TextEquiv>
            </TextLine>
            <TextLine id="r6l37" custom="readingOrder {index:36;}">
                <Coords points="1711,3366 1819,3400 1976,3380 2022,3412 2070,3390 2112,3402 2163,3370 2201,3376 2203,3323 2058,3315 1971,3348 1902,3311 1713,3315"/>
                <Baseline points="1719,3354 1745,3357 1771,3359 1798,3360 1824,3362 1850,3365 1877,3365 1903,3367 1929,3369 1956,3370 1982,3371 2008,3372 2035,3372 2061,3374 2087,3374 2114,3375 2140,3375 2166,3375 2193,3374"/>
                <TextEquiv>
                    <Unicode>nichts vermuhtet.</Unicode>
                </TextEquiv>
            </TextLine>
            <TextEquiv>
                <Unicode>269.
Maria Sidmer.
o6 Es darauf befarren dörffe, daß es auf¬
9
dem Heimlich dienach Kindes genesten
und ob es nicht an einem anderen Ort
genesten und nachwerts das Kind in die
heimlichkeit geworfen?
Hh. Bzenige, daß es auf der Heimlichkeit Beriesten
und nirgends anderpbo¬
Auf welche weis es genesten?
Ih.
Es könne anders nichts gagen, als daß es¬
B
auf der Heimlichkeit geseßen und geglaubt,
es müße seine Nohtdurffs verrichten, da
dann die dienißt also geschlaid erfolget,
daß es solche kaum bahrnemen können
indeme es nur nicht gelaußt, daß ein
Kind von ihme gegangen.
Es gehe nicht mit der Bahrheit um, wie es
doch stofrech seyn dorfe zu sagen, es habe
ein Kind nicht gesführt von ihme gehen,
ob es sich einbilden könne, man werde
solchen hartnäihigen Zugen glauben
beymeßen.
Es könne einmahl gar nichts anders gagen
sonsten es solches wurde angezeight haben.
Ob nicht vor der Benißt das Waßer bey¬
hin gebrochen und von ihme geganget.
Vnser nichts darvon, habe es nicht gesführt.
Wie es das Kind entbunden, ob es die
abelschnur abgehauen oder abgerißen?
könne darüber nichts stagen, dannes habe
nichts daran gemacht, und keine Hand¬
angelegt, indeme es von keinem Kün¬
nichts vermuhtet.</Unicode>
            </TextEquiv>
        </TextRegion>
    </Page>
</PcGts>
