3024 4032
92 247 205 322 108.
125 3051 189 3132 B
104 3178 207 3342 .
107 1872 279 1990 R9
90 2068 276 2180 Antrows
516 545 1200 660 riminal, Procedur
787 619 905 714 mit
317 665 1287 843 Gristen Beri von Konstigen, Andes
309 785 1283 922 Frienisterg, in puntto eines in A. 17412
316 858 1254 1026 an Niclaus Burgi von Leyß, sich schuldig
309 929 686 1053 gemachten Todt.
632 1088 977 1224 Dxamen
566 1206 848 1332 mit
310 1245 1213 1389 Christen Berj, von Kopstigen, Amts
297 1362 1300 1469 Frienisterg, Belcher sich von selbsten in
296 1447 1136 1544 Oberbeitliche Sande Constitiuert,
300 1506 1195 1634 Atatis 29. Jahr, ohn verheyrahtet,
281 1582 948 1701 habe noch seine Ellteren.
331 1735 1201 1890 Draemissa Exhortatione
290 1872 1220 1999 In belchene Absehen Er stich freÿbillig
289 1952 1021 2067 in die Gefangenschafft gestellt.
306 2030 1273 2178 Weilen Er vor 11. Jahren als ein Junger
282 2126 1240 2243 Besell das Unglek gehabt, an dem Tod
275 2201 1276 2293 eines Mans von Leyß schuldig worden
259 2283 1233 2398 zu seÿn, deßenthalber Er sich gefluchtet,
275 2365 1276 2480 als kome Er anjezo vor eine Hohe Oberkeit,
261 2427 1258 2543 sich darnieder zu bersten, und um Gnade
258 2503 1249 2609 zu flehen, Inmaßen Er dieses Unglück
268 2576 1258 2706 ohne Vorsaz und ganz ohnläßender Coede,
268 2655 1252 2772 auch durch Anrechung deß Verstorbenen
266 2725 1254 2848 Angerichtet, borfür Er aber Bots und
258 2809 1231 2934 eine Gnädige Oberbeit um Verziehung
273 2892 796 3014 dehemichtig auflehe.
255 2997 1296 3137 So solle Er nun aufrichtig und burz erzehlen,
260 3081 1041 3200 bie dieses Unglük biderfahren.
263 3167 1288 3321 Es seÿn an einem Oster Montag gewesen,
259 3277 1243 3384 da Ihne sein Radder geschilt, den Doctor
240 3347 1254 3465 Nilaus Riggeler zu Odis beil, 2. Stund weit
1161 3408 1255 3490 von
2618 242 2758 358 109.
1611 489 2726 654 Von seinem Heÿmnath, abzuholen, Nachdeme
1615 570 2712 733 nun der Doctor mit Ihme gekommen, und
1616 636 2720 803 keinen Radder besucht, habe selbiger noch.
1611 744 2712 890 gleichen Abend, Obwohlen es schon ganz
1600 807 2707 960 Nacht bare, bider zurük gehen bollen,
1610 889 2738 1066 ohngeachtet seine Leuth, Ihne zu übernachten
1611 960 2721 1106 anerbodten, borauf Er Inquisit dem Doctor
1607 1051 2721 1200 den Staadtstab nachgetragen und biß ins
1604 1117 2697 1288 Wihrtshauß nach dnedorf begleitet, allda
1607 1207 2702 1356 Sie mit Einanderen ein halb Maß Wein
1596 1281 2679 1425 getrunben, dorten habe Er den Landts
1599 1367 2717 1508 Haubtman Schori von Lopfigen sein Nachbar
1590 1467 2685 1584 angetroffen, welcher zu Ihme Inquisiten
1597 1535 2688 1653 gesagt. Er solle Ihme barten, sie wollen
2449 1611 2680 1694 Als Sie
1595 1633 2280 1745 dan mit Einander seÿm,
1593 1688 2703 1809 bald hierauf fort gehen wollen, und bereits
1594 1775 2682 1878 im Hausgang gelesten, habe ein Man¬
1588 1840 2692 1961 glaube der Nicaus Möhr von Leÿß nach¬
1573 1923 2696 2028 gerisen, Sie sollen noch ein wenig bleiben,
1589 2016 2689 2107 Er solle noch ein Maß vom besten Wein
1578 2084 2591 2191 Einscheuben laßen, borauf Sie bider
1567 2156 2675 2286 zuruk in die Stuben gebommen, und sich¬
1593 2229 2678 2347 an Ihre vorigen Ort gesetzet, und in bester
1584 2316 2688 2438 bohlmeinenheit mit Einander getrunben,
1585 2371 2689 2533 Da seÿn der Silaus Bürg; von Leÿs hinzu
1580 2463 2716 2605 gekommen, seyn über den Tisch, zwischen Ihne
1576 2529 2640 2671 Inquisit und den Doctor ein gelegen,
1577 2604 2597 2749 und habe Ihne Inquisiten gesucht von
1579 2688 2710 2828 keinem plaz zu stoßen, Er inquisit habe
1570 2737 2707 2921 Ihne Ermahnet, er solle Ihne Ruhigloßen,
1586 2841 2718 2997 der Bürgi aber habe angefangen mit Ihme
1569 2906 2650 3066 zu schänzlen und zu hauben, und habe
1562 2994 2689 3134 Ihme etwelche bläpf gegeben, darauff
1579 3063 2682 3213 der Haubtman, wie Er geseten, wie unge¬
1558 3147 2705 3295 reint der Bürg sich anführe, aufgestande
1570 3207 2696 3371 und auf selbigen schlagen wollen, habe Ihne
1560 3305 2655 3458 aber nicht erlangen mögen, da habe der
