3024 4032
160 146 262 220 54
267 173 344 254 N.
327 154 362 224 te
420 166 644 275 Exam:
538 228 1206 411 Beitsicht Schlafli
346 302 1404 557 zusamen gekommen, Alllorer weder si¬
351 451 1400 641 sich noch hinder sich beichen können. Darauf
372 498 1422 701 der Joß angefangen mit einem Steiten auf
372 571 1408 765 ihre Inquisiten zu schlagen, Er Inquisit habe
356 657 1377 814 zu ihme gesagt. Was hao ich dir ge¬
366 736 1329 899 rthan, so zu mich nicht laßest, Ich
348 812 1378 976 schlage dir alle Rechte dar, und
360 886 1395 1041 wehremit, wie us kan und mag
434 970 1382 1106 Der Joß aber habe forthgefahren zu
355 1038 1391 1181 schlagen und gesagt: a u Donner
358 1107 1395 1275 Ich will zir geben, biß daß duge¬
376 1193 873 1320 nueg hast!
872 1227 1409 1337 Mitterweilen habe
369 1266 1399 1411 Er Inquisit das Meßer hervorgezogen
376 1351 1400 1501 und Weilen er sonsten nichts anders ge¬
358 1420 1382 1553 habt, umb sich zu defendicren, habe er¬
366 1498 1347 1639 dem Joß stehend einen Stich versetzet,
382 1574 1380 1707 indeme er das Meßer gegen ihn aus¬
355 1651 1349 1782 gestrecket. Nach Empfangenem Stich¬
365 1735 1383 1861 seyn der Toß alsobald von ihme forth und
362 1809 1375 1931 starche ob sich gelosen, auch Ihnen Inquisi
361 1886 1399 2016 eten im Horthgehen gesagt, Sehe, sage¬
354 1954 1381 2074 es jetz dem Brichtschrüiber. Also daß
355 2035 1348 2158 Er Inquisit nicht vermuthet, daß er so¬
365 2125 1382 2233 übel gegangen seyn. so. Er Inquisit seyn
364 2187 1350 2295 noch ein Vadter Unser Lang, auf dem
366 2258 1347 2384 Orth stehen geblieben, und alsbald seyn.
363 2335 1397 2448 Das mehrbemeldte Mentsch zu ihme dahor¬
363 2413 1341 2512 gekomen Er habe ihme Verliesen, Es¬
344 2471 1393 2600 seyn die Schuld an dem, so vorgegangen,
351 2547 1405 2668 mit Verdeuten, Er habe den Joß gestochen;
344 2614 1389 2750 Darauf ihme das Mentsch geantbortet, Er¬
354 2704 1373 2805 Berde ihme nicht viel gethan haben, der¬
359 2769 1383 2895 Joß könne sich gefroren machen; Nach¬
364 2814 1378 2961 "Werts seyn er mit dem Mentschen auf sii
356 2888 1384 3036 Anhalten gahn Hölligen gegangen, habe
366 2957 1369 3099 aber nicht bey demselben übernachtet, wohl
367 3031 1309 3156 aber in gleichem Hauß auf der Bühni¬
355 3072 1291 3220 deß Morgens habe er sich bey deß¬
367 3162 1339 3286 Mentschen Meisterin umb den Ringan¬
349 3221 1368 3378 "gemeldet, deren er das aus Anlaß deß¬
348 3298 1360 3460 Rings beschehen Unglück erzehlet, so¬
1155 3362 1347 3463 Ihnen
1558 380 1674 475 1.t
1607 1517 1666 1610 2
1616 1600 1666 1688 d
1622 1672 1671 1761 8.
1608 1846 1670 1945 3
1604 2016 1657 2121 G
1613 2179 1665 2268 d
1696 355 1919 441 Exam
1768 328 2423 516 Bentdicht Schläfli.
1672 451 2708 630 Ihme hierauf zur Antwort geben, Er
1689 540 2740 667 seyn ein Kiederliches Kueder, welches schon
1683 562 2761 716 mehr solche Sachen gemacht. Nach der Dand
1673 649 2718 799 habe er noch dem Mentsch einen Verleiß¬
1667 712 2781 858 gegeben, über das Begignete Unglück, daran
1682 781 2754 927 es die Einzige Schuld seyn und seyn geraden
1676 859 2758 985 Wegs nach der Japrr Mühl, gegangen, umd
1679 919 2703 1064 seine Sach zu Eröffnen, wäre auch selbsten
1681 1000 2771 1128 alsobald in die Städt gekommen, es anzuzeigen
1691 1054 2679 1177 ban er nicht auf sein Ankomen bey der¬
1688 1112 2752 1270 Papyr Mühl; sogleich arrestiert geworden:
1733 1189 2739 1315 diß seyn die gründtliche und aufrichti
1684 1251 2739 1396 ge Wahrheit dießes ihme Biederfahrenen An
1681 1332 2740 1468 glickr, darfür er Bodt umb Verzeichung
1692 1390 2719 1519 und Eine John Oberbeith umb Gonad auflehe¬
1703 1488 2410 1602 aber in der Stadt getruncken?
1705 1558 2434 1667 da, aber nur ein eintzige Galbi¬
1690 1639 2772 1730 Als er mit offt beweldtem Mentsch von der Statt
1678 1707 2748 1814 hinlegge gegen die PapyrMuhl, zu gegangen
1677 1765 2628 1878 bas sie unterbegs für Reden geführet?
1690 1844 2702 1920 Sie haben allerley gesprochen, und zwar, da¬
1678 1928 2733 2008 der Schönj gesagt, diß Mentsch habe so und so¬
1679 1964 2686 2053 viel, habe er ihme von deyrathen geredet.
1685 2031 2677 2136 Wer den Anlaß darzu gegeben, und ob er¬
1679 2102 2563 2192 das Mentsch schon vorhero gekennet?
1706 2162 2745 2283 Der Schönj habe Anlaß geben von Deyrathen
1679 2253 2726 2350 zureden; Im Übrigen habe er das Mentsch¬
1673 2296 2746 2400 weiters nicht gekennet, Als daß Er es etban
1672 2356 2682 2472 gesehen arbeiten in den Madten, und mit
1672 2428 1982 2518 che geredet.
1625 2504 1669 2584 8.
1685 2469 2756 2616 ob sie beÿ der Papyr Mühl, viel getruncken?
1678 2568 2716 2692 Unter Ihnen Vier Persohnen haben sie zloey
1606 2588 1654 2687 d
1661 2641 2116 2740 Maaß getrümben.
1613 2716 1660 2809 2
1686 2709 2285 2814 ob er beräuscht gelesen?
1605 2781 1668 2882 d
1699 2774 2729 2909 Er seyn freylich etwas beräuscht gewesen, doch
1683 2837 2654 2959 daß er wohl habe Steg und Wey Brauchen¬
1682 2922 1868 2976 können.
1889 2955 1933 3006 8
1593 2953 1657 3054 G
1678 2963 2476 3075 ob Er den Sentz Joß gebennet?
1613 3020 1662 3145 d
1690 3040 2719 3160 Nein, gar nicht, außerth daß er ihne Vorbald
1677 3118 2732 3219 einem Jahr zu Burgdorff einsten angetroffen
1592 3152 1658 3261 2
1683 3173 2695 3314 ob er verbichenen Einstag, bey der Pappr¬
1663 3256 2723 3377 Mühl, den Joß nicht in der Camer gesehen
1596 3301 2659 3448 R. könne bey gutem Gebißen bezeugen,
2587 3449 2716 3553 daß
2712 242 2814 337 55.
