3024 4032
316 2617 417 2758 B.
306 2922 395 3044 B.
291 3116 391 3219 A.
388 301 538 377 270.
657 376 1352 570 Maria Widrer
393 501 482 636 2.
530 531 1581 748 Es rede hier wieder nicht die wahrheit, jnder
516 593 1584 836 mnan gefunden, daß die Vabelschier zerüß
518 662 1562 868 worden, wie es dann stagen könne, es habe
513 751 1122 895 keine Hand angeleget?
512 861 542 922 3
370 849 470 989 B.
503 872 1565 1060 bezerige, daß es völlig nichts darangemoh¬
371 984 470 1115 B.
500 978 1487 1161 Wie lang hernach die Nachgebuhrt von
500 1106 965 1229 thme gegangen?
378 1181 478 1298 B.
480 1199 1545 1359 Seye alles mit einander von ihme gegang
495 1278 1523 1421 und es habe nichts anders geglaubt, abs¬
474 1365 1212 1484 es habe eine Blutstürzung.
376 1460 1549 1641 Ih. da seine Vebend Magd ihns erst gegen 5¬
465 1560 1515 1696 Uhren Morgens, als es in deth gegangen,
448 1634 1470 1748 gefragt, warun es stosfath nieder kome.
469 1721 1515 1841 warum es seiner Seben Magd damahl
469 1803 1533 1940 nicht gestagt, es habe eine Slutstürzung.
455 1889 1496 2006 gehabt; Wann es in der That glaubt
457 1977 1504 2113 häcde, daß es ein solcher zufall gewesten,
463 2065 1469 2202 wurde es solches ohne Zweiffel gestagt
466 2168 1519 2264 haben; Ober nicht mir habe es darvon
449 2248 1469 2365 weder in der Nacht noch dengestrigen
442 2324 1486 2440 ganzen Tag nichts gemeldet, sonderen es
445 2408 1533 2533 habe den warmen Ofen zum vorband seinen
433 2506 1083 2622 Ungäßlichkeit gehabt.
432 2604 1471 2739 Wanne es das schon wurde gesagt haben,
427 2693 1414 2822 es habe wohl gelaußt, daß man ihm
435 2791 1027 2924 nicht geglaubt hätte.
429 2880 1474 3042 Wiees nun endlich gelußt, daß ed ein
420 3016 787 3130 Kind gehabt:
398 3061 1462 3241 Es habe nachwerts gehört, man habe ein
423 3109 1460 3296 Kind in der Heimlichkeit gefunden, und
410 3218 1444 3375 als nachwerts die Hebamen solches ihme
393 3313 1465 3478 gelesten, habe es solches wohl glauben
2705 268 2866 366 211.
1782 396 2538 595 Maria Sügmer
1721 546 2825 707 mußen, sonsten es nichts dar von gewußt
1699 689 1858 811 12
1646 713 2823 888 1. Wer der Vacker dieses seines Kindes geye:
1716 823 2796 967 ß3 habe mit niemand nichts gehabt, als mit
1648 881 1694 937 I
1714 902 2795 1045 enem fremden Sischmacher Gestell, welcher
1649 917 1705 1026 .
1704 977 2819 1140 dec Wostr: Meyberg im Mar zihl. gearbey¬
1697 1047 2803 1189 set, da es noch im Marzihl. Taad gedienet,
1697 1148 2805 1284 sein Nahm aber steye ihme unbekant, und
1701 1234 2752 1402 ir lege gleich nach ihrer bekantschafft fort
1704 1327 2587 1472 gegangen, büße nicht wo ersteye.
1636 1437 2823 1586 W. Ob Es nicht schen im Schallenberck gewesen.
1640 1547 2758 1691 d. Ja vor Anderthalben jahren, seye es von
1689 1629 2781 1754 wegen einer Dlutstürzung, so es zu Kilch¬
1689 1701 2817 1829 berg gehabt, für ein halb jahr in die Schalten¬
1692 1805 2631 1921 bert Stinstuben geführt worden.
1685 1922 2771 2058 Actum in Ihr Gnaden Oberen Spikahl¬
1684 2003 2811 2098 durch Mehllen Großloeibel von Muraet
1692 2086 2746 2223 und Brichtschreiber Haller. Montags¬
1684 2181 2465 2310 den 30ten Januarij 1758
1788 2544 2536 2726 Disum Repertum
1696 2728 2710 2866 Den 30ten Januarij 1758. haben Wir
1702 2816 2737 2926 endts unterschriebene auß befehl Moh HEr.
1702 2890 2749 2997 Großloeibel von Muralt deß N. N.¬
1699 2977 2776 3107 Wichners Sodere und im 5. v. Ehegraben
1700 3058 2773 3169 gefundene Kind visitirt und Seciert, haben
1699 3141 2737 3263 erstlich von außen nichts gebalthätiges
1699 3222 2726 3320 an ihme bahrnemen können, das Kind
1706 3328 2723 3438 wäre groß, bohl außgebachsten, hadte
