3024 4032
179 295 254 401 2
328 414 1422 549 Welches die Magdt mit Nein Beanfsor¬
331 508 1429 640 tet, darauf er ohne einic gehabten Anlaß¬
320 579 1420 705 sich Erknndiget, Ob der Herr Oberherr da¬
328 656 1211 797 sege. Und auf Erfolgtes Ja¬
310 737 1161 854 Man Er werde in die Statt gehen.
320 836 1409 995 Worauff deß Lehen Mans Schloester obige¬
316 937 1387 1071 Magd (: so zur Thür hinraus redte i/ hereinge¬
319 1011 1391 1157 reffen, Also daß der Schloßer hierbey Ver¬
314 1099 806 1222 abscheidet worden,
313 1205 1385 1356 Als Hierauß der Herr Declarant zu 2zi
313 1315 1379 1423 gen angekommen, habe Er alsobald obge¬
298 1382 1364 1525 deute Magd, in Gegenwart deß Aman¬
296 1457 1334 1598 und Weibels, über obige Hergangenheit
288 1544 746 1664 zu Red gestoßen.
304 1628 1388 1748 Welche dann ein gleiches durch aus Biederhoh¬
294 1711 1342 1835 elete, Weiters aber nichts bißen wollte.
246 1819 1389 1978 Diesemnach, Als Er Declarant in das¬
310 1933 1382 2055 Schloß hineingegangen, habe Er Erstlich in
289 2009 1337 2134 der Großen Stüben gewahret, daß die
282 2080 1315 2194 Große Pendule, wie auch zwey Mand¬
289 2167 1180 2286 euchter fortgenommen worden.
284 2237 1380 2357 Zweytens seye in der EßeStuben aus einem
288 2306 1311 2443 Verschloßenen Schafft, so aufgestrengt
298 2393 1353 2486 worden, 2. Silberne Kertzu Stöck und 5.
279 2475 1335 2587 Silberne Caffel, Köffelin - Alles mit dem
288 2544 1339 2642 Dapelhoffer Maapen Bezeichnet, Stem
285 2613 1329 2748 eine Silbernn Zucker- Bipen- und ein¬
282 2701 1336 2808 Metallenes Tisch Glöcklin- Dene noch in¬
294 2768 1342 2865 gleicher Stuben ein Burcau, mit einem.
276 2848 1396 2975 Kieterich aufgesphringet und in demselben
280 2934 1357 3048 noch drey verschloßene Schub-Rädlin, auch
287 3008 1348 3144 mit alieterich größnet, und aus dieselben¬
283 3090 1329 3194 der Burcan-Schlüßel, etwelche flintene¬
270 3177 1359 3301 Steinen, win auch Ibey an einem Faden ge¬
273 3239 1365 3352 bundene, und zu einem Trog, darinnn der
286 3304 1276 3436 Gemeind gehörige Schriffen so dienende
1096 3459 1347 3578 Schlußel
2736 248 2819 353 G
1652 375 2779 553 Schlußel, denne auch einem UnterGeschlocht¬
1671 486 2652 637 ein Französischer Haubt Schlußel, und ein
1662 545 2737 698 Teutscher Gaubt Schlußel, beyde zu Schafften¬
1677 636 2449 783 dienend, beygenommen worden.
1670 736 2704 902 So haben sich auch noch in gleicher Stuben 2.
1681 838 2747 969 Linges = Schafft offen gefunden, aus welchen
1664 915 2705 1074 aber (: so weit ihme in Müßen) nichts als¬
1671 1019 2385 1127 eine Serviette weggekommen.
1670 1123 2785 1262 Meiters seÿen aus einem Cabinet dagneben
1658 1211 2742 1356 Zbey Kombachee und vergoldte Wande¬
1665 1308 2250 1443 Leuchter fortgewesen.
1649 1431 2713 1595 Diß seyn der Bahre Bericht, so Wie¬
1689 1536 2703 1648 Er Beclarant die Sachen selbsten ange¬
1684 1604 2758 1733 troffen, und biß hinhar vermiße, Bitte
1675 1715 2737 1823 aber, daß der Belinquent in iehrerem
1659 1771 2724 1895 über alle dieße Umbstände befragt und
1673 1861 2176 1966 Examinirt werde.
1804 1960 2643 2102 Allso abgelesen und bestätiget.
1673 2150 2779 2274 Arctum durch Mehlern Groß Weiber
1678 2241 2767 2374 Esinger und Brichtschreiber von Erlac¬
1696 2323 2312 2420 den 27.t Aprilis 1753.
