3024 4032
324 333 460 411 182.
484 493 1529 677 solchen unbarmherzigenthat können über¬
475 599 1520 755 lonsten werden, wie auch in Betrachtungenn
463 681 1449 797 schon 4. Monat lang außgestandene
449 746 1483 885 efangenschafft; alß haben Wir Uns
451 827 1462 958 zur Knade kemben, und der Ibggertin
473 914 1502 1059 mit der Boctes, Straase verschonen, dem
469 995 1491 1105 aber als eine Liechtstimmge Vuter die¬
449 1087 1508 1211 zu Ihrer Benist alle hut und deysten
460 1178 1526 1287 außgebichen, umb heimblich Kindt Genesen
437 1232 1441 1359 zu können, zu Einer Wohlverdienten
430 1329 1442 1455 dennoch dnädigen Bestraaftung für
452 1411 1480 1549 7hanzig Jahr in die allhiestige Schallenn
437 1519 1466 1633 Berik-Schinne Stuben Erkennt haben
793 1609 1472 1742 actl. Coram 200. d 21. 2
441 1613 674 1717 Collen.
435 1713 772 1842 geris 1757
706 2064 998 2263 Eegul.
402 2259 1486 2423 An Herrn Großleibel Von Seralt
856 2373 984 2462 und
389 2435 1257 2620 Herrn Brichtschreiber Haller.
393 2663 1478 2797 Selbst angehörter maßen, haben Megh.
414 2750 1443 2880 und Obere Raht und Bürger Ihnen die
402 2827 1467 2945 Criminal Procedur der begen Eines Kinder
399 2903 1469 3034 Mordes verdächtigen Elßbeth Zuygarth¬
405 3008 1410 3125 von Treigarten auf heute vortragen
393 3088 1401 3221 laßen, und Infolg der selben diesere
369 3159 1461 3278 Zleygarth mit der Todes Straaft Bnädiglich
380 3244 1480 3384 verstiheet, solche aber als eine Riechtstimge
362 3316 1489 3448 Munter mit der Wohl verdienten Bestraffung
1261 3411 1402 3495 ken
2700 374 2848 501 183.
1747 557 2795 659 von lanzig Jahren in die Schallenberes
1753 647 2790 763 Stumstuben angestehen, mit gestinmen
1758 729 2709 841 an Erch Herrn Großbeibel und Herrn
1741 812 2728 923 Brichtschreiber diesere Zleygarth dem H.
1745 892 2754 999 Schallen Inspector dahin übergeben zu
1756 963 2761 1084 laßen, bie zu thun Euch bestens bekauf
1757 1046 2801 1180 st. actum Coram 200. den 2t Gber 1757.
1995 1237 2227 1417 Holal.
1735 1417 2722 1556 In Muhgh. Danherrn Sstchiffel.
1741 1541 2740 1653 Euch Much. Hanherrn ist selbsten
1751 1625 2722 1738 bestens bekannt, daß Meghl und
1737 1717 2783 1818 Obere der bezen Kinder Mordts verdach¬
1726 1801 2801 1944 tigere Elßbeth Gloygarts von Krengar¬
1738 1901 2763 2010 ten, auf herrte mit der Todes-Straaß¬
1714 1986 2716 2099 gnädiglich verschonet, Solche aber als
1723 2076 2743 2194 eine Liechtstümige Munter zu einer
1720 2181 2778 2295 20. Jährigen Wohl verdienten Schallenbert
1719 2267 2667 2378 Sin Stuben verurtheillet haben.
1709 2348 2734 2489 deßen Ihr Mohgh: Danherr berichtet
1735 2453 2766 2562 werdet, umb solche nach Mrghl.. und
1735 2539 2688 2657 Oberen Erkantnuß allda annemmen
1714 2641 2696 2786 zu laßen. Actum Coram 200. d 213
1705 2747 1973 2853 9bris 1757.
2007 2903 2203 3030 Zibul.
1692 3003 2691 3168 An Herrn Schallen Inspater Baudard.
1699 3180 2665 3306 Meghen und Obere haben heute die
1696 3273 2672 3417 Kinder Mordts verdächtige Elßbeth¬
1708 3362 2659 3475 ZuyHarth von Freigarten, zu bohl¬
2440 3454 2724 3561 verdienter
