3024 4032
404 425 520 504 210.
416 524 1516 721 5. Herr Jobann Jacob Harlman
748 660 1480 794 bey aufhabender Erdes¬
507 687 749 782 Operatar,
496 748 907 854 Pfflicht dectarirt.
490 935 1508 1075 Ersteye Freytags an 21.t Octobris, Abend
488 1033 1477 1173 ohngefährd gleich nach 8. Uhren zu H.
485 1127 1465 1251 Fellenbergeiligst beruffen worden, auf
495 1213 1375 1335 Ankommen habe er den Herrn Doctor
486 1304 1476 1439 Roßelet angetroffen, welcher beyhäftiget
491 1402 1488 1524 ware, dem Herrn Fellenberg ins Reth zu¬
467 1488 1471 1608 helfen, Herr Doctor Koßelet habe ihne
473 1582 1478 1715 Depl. verdeutet, es seyn Herr Füllenberg.
485 1673 1468 1794 verbundet, Erstolle visitiren bo- und¬
476 1769 1054 1879 was die Wundensterze
1182 1766 1482 1882 Wie er nun
445 1842 1418 1985 gefunden, daß die Wunde linberseits¬
457 1981 1410 2059 in der Regione epigastia etwann ein
440 2044 1420 2182 Hand brecs von dem Vabelstich befinde,
455 2137 1482 2253 und auß derselben eine kleine portion¬
431 2226 1432 2364 vor dem Omcuto gehangen, anbey der
422 2325 1414 2442 Patient ohne versführten Fuls die
413 2429 1441 2551 fueß und das Angesicht balt gewesen,
412 2533 1395 2641 habe ersonderheitlich, da man auf den
406 2623 1413 2751 Herrn Operator Ruhngewartet, den
422 2737 1452 2858 verband nicht allein übersichnemen
413 2851 1398 2942 sonderen biß auf Anbohifft deß Herrn
418 2933 1434 3049 Operatorn Ruhns verspahren wollen.
419 3011 1453 3147 auf alsobaldige Ankunfft deß H: Ruhns
398 3100 1451 3253 da Sie den Patienten sto schnach befunden
388 3202 1452 3369 haben Sie eine bleine Weil Anstand gehalten,
1288 3358 1391 3443 Ob
2638 422 2781 513 211.
1718 585 2714 710 Ob Sie vor erst die Geistl. oder die Leibliche
1723 680 2713 806 bestorgung vorstich gehen laßen wollen,
1722 738 2657 878 Auf tringende Instanzzn der Frau
1714 845 2745 953 Fellenberg aber, seyen sie zum verband
1708 915 2740 1064 der Wunde geschridten, nachdeme Er depl.
1733 1012 2744 1135 bevorderst das heraus gehangene Omen¬
1708 1103 2723 1237 itum mit behöriger Cautel wieder durch
1708 1176 2748 1330 die Wunden in sein behörig Ort geschoben
1701 1278 2747 1434 habe er das behörige bandage aufgeleget.
1710 1378 2744 1508 Nach der hond seye Mhgh Heimlicher
1702 1470 2714 1592 dahar gekommen, Welchem Herr Doctor
1721 1567 2694 1688 Roßelet, über das befinden und die
1701 1625 2753 1766 Umnstände der Wunden bericht abgestattet,
1707 1725 2736 1876 mit verdeuten, dem Leiblichen seye dato
1696 1816 2710 1945 sto viel möglich raht gethan, Wann
1701 1907 2695 2046 er etwann in ansehen deß übrigen
1690 2004 2673 2128 Atdas anzuordnen gut befände?
1703 2109 2777 2223 Allein wegen, fähte der Nacht, verhoffen
1688 2197 2664 2306 der Teßerung und etwas mehreren
1693 2279 2757 2412 Pang Croid deß Patienten, seÿe nun weiters
1691 2380 2739 2491 damals nichts vorgegangen. Darauf
1688 2459 2704 2576 er dopl. nebst herrn Doctor Koßelet
1697 2535 2647 2686 und der Frau Kellenberg die ganze
1690 2613 2668 2765 Nacht bey dem Patienten geblieben
1697 2727 2374 2839 und selbigen bestorget.
1663 2802 2524 2945 Deß Morgend nach 7. Uhr habe
2525 2846 2665 2942 r
1686 2905 2728 3039 das erste Apareil aufgehoben und den
1667 3003 2725 3138 zweyten verband gemacht, wiedermahlen
1690 3105 2683 3226 in beysteyn Herrn Operatoren Ruhn
1684 3180 2731 3309 und Herren Medick Master und Roßelat
1681 3279 2701 3384 da verstührte man biederum an dem
2452 3381 2731 3477 Patienten
