3024 4032
376 296 515 371 260.
692 355 1176 517 Information
501 484 1572 718 darvon avertirt. Der Magd Ihredienstlaun
511 554 1548 780 auf künfftige Liechtmeß auß gewesen, und
499 652 1477 828 Er steche vorhabens asin Mchgh. der
499 759 1518 916 Dienst- entlaßung zuberichten, wann
500 832 1526 1002 nun nicht inzlorischen das betrubte Ungluch
495 888 914 1007 begegnet wäre.
1034 925 1559 1085 MWeiterd hab Eegein
499 1010 1492 1157 an diesem Mentsch nichts mehr geachtet,
496 1073 1504 1239 Wohl habe seine Frau Selbiges noch öfftern
491 1156 1490 1307 und gleichsam alle Sag vermahnet, die
479 1241 1556 1434 Wahrheit über seinen Zustand zu offenbahr
472 1349 1539 1482 die Wagdt aber alleZeit auf dem laugen
468 1410 832 1530 verharret:
910 1417 1488 1565 Vorgestern Samstags¬
482 1497 1517 1620 Abendts um 10. Uhr, habe Er depl. nach¬
465 1592 1537 1721 gebrauch selbsten die Hauß Thur beschloßen
475 1677 1509 1811 und hernach sich zur Ruhe begeben, auch
454 1761 1531 1896 eben diese Magd sto noch da hernnr beschäf¬
463 1854 1464 1968 stiget wäre, geheyßen zur Ruhe gehen,
448 1908 1463 2053 Welche geantwortet, Sie müße noch
445 2022 1485 2161 bevorderst viele F. v. Schuh, von Büsten,
449 2115 1471 2232 welche da in der herberg waren, buzen¬
440 2187 1454 2316 darnach wolle Sie auch ins Reth; Wie
420 2288 1513 2395 Er nun Schlaffen gegangen, habe Er Morn¬
410 2370 1471 2472 rist vernommen, daß die Magdtbiß¬
424 2456 1476 2543 WiVernacht die Schu gebuhet, die andere
423 2535 1476 2648 Magd aber, welche bey der Marrage¬
423 2637 1473 2747 schlafen, seye zu erst ins Redk gelesten,
433 2710 1389 2854 ds Marey aber sich auf dem Ofen
411 2800 1484 2934 gustgehalten; Wie dann solches hienach
417 2871 1488 3012 in der anderen Magd Außaag uistem¬
1242 2968 1479 3069 Noch könn
400 2988 1236 3111 tlich werde enthalten seyn;
416 3045 1428 3192 er zeugen, daß das Maren Morndeist
411 3137 1461 3285 als Sontags, gestrigen Morgens seine
398 3240 1431 3370 Aibeit verrichtet, wie andern Sagen,
404 3301 1491 3466 aber wahr seye, daß es etwas verschienen
2684 433 2820 531 261.
1908 431 2368 578 Information
1736 607 2799 731 außgestehen, doch haben Sie gradheine Acht darauff
1736 692 2714 799 gemacht, gegen 3. Uhren Nachmittags aber,
1723 761 2732 875 wie er gestehen, daß das Mentschgentz stihwach¬
1720 829 2710 955 hinter dem Ofen gesteßen, habe er getranet,
1723 907 2736 1037 es möchte etwas mit ihme vorgegangen seyn,
1724 996 2757 1133 welches Es aber auf frisches zumihten beständig
1723 1072 2765 1195 gelaugnet, darauf er endtlich zu H. Chorbeibel
1726 1141 2714 1270 geschicket, und ihme ansagen laßen, es habe
1714 1237 2763 1358 sich etwas mit dem Mentsch geänderet, Er beide
1715 1323 2767 1428 wann es bönne seyn, man wolle et was Anstalt
1730 1393 2759 1525 verfuegen, darauff H. Chorleibel Mintz ghl.
1717 1484 2732 1590 deener Mbag hierüber befelch abgeforderet.
1709 1556 2686 1676 so ihme Deponent befehlen laßen, noch
1704 1655 2743 1770 diese Nacht zu warten, und dann Morgens
1708 1725 2738 1838 die Magd selbsten vor Wehhern deß Oberen
1711 1808 2713 1939 Chorgrichts zu begleiten; Indeßen seye
1708 1900 2773 2002 das Mentsch Immer fort schwächer und schlechten
1699 1983 2635 2092 geworden, welches dann seinen Argwohn
1709 2055 2742 2161 allezeit verstarcket, so daß er seinen Leuten
1703 2126 2698 2247 anbefohlen, im ganzen Hauß genan zu
1706 2214 2647 2316 visitieren, ob man nichts etwann finden
1715 2293 2706 2396 möchte; da habe endlich sein Knechtdas
1700 2379 2682 2483 tiß im hoaft, neben dem außlauf deß¬
1706 2438 2674 2569 Schuckstein Rohrs aufgebüblet, und
1695 2518 2673 2637 darunter im S. v. Ehegraben neben der
1697 2621 2644 2733 Maur ein bleines Kind Tod gefunden
1707 2711 2673 2819 welches vermihtlich durch das Heumlich¬
1685 2776 2584 2881 Beiach hinunter gestürzet worden;
1696 2877 2679 2980 Nachdeme ihme nun der Knecht solches¬
1709 2953 2754 3075 hinterbracht, seye Er alsobald zu dem Mentzh
1693 3055 2674 3158 gewesen, habe Ihns noch ernstlicher als
1691 3129 2695 3220 jemahls mit denen aller starcksten Ver¬
1679 3230 2663 3331 mahnungen zu vnd gestoßen, die Magdt
1697 3315 2692 3407 aber alleZeit gelaugnet, und geantwortet,
