3024 4032
613 287 1647 627 d ier eihe
642 416 1633 672 It ein Sesicher gebrachen, 10. Eynlacher
603 494 1652 762 4. WWyber Hrünbli und 5 bar schl ent
664 575 1025 685 frambdet
639 715 1633 952 Im weltehland zu Bulen, in einer
650 819 1688 1062 statt uß einem huß amalger selbs si
680 879 1667 1118 gsin by nachtlicher wyl hwych gestigte
628 954 1636 1190 und einem so sich Hans gebankset.
658 1041 1310 1220 i9 t daruß gestalen
662 1186 1663 1413 zu Frienisoerg in einem dörffli mit
651 1282 1689 1490 hilf seiner gsellen uß einem spycher, dar
662 1373 1665 1546 sy getagt worden, 120 ell kuch unndte
674 1439 1322 1611 13 Bar schn entragen,
645 1634 1651 1800 zu Mülchi habe er auch 50 ellen tuch
624 1737 1639 1875 und vil hemmbli entzwackte doch fun
680 1812 1643 1942 nit mer als 20 elben dauon worden.
624 1883 1505 2034 das übrig seinen gsellen gelaßen,
601 2045 1632 2201 zu großen affalteren mit hilf seiner
621 2140 1647 2289 pfraueß, etlich anlegene yberfleide,
651 2216 1661 2345 Synlachen und Hembli gestalen zu Biber
605 2280 1642 2431 vverkaufft. von welichem allein ine nit
668 2366 1654 2484 mehr als 2 mans 2 tisyber heinken
607 2436 1592 2595 und 4 gschlißne eynlachen worden,
642 2609 1660 2796 zu Butwyl am Bucholterberg z ein
636 2693 1653 2882 Spycher gebrachen, etwas Läders darut
616 2775 1646 2945 genamet. ime damit 4 bar schu macht
646 2901 936 3031 laßes
587 2966 1621 3253 Die dem h. Predicanti zu Wabzn ge¬
673 3053 1629 3266 stalnen becher belanget, habe dieselben
640 3142 1636 3379 zwar by halt Solotharner gehiets
581 3219 1645 3457 Evon A. buben, vmb 17 s kaufet wellen,
442 3292 1642 3574 darzu habe aber nit gnngsgelt ghadn
649 3344 1652 3592 sy zu bezalen, u syent ime fieret nit
643 3566 955 3690 schworden.
2796 18 2910 106 10
2387 153 2933 401 te
1838 277 2887 677 een
1896 359 2238 567 eei
1687 431 2874 818 a ate
1760 520 2844 914 enegiden
1779 674 2865 1055 Aen es satnd
1972 842 2104 949 6
1810 805 2880 1113 solrs seyergaht, weliche sich Eshli maachet,
1772 879 2858 1191 wilich aber, dieselbe gköstlich bekleidt, vnnd
1765 968 2888 1254 kimnt zukättlich gewesen und srol bekleidt,
1768 1068 2848 1365 thabe sy sich seinen nuzist ainemen wollen,
1745 1223 2882 1499 daßer aber krust wüße ad könne verbringen.
1798 1358 2821 1562 ds monthes zu entschläffen und die hind
1821 1433 2880 1623 Banfes hatser deßelben kauf wegs
1706 1491 1803 1581 1
1688 1515 2862 1710 güt bekentlich seinswellen, sonders hoch beküret,
1796 1618 2882 1770 er zu sölichen dingen bimm wechigesteg, einiche
1708 1688 1812 1766 ah könen
1789 1732 2217 1858 w�ßenschafft habe,
1789 1892 2797 2047 Sonstes habe ern wol by 20 serscher und
1758 2006 2803 2132 Keller ge�ffirt, daauf nüthand darin
1807 2077 2875 2197 nüt anders dan mitth 4 ader 1 liebon brote
1792 2140 2655 2310 vnd sich eben zu beklatten, gefunden,
1763 2337 2770 2545 Diser diebald im ersten tag 3 mal läy,
1768 2454 2803 2648 d  mit dem er einn stein und das
1764 2525 2628 2714 5temn mit 2 st uffgezogen worden.
1748 2640 2810 2936 Den anders tag 2 mal fär (doch den:
1750 2762 2774 3025 ime die sohn abgezohn und darnach
1728 2847 2816 3090 uß die Brächeh gesetzt, aber darmit
1776 2924 2870 3192 nit gemanteret worden. Bitet Gott
1729 2981 2842 3273 und ein gnedige oberkeit trungenlich
1734 3064 2579 3334 d enn.
