3024 4032
439 2034 625 2154 nachts
671 294 1667 633 n er ne
672 396 1660 698 Angneren
718 488 1696 794 nten ggeen
645 558 1677 851 Sy mit demselben, wyle sy hievor geneben
630 633 1693 943 derset ate
699 719 1693 1012 vlte geen geteg
712 802 1112 952 entrenken etc.
687 890 1685 1199 n  e it ennen
713 1049 1686 1273 einem Birbaum und hernach im schachen
690 1106 1695 1351 In Luterbach Solokhurner gebiets h
694 1191 1671 1404 der bößgeiste seines mutwillen mit wen
649 1267 1531 1428 vrbracht, sy beschlaffen, derselb
1523 1366 1607 1474 sin
1588 1403 1687 1505 sach
647 1372 1657 1553 Kaltete Ratun gewoßen, Vnnd thabe
697 1461 1678 1644 des Samen, so er Jchen hienac zu kesun,
696 1530 1655 1759 ligen geben znbuterbach, vnd Colrig
695 1613 1666 1801 uf die weid gesagt, wie veil syhs
700 1712 1675 1896 aber daruf gangen und verdeckt worden.
698 1796 1285 1952 möge sy untwüsen,
623 1900 1595 2085 Iem Im Buchiberger halz habe sy
1592 1986 1640 2082 s
703 2016 1644 2152 ouchs der seckt furden laßen, diselben
693 2097 1623 2215 sy mit dem bösen geist gedenzet, alse
678 2166 1646 2310 habe gar ein kaltehand gehert und
664 2255 1619 2405 nach demselben wider nhb hrbgangen.
609 2391 1636 2570 Wyters unr ungefar 4haren byden
607 2507 1621 2663 Feyburgstäg. Habe der bößgeist sre
591 2588 1631 2737 salben geben. mit erstlichen syeinen
666 2673 1635 2799 bleites knaben Uieli genamet Sossent
658 2749 1606 2927 des Schwrgnen geheitet dien den Thun¬
659 2808 1618 2997 da er durchgehen. vnd sich darbs habt
668 2915 1603 3081 müßen angehalbet, derselbig sye
673 2991 1598 3167 alßbald dangs erlamet und sherach
1448 3133 1527 3188 er
656 3062 1578 3289 Ic einem halben jahr In Staisereh
643 3140 1590 3356 gestarket, die vbrige salbeg hwyl.
618 3221 1588 3434 dehr knab sy erbaranet und shseüwe
645 3295 1549 3539 kamen. Ic eines furenhuß verbrönt
646 3485 836 3651 habe,
2886 273 2983 371 59
1795 408 2877 659 Dene zu kräüwligen uf der Brugg einem
1849 472 2897 724 Bufeß, usch Cprath gfnampt. Habe sy
1873 563 2944 765 ener khn, so über die Brugg ganzen,
1828 619 2990 835 samen dangetrauffen, dieselbs Ey manderst
1863 744 2548 894 in stallntad funden worden.
1823 823 2988 1061 zu Koln Solathurner gebiets, als sy Jacob
1818 911 2896 1130 Buchßer (pent) die Scharps gespitet, vnd
1831 981 2960 1177 die ebeg Jacob Stuber iroo is seine guter
1843 1078 2980 1241 entrubnen, Habe gesagten Stuber alwes
1817 1173 2923 1317 vor und ehe er alwegen söliches hinußge
1820 1234 2892 1420 Jagt Inen die Greß abgefonenen, deß
1826 1316 2940 1492 wegen sy Ime drey Ku vnd herrn alber
1763 1434 2176 1572 Aederbt abe,
1780 1537 2919 1713 Danetzhin zu Wyler einem Bugen siber
1837 1649 2916 1779 gekampt, welicher jren ein juder  teß
1789 1721 2830 1871 gemachtes holz. genomen, vnd hinweg
1753 1808 2732 1965 gelürt. habe sy ein kueederke
1747 1972 2857 2134 Dntlach zu Tütkaten In den hochengrichten
1828 2085 2875 2218 alß sy daselbst uf ein jet durch das
1781 2151 2906 2279 darff gangen unß man die hund an
1818 2236 2891 2383 sy gehezt, abe sy Vieli Weyen auch
1827 2316 2883 2483 en ku verderbt und druf getriben etc.
1712 2486 2158 2645 Anni Brechßel
1936 2598 2598 2735 e donst ge¬
1947 2683 2458 2798 nampt Glodenen
1717 2724 2827 2892 Ist wegen ires Susnen wegks vnd daß
1795 2849 2789 2978 Wy es froßem verdacht, alß solte sy ein
1696 2916 2810 3037 Wenhtilge sein des 20 te eoet 1
1756 3007 2751 3143 stattte und sande etlich e
1804 3089 2733 3245 worden mitleiner lydtsgelhipt
1788 3170 2364 3322 verwisen worden,
