3024 4032
537 359 618 424 2.
520 550 597 634 3.
536 951 628 1029 4
660 369 1682 673 an denen et nt sen
690 460 1041 608 an Läbed
666 531 1694 818 Das proschetisch wort halte er für ein buch der
628 645 1664 906 verheißung, so durch das wilte bestalnent
675 717 1674 961 erfüllet wr, er selbs gwche es offtao
687 805 1607 1015 nahne aber vendt Hobtmonia daauß
658 957 1673 1158 Des honsf belangend der jurg mit Heilin
690 1030 1692 1221 Geyst und ußes mit waßer beschechen solle.
677 1091 1668 1296 halte er darfür, was man die kindern
682 1186 1695 1383 nach dem tauff. Is dr Gottsfracht vfferhih
685 1268 1675 1470 s und jues die wächtigkeit dleßelben füg
690 1357 1662 1527 lich unschrodsse und inen das in selbitzen
690 1436 1673 1602 fhl. has es wol darby bewenden laßen
707 1521 1673 1686 mahte, er wolle wider eler kinden, hoff
701 1628 1670 1778 nit fechten, wie etwas andere gethan,
658 1708 1653 1846 und wol aber nüt destoweniger deß
635 1792 1673 1924 kinder kauffshalben, kein eaß truckenlich
667 1880 1673 2015 befelch im wart gottes zufinden, könn
716 1963 1666 2080 er denselben nit gut prysen, der alten
705 2046 1672 2187 2auff sye imeber käscher und baß
715 2126 1465 2270 gründet im wort Gottes,
633 2204 1685 2354 hme fürgehalten, das under anderen sach
664 2278 1694 2420 darumb auch kein ußtrukenlicher befelch
675 2340 1675 2463 den wort ggottes zu finden, sy doch den
673 2428 1664 2557 wyberet dach daß abgutmal zu lassind,
616 2490 1691 2680 Datb er geantwortet, habe auch geloren,
696 2572 1668 2733 wüß aber nit mehr wo, das die wyber
679 2641 1655 2818 omuniciert habind. Er wolle aber nit
684 2721 1705 2922 wyters darumb fechten, was man ime
699 2825 1664 3001 einr rüerig ließsel und hat biemit,
674 2862 1685 3091 wie wol mit viffaltigen überzüget,
677 2961 1621 3175 sein meinung nit erselleenderen
542 3039 1690 3351 3. Daß amnet de oberkeit sie von Gott yn
687 3155 1706 3449 gesetzt. Ob aber ein christ ein oberket
634 3260 1654 3502 uche psohn sein könne, sye siche stieff. In
641 3309 1696 3606 erantworden, jedoch wefle er aberkeitliche
1767 1054 1819 1161 6
1774 1271 1814 1342 9.
2865 118 2963 208 27
1849 291 2947 650 erus en
1999 381 2955 649 ynd was inen gott durch iprum
2042 414 2967 689 ahat lnd ent
1868 629 1927 699 B
1863 505 2938 852 gee en
1913 629 2027 753 ehe
1880 575 2903 925 eeelen to sellt.
2284 830 2887 1078 gekürrder oberkeit
1863 977 2292 1166 iß e len
1854 1028 2930 1299 für die kind sölle man bätes, nit aber
1866 1133 2965 1356 sy zu tadschlaschen, Ezaul am 2. stande es
1816 1222 2900 1444 Daß oruss d knieg abschaffen werden.
1837 1281 2966 1515 und als man ime gesagt, das söliches geist
1850 1373 2975 1578 lich und nit lyblich heiner ihrt sye, sagt
1854 1490 2940 1646 er erkänne einmal nit firde, daß
1869 1558 2949 1709 naswiegen söllen, er hatbe by läsung
1817 1627 2927 1806 dalt Pätteren alß namlich oriofsis.
1835 1725 2956 1868 fucrongmi Cepriani Curssostom etc. befunden
1821 1825 2946 1964 das auch dieselben diserspunstens haltben,
1849 1909 2968 2070 strytig, efragt woamen, deeselbige
1805 2004 2967 2142 gryt bestande s antwart, welle es
1780 2083 2612 2253 H Hunel laßen erklären,
1758 2283 2935 2470 Vom Eÿd. Sage er nit, das es ein ver¬
1823 2395 2916 2573 damlich ang sye, so feer, das er recht
1825 2461 2868 2681 gehalten werde, Ime aber sye es in
1811 2551 2949 2780 freun, Es heiße Ja, ta, Wein dem, Er
1790 2611 2896 2849 wüße nit, ab ersans falterseil aus
1793 2702 2886 2938 schwürt, zur ruteh oder zumsind werde
1798 2779 2904 3062 eeekent werden, was es aber zum eyd
1803 2860 2982 3179 komen solte, wurde es ime schwar fallen
1790 2952 2284 3126 deselbhen zuthan
1791 3038 2946 3358 Bekragt ob die übersechnut Jars JaJa
1784 3141 2892 3427 daß kein, neis iner ffay elschnemendt.
1806 3232 2921 3524 wurde gerechtet werden. Antwort
1820 3310 2954 3648 enten e enen
1808 3354 2823 3679 nstatte e  hien
