3024 4032
785 253 1701 564 Vberend wndeategn
817 357 1699 650 Aenn le e
845 454 1713 704 lang in uprigkeit und muteellen
828 522 1698 752 hgumb gezogen, Sya auch wylen
528 563 842 712 Solaturner
835 572 1721 824 sy imge seren gut gethan Im Tuhrem
858 637 1337 799 it veresheen
521 915 791 1015 tonch laten
767 855 1673 1106 Endtlichen, haber er auch by einer
539 982 771 1075 genampt
836 976 1670 1194 anderen Hrnes, weliche er letstlichen
832 1055 1667 1249 in Luzerner biet geleßen, vnnd
724 1116 1634 1310 by vnpfar, einhag, mit derselben
517 1234 791 1335 s noch mit
797 1227 1699 1421 herumb gezahen ein und erzüget und
504 1302 750 1381 einem andern
503 1344 767 1454 groß schwan
805 1295 1667 1491 habe aber von die Ihe versprochen
726 1391 1685 1567 sind sy zu kilches gugen schrellen, so
721 1595 1685 1793 Vff Söllese sein daß gedachten delid
732 1712 1686 1860 Felottes vilfaltige begangne diesstal
780 1789 1654 1932 und bekente hoche und schware mis
771 1875 1675 1997 handlunget. habend hochgenamt
787 1943 1696 2062 my gnädig herren und uberen h
736 1993 1645 2144 Schultheiß räth und Bürger, diser
760 2095 1664 2246 koprlicheß statt Berz uff iren tyt
754 2173 1559 2307 zu recht erkent und gesprochen,
706 2353 1679 2483 daß mach Inne, dem Nachtichter beuslch
705 2439 1666 2554 der jane obenns mit zu rur gekundnen,
733 2497 1673 2634 shinden uf swronliche richtstatt füren.
694 2572 1639 2721 und volgents mit dem strangts vom
743 2652 1657 2788 läben zum tod nach keiserlichem und
747 2732 1618 2875 diser stattBern rechten, hich rfchten solle.
714 2897 1660 3053 das man Inne, dem Nachrichter beuelchen
732 2981 1661 3128 der inne obenns uf gewonliche richtstatt
728 3040 1649 3206 füren, daselbsten sein haudt abschathen,
734 3111 1634 3263 und also mit dem schwert vom laben
725 3150 1659 3322 zum tod nach keyserlichem und diser stal
710 3255 1441 3420 Bern rechten hinrichten sölle
666 3402 1612 3599 Den 18. septembris 1697 ist dse urtheil
722 3479 1422 3662 an ime erstattet wrorden
1932 350 2712 559 Anngnes Kramer
2037 460 2462 593 von küzelglich
1910 536 2926 772 dieselbe ist des 11. ocebris 167 jars
1810 605 2991 843 Don Jren kunflen Hurenfällers wegen
1930 697 2861 874 indez 7 Hhaz schienor jahren eyder
1813 758 2931 1022 Is überfescheet oych mach emeint yhrn
1900 841 2906 1028 as sy spillicht ein ursacherm ssin war
1894 885 2999 1122 Iets abgscheidnen jhr Jacob Stalders
1861 970 2926 1171 Eetstsabge storben eheney br tod. da
1908 1043 2944 1228 maß inne getiget, als ob er Stalder
1887 1108 2974 1275 Ines mit wißen tug in einer suwten
1751 1177 2948 1381 Ih Keengeben Wahrehen, mit dem Eyndt
1826 1240 3016 1420 von d gden statt und landt verwisen.
1857 1320 2993 1509 und mit rutes ußgeschmeytze worden.
1995 1735 2710 1863 dendreht Meserd.
2062 1832 2722 1940 schumacher und Graßfenriedt
1886 1978 2906 2147 enselbig s destr ocebris 1647 das er
1872 2074 2896 2232 by B Erbasa Schlur von Jegenstorff so
1875 2159 2901 2310 seiner fr s in anderen gradte verwant
1709 2214 2882 2395 shin bschlast geharten unbit uf gnad
1784 2311 2862 2483 und schynbare beßerung, mit dem
1801 2390 2861 2583 eydth von Statt und land veristen
1857 2477 2028 2550 ward
1874 2624 2925 2866 Barbara Schuph die wagern
1992 2739 2725 2928 obstat von Jegenstorff
1841 2851 2960 3090 leicher gstalten ist gemelte psohn den
1843 2954 2958 3208 5. ocembris 177 mit seiner glüct aln lydt
1842 3003 2944 3257 tatte von obige ursach wegen ufgnad
1823 3187 2036 3284 ward
1809 3059 2941 3374 von z gden statt unß kanden verwiße
