3024 4032
346 1656 502 1762 ans
635 334 1470 622 emardnteen
602 438 1438 663 Burgdaof ein alte wybelmogende
604 526 1458 741 Wybs e 1a3. so vorsetia tages
614 597 1492 842 on se sinen alhar gebracht worden
553 741 1555 1006 Ist äbenmeßig. nach vor wolermelte
552 848 960 970 herren Peß
919 894 1584 1084 gedn beurlich im sterkin
556 911 1533 1127 gehörtermmaßen, ernsthafftig tret
475 998 1557 1256 Woßens halßen und deßerat ursachen
546 1099 1551 1300 y nebes einem haten, so sy zu vnstuegn
475 1203 1569 1387 uß Hanß Salbthuenpfars huß entweten
519 1275 1555 1485 Des küteß gekänwt, die Hhüßer anzu
577 1378 801 1494 teckes.
495 1467 1532 1630 Batt sy auch anders nit gestendig sein
572 1558 1540 1705 welleß. dan allein ein ehrsgen thufen
562 1632 1543 1773 welicher seinen solothurnmans gewreßen,
507 1707 1525 1853 Es habe alber ein andere Iren vilbe¬
560 1787 1542 1941 kante wybs psohn, so den selben hinwreg
556 1876 1550 2020 getragen. Sy darin augewisen, Es
508 1964 1493 2106 syeltra aber vol herzen leid,
485 2055 1535 2195 Daß sy aber getroüwt habe, den
523 2144 1528 2255 Lüten alderten, oder anderst wo, die
539 2227 1536 2365 Hüßer anzusterken, sye syliches ser
471 2310 1497 2442 Diemalen so iire gedanken. komen,
518 2395 1542 2552 und wüße sich deslen keins wegs nit
535 2482 1540 2630 In erinneren,  war sy habe ein trunk
511 2583 1537 2760 gghaz, also das sy nit ssagen kamne, was
531 2663 1534 2853 sy gredt hhabsen möchte. Habe sy es
498 2737 1537 2908 Gthaz, So bäte sy gotts und eid sein
480 2853 1534 3031 gnedige Oberkeit vmb gnad, vnnd ver¬
486 2929 1505 3138 zyhrang dan sy sich deßert disem
461 2984 1547 3252 An dienen vnd sagbeit erlichfindih
504 3094 1508 3336 gebrachten und erhalten, habe lauch
444 3186 1507 3393 letstlich bim herren prednant zu Hendel
470 3250 1526 3500 bansk 13. wrah. gesonnnen, vnd zunr
2720 252 2803 330 30
1731 331 2776 635 Ai e eu en
1735 439 2723 697 de man ires thueshalben gute
1743 529 2653 762 zussame finden wude anshye
1714 586 2821 846 zuslüfenacht bie Labheit Iretmans
1727 720 2356 946 stlih gerehen.
1677 807 2815 1056 Bitet gantz flächenlich hach genant Rgden
1658 890 2782 1118 mb dibectitiss vnd vmb gnad, das
1748 952 2765 1181 us snß in keiner gfangenschaffft
1683 1090 2257 1243 haufnlen fin, sye
1691 1214 2816 1468 Dite tisibs persan. Ist de 1. feb 68
1662 1365 2800 1540 eit einer gutes Cpnsupo leug gelaßen
1715 1469 1940 1595 worden.
1806 1768 2384 1927 Dans Jacob
1863 1878 2295 1988 von Markirch
1945 2019 2385 2137 wa
1645 2058 2661 2203 erselbig. Ist wegen er Anna Varn
1747 2148 2696 2261 ußen durchbeit zor an die ehr
1601 2206 2686 2335 versrachts und 3 jar mit iges ire
1654 2277 2745 2437 kilchenrecht em land herumb gezohen.
1680 2352 2728 2486 unnd daser znuor, auch einer ai¬
1690 2430 2736 2569 wibspsasede ehevprochen und ein
1623 2515 2715 2640 lange zeit biß grabsterk kein
1669 2591 2758 2747 kilchen recht gelhas umbher gezagen
1682 2635 2753 2819 Des 15 feb ao 1615 mitden kled
1685 2741 2681 2899 von statt und land zwisen word
1876 2905 2441 3122 Annia Vicn
1964 3013 2304 3145 obgemelt.
1694 3033 2750 3274 Ist auch wyle sy mit disem man obstat
1588 3132 1661 3252 9
1678 3162 2754 3328 ihru jar lans one kilchenrechtscheainb
1696 3221 2758 3411 a  h. fecbr 1698 witdem erd
1594 3298 2662 3527 De statt und landverwisen worden
