<?xml version="1.0" encoding="UTF-8" standalone="yes"?>
<PcGts xmlns="http://schema.primaresearch.org/PAGE/gts/pagecontent/2013-07-15" xmlns:xsi="http://www.w3.org/2001/XMLSchema-instance" xsi:schemaLocation="http://schema.primaresearch.org/PAGE/gts/pagecontent/2013-07-15 http://schema.primaresearch.org/PAGE/gts/pagecontent/2013-07-15/pagecontent.xsd">
    <Metadata>
        <Creator>prov=University of Rostock/Institute of Mathematics/CITlab|PLANET AI GmbH/Gundram Leifert/gundram.leifert@planet-ai.de:name=German_Kurrent_XVI-XVIII_M1(htr_id=19584)::::v=2.6.7
prov=University of Rostock/Institute of Mathematics/CITlab|PLANET AI GmbH/Tobias Gruening/tobias.gruening@planet-ai.de:name=de.uros.citlab.module.baseline2polygon.B2PSeamMultiOriented:v=2.6.7
prov=READ-COOP:name=PyLaia@TranskribusPlatform:version=0.3.1:model_id=26190:lm=none:date=10_10_2020_11:05
prov=READ-Coop:name=PyLaia@Transkribus:version=0.3.1:model_id=26190:lm=none:date=10_10_2020_11:04
prov=University of Rostock/Institute of Mathematics/CITlab|PLANET AI GmbH/Tobias Gruening/tobias.gruening@planet-ai.de:name=de.uros.citlab.module.baseline2polygon.B2PSeamMultiOriented:v=2.6.6</Creator>
        <Created>2020-10-10T09:26:36.938+02:00</Created>
        <LastChange>2022-09-09T15:23:55.667+02:00</LastChange>
        <TranskribusMetadata docId="1334826" pageId="52360561" pageNr="50" tsid="114642324" status="IN_PROGRESS" userId="9570" imgUrl="https://files.transkribus.eu/Get?id=IEVBMHACKRNIBHQKSVXUVTYW&amp;fileType=view" xmlUrl="https://files.transkribus.eu/Get?id=JBTIIVFGRLJCNRGTETZJHWFP" imageId="16417187"/>
    </Metadata>
    <Page imageFilename="471_32.jpeg" imageWidth="3024" imageHeight="4032">
        <ReadingOrder>
            <OrderedGroup id="ro_1687513752142" caption="Regions reading order">
                <RegionRefIndexed index="0" regionRef="r1"/>
                <RegionRefIndexed index="1" regionRef="r2"/>
                <RegionRefIndexed index="2" regionRef="r3"/>
                <RegionRefIndexed index="3" regionRef="r4"/>
            </OrderedGroup>
        </ReadingOrder>
        <TextRegion orientation="0.0" id="r1" custom="readingOrder {index:0;}">
            <Coords points="372,1108 372,1274 587,1274 587,1108"/>
            <TextLine id="r1l1" custom="readingOrder {index:0;}">
                <Coords points="364,1216 425,1269 491,1238 523,1238 558,1259 591,1259 599,1166 547,1158 529,1171 509,1156 481,1169 451,1150 416,1159 399,1151 386,1162 370,1150"/>
                <Baseline points="372,1209 398,1208 425,1208 452,1210 479,1212 506,1216 533,1220 560,1222 587,1224"/>
                <TextEquiv>
                    <Unicode>diser wide</Unicode>
                </TextEquiv>
            </TextLine>
            <TextEquiv>
                <Unicode>diser wide</Unicode>
            </TextEquiv>
        </TextRegion>
        <TextRegion orientation="0.0" id="r2" custom="readingOrder {index:1;}">
            <Coords points="356,356 356,3564 1553,3564 1553,356"/>
            <TextLine id="r2l1" custom="readingOrder {index:0;}">
                <Coords points="626,400 1100,462 1194,516 1284,501 1533,628 1554,535 1152,390 1097,402 1050,365 878,393 772,313 639,342"/>
                <Baseline points="636,387 683,393 730,400 777,407 825,414 872,423 919,432 967,440 1014,450 1061,460 1109,470 1156,481 1203,492 1251,504 1298,517 1345,529 1393,542 1440,555 1487,570 1535,585"/>
                <TextEquiv>
                    <Unicode>npit dnt</Unicode>
                </TextEquiv>
            </TextLine>
            <TextLine id="r2l2" custom="readingOrder {index:1;} person {offset:3; length:13;}">
                <Coords points="636,480 963,508 1104,573 1216,561 1459,636 1500,636 1513,569 1314,546 1284,503 1197,519 1032,449 997,468 944,439 888,472 816,423 648,418"/>
                <Baseline points="645,468 687,472 729,475 772,479 814,485 857,491 899,498 942,505 984,513 1027,521 1069,530 1111,539 1154,549 1196,559 1239,568 1281,578 1324,588 1366,598 1409,608 1451,618 1494,627"/>
                <TextEquiv>
                    <Unicode>13 Heini Hidmers seines vogtshuß.</Unicode>
                </TextEquiv>
            </TextLine>
            <TextLine id="r2l3" custom="readingOrder {index:2;} place {offset:5; length:10;}">
                <Coords points="559,546 795,561 901,610 1038,601 1089,665 1232,636 1267,676 1383,672 1535,738 1573,653 1212,564 1127,582 964,508 858,545 818,497 575,465"/>
                <Baseline points="569,534 618,538 667,543 716,548 765,554 814,560 863,568 912,574 961,582 1010,592 1060,601 1109,610 1158,621 1207,632 1256,644 1305,656 1354,669 1403,683 1452,696 1501,712 1551,728"/>
                <TextEquiv>
                    <Unicode>s zu Vndersewes gestortes, Solsten</Unicode>
                </TextEquiv>
            </TextLine>
            <TextLine id="r2l4" custom="readingOrder {index:3;}">
                <Coords points="611,654 697,682 759,643 1051,675 1192,731 1253,709 1430,765 1487,835 1559,810 1571,746 1442,690 1268,677 1227,636 1093,664 1046,620 987,636 632,537"/>
                <Baseline points="624,623 670,627 716,632 763,638 809,643 856,648 902,655 949,661 995,668 1042,675 1088,683 1134,690 1181,699 1227,708 1274,718 1320,729 1367,742 1413,754 1460,768 1506,784 1553,800"/>
                <TextEquiv>
                    <Unicode>Ehas wogen</Unicode>
                </TextEquiv>
            </TextLine>
            <TextLine id="r2l5" custom="readingOrder {index:4;}">
                <Coords points="560,751 865,722 1182,811 1340,810 1394,880 1447,841 1536,868 1542,830 1359,732 1101,719 1002,668 805,681 759,644 692,685 582,619"/>
                <Baseline points="576,704 623,705 671,707 719,710 766,714 814,719 862,724 909,731 957,738 1005,745 1053,753 1100,761 1148,770 1196,780 1243,789 1291,801 1339,810 1386,823 1434,834 1482,845 1530,857"/>
                <TextEquiv>
                    <Unicode>Dege er die vrsach, das sy und ire ge</Unicode>
                </TextEquiv>
            </TextLine>
            <TextLine id="r2l6" custom="readingOrder {index:5;}">
                <Coords points="605,820 646,835 726,794 790,833 857,811 1133,847 1230,913 1444,906 1538,969 1567,893 1480,893 1451,859 1391,877 1338,810 1182,811 998,743 774,749 725,717 617,746"/>
                <Baseline points="618,785 664,790 711,794 757,800 804,804 851,809 897,814 944,819 990,826 1037,831 1084,838 1130,845 1177,853 1223,861 1270,871 1317,881 1363,893 1410,906 1456,919 1503,935 1550,951"/>
                <TextEquiv>
                    <Unicode>schwüsterte von den Nachbauen gelaßetn</Unicode>
                </TextEquiv>
            </TextLine>
            <TextLine id="r2l7" custom="readingOrder {index:6;}">
                <Coords points="578,892 997,897 1100,970 1167,935 1330,950 1483,1035 1542,1008 1548,969 1444,907 1217,916 1155,854 1071,885 926,815 855,852 756,803 586,828"/>
                <Baseline points="588,867 635,870 682,873 730,877 777,881 825,885 872,890 919,895 967,900 1014,907 1062,913 1109,919 1156,926 1204,934 1251,942 1299,951 1346,960 1393,968 1441,978 1488,989 1536,999"/>
                <TextEquiv>
                    <Unicode>wordes, druthen sy willene si in</Unicode>
                </TextEquiv>
            </TextLine>
            <TextLine id="r2l8" custom="readingOrder {index:7;}">
                <Coords points="589,967 870,963 977,1035 1102,1000 1418,1062 1528,1064 1535,1018 1484,1034 1285,951 1212,977 1166,935 1082,971 984,903 600,884"/>
                <Baseline points="600,942 646,945 692,947 738,951 784,954 830,959 876,964 922,969 968,974 1014,981 1060,987 1106,995 1152,1002 1198,1009 1244,1017 1290,1023 1336,1031 1382,1038 1428,1047 1474,1054 1521,1062"/>
                <TextEquiv>
                    <Unicode>daß Niderlaucg geressen, doch habe</Unicode>
                </TextEquiv>
            </TextLine>
            <TextLine id="r2l9" custom="readingOrder {index:8;} person {offset:7; length:4;}">
                <Coords points="584,1039 675,1066 892,1051 995,1133 1201,1083 1271,1123 1419,1120 1482,1171 1523,1162 1534,1069 1181,1016 1126,1048 1086,1014 979,1039 918,972 769,951 673,1007 592,971"/>
                <Baseline points="594,1023 640,1028 686,1032 732,1036 778,1041 825,1045 871,1050 917,1055 963,1059 1009,1065 1056,1070 1102,1076 1148,1081 1194,1087 1240,1094 1287,1101 1333,1107 1379,1115 1425,1123 1471,1131 1518,1140"/>
                <TextEquiv>
                    <Unicode>bis h. Graß alhie vnd zutratteneh</Unicode>
                </TextEquiv>
            </TextLine>
            <TextLine id="r2l10" custom="readingOrder {index:9;} place {offset:28; length:7;}">
                <Coords points="603,1123 787,1122 1107,1184 1134,1163 1240,1232 1315,1194 1535,1205 1540,1166 1459,1167 1352,1107 1265,1125 1209,1086 994,1131 946,1078 876,1104 823,1062 611,1058"/>
                <Baseline points="612,1109 657,1112 703,1116 749,1121 795,1124 840,1128 886,1133 932,1137 978,1142 1023,1148 1069,1153 1115,1158 1161,1164 1206,1170 1252,1176 1298,1182 1344,1188 1389,1196 1435,1203 1481,1210 1527,1217"/>
                <TextEquiv>
                    <Unicode>etliche zar gedienet und zu Crißach</Unicode>
                </TextEquiv>
            </TextLine>
            <TextLine id="r2l11" custom="readingOrder {index:10;} place {offset:0; length:8;}">
                <Coords points="584,1209 641,1188 693,1236 754,1199 802,1248 912,1212 1068,1224 1105,1256 1326,1267 1353,1300 1449,1274 1548,1341 1559,1249 1432,1197 1288,1235 1135,1165 780,1166 744,1126 595,1123"/>
                <Baseline points="594,1181 641,1183 689,1187 736,1191 784,1195 831,1199 879,1204 926,1208 974,1214 1021,1219 1069,1225 1117,1232 1164,1237 1212,1244 1259,1252 1307,1259 1354,1267 1402,1275 1449,1283 1497,1292 1545,1302"/>
                <TextEquiv>
                    <Unicode>Ghryburg piet mit seimen erhalten und</Unicode>
                </TextEquiv>
            </TextLine>
            <TextLine id="r2l12" custom="readingOrder {index:11;} person {offset:8; length:9;} place {offset:21; length:7;}">
                <Coords points="586,1309 658,1325 784,1274 952,1312 1036,1288 1097,1338 1182,1324 1221,1368 1285,1334 1345,1388 1520,1384 1526,1330 1451,1274 1374,1318 1327,1267 1285,1289 1074,1226 954,1224 901,1259 841,1224 803,1248 761,1204 693,1235 641,1188 598,1202"/>
                <Baseline points="599,1266 644,1267 690,1268 736,1270 782,1273 828,1275 873,1279 919,1284 965,1289 1011,1293 1057,1299 1102,1304 1148,1311 1194,1317 1240,1324 1286,1331 1331,1338 1377,1345 1423,1352 1469,1360 1515,1367"/>
                <TextEquiv>
                    <Unicode>deznudt von Rößli zu Feyblrg, auh</Unicode>
                </TextEquiv>
            </TextLine>
            <TextLine id="r2l13" custom="readingOrder {index:12;}">
                <Coords points="599,1356 926,1377 982,1426 1054,1380 1510,1449 1531,1390 1350,1393 1286,1335 1216,1374 1147,1322 947,1317 856,1276 602,1321"/>
                <Baseline points="606,1352 651,1352 697,1353 742,1355 788,1356 834,1360 879,1363 925,1367 970,1370 1016,1375 1062,1379 1107,1386 1153,1391 1198,1397 1244,1402 1290,1408 1335,1415 1381,1421 1426,1428 1472,1434 1518,1440"/>
                <TextEquiv>
                    <Unicode>ein zeit lang gefresfen und were noch</Unicode>
                </TextEquiv>
            </TextLine>
            <TextLine id="r2l14" custom="readingOrder {index:13;}">
                <Coords points="581,1440 733,1441 783,1475 966,1456 1049,1507 1163,1466 1541,1550 1549,1449 1396,1416 1334,1455 1263,1409 1051,1380 984,1428 907,1428 812,1371 720,1407 646,1353 588,1357"/>
                <Baseline points="588,1437 635,1439 682,1440 730,1440 777,1442 825,1444 872,1445 919,1448 967,1451 1014,1453 1062,1457 1109,1461 1156,1466 1204,1470 1251,1477 1299,1483 1346,1490 1393,1498 1441,1506 1488,1516 1536,1526"/>
                <TextEquiv>
                    <Unicode>wager im dienst seldont verblien war</Unicode>
                </TextEquiv>
            </TextLine>
            <TextLine id="r2l15" custom="readingOrder {index:14;}">
                <Coords points="553,1539 706,1563 808,1524 913,1564 1013,1537 1055,1574 1123,1553 1188,1615 1231,1583 1435,1584 1505,1637 1542,1621 1548,1558 1402,1499 1354,1526 1223,1507 1172,1469 1100,1516 918,1462 560,1452"/>
                <Baseline points="561,1526 609,1526 658,1526 707,1526 756,1527 804,1529 853,1531 902,1533 951,1536 999,1540 1048,1544 1097,1548 1146,1551 1194,1557 1243,1563 1292,1568 1341,1575 1389,1581 1438,1588 1487,1596 1536,1604"/>
                <TextEquiv>
                    <Unicode>Die wirti sy mit genötiget hette def disen</Unicode>
                </TextEquiv>
            </TextLine>
            <TextLine id="r2l16" custom="readingOrder {index:15;}">
                <Coords points="560,1625 1356,1660 1548,1734 1555,1641 1435,1586 1187,1614 1124,1556 1056,1573 1013,1536 912,1565 807,1524 706,1563 565,1552"/>
                <Baseline points="569,1608 617,1608 666,1610 715,1610 764,1611 813,1613 861,1616 910,1618 959,1620 1008,1624 1057,1628 1105,1632 1154,1635 1203,1640 1252,1645 1301,1651 1349,1656 1398,1662 1447,1667 1496,1674 1545,1680"/>
                <TextEquiv>
                    <Unicode>Osteren Io Ste sricht zuigeß, Dasunfesn</Unicode>
                </TextEquiv>
            </TextLine>
            <TextLine id="r2l17" custom="readingOrder {index:16;} person {offset:19; length:14;}">
                <Coords points="566,1718 804,1692 1175,1749 1223,1728 1270,1761 1366,1744 1420,1794 1555,1769 1557,1733 1491,1695 1425,1711 1356,1660 871,1659 827,1631 764,1668 715,1625 571,1626"/>
                <Baseline points="575,1694 623,1694 672,1694 720,1694 769,1695 818,1697 866,1698 915,1701 964,1704 1012,1707 1061,1710 1110,1714 1158,1718 1207,1722 1256,1726 1304,1730 1353,1735 1402,1739 1450,1744 1499,1748 1548,1754"/>
                <TextEquiv>
                    <Unicode>sic sarnar gemelte lsbet Wiecsern</Unicode>
                </TextEquiv>
            </TextLine>
            <TextLine id="r2l18" custom="readingOrder {index:17;} place {offset:22; length:9;}">
                <Coords points="552,1806 623,1822 674,1785 776,1830 833,1786 1139,1834 1237,1808 1292,1866 1355,1827 1516,1845 1518,1792 1361,1787 1229,1732 805,1696 556,1718"/>
                <Baseline points="561,1791 608,1788 655,1787 703,1785 750,1784 798,1784 845,1785 892,1786 940,1788 987,1790 1035,1793 1082,1796 1129,1797 1177,1801 1224,1804 1272,1808 1319,1811 1366,1815 1414,1818 1461,1822 1509,1824"/>
                <TextEquiv>
                    <Unicode>Ief vorhabend Reiß zu Solathurh sange</Unicode>
                </TextEquiv>
            </TextLine>
            <TextLine id="r2l19" custom="readingOrder {index:18;}">
                <Coords points="541,1891 619,1926 769,1870 974,1884 1023,1923 1171,1880 1341,1932 1405,1900 1533,1925 1536,1856 1430,1825 1292,1866 1206,1814 1148,1844 925,1798 795,1851 674,1786 625,1824 593,1792 544,1812"/>
                <Baseline points="549,1869 597,1868 646,1868 695,1868 744,1868 793,1869 842,1869 891,1871 940,1873 989,1875 1038,1878 1086,1880 1135,1882 1184,1886 1233,1888 1282,1892 1331,1895 1380,1898 1429,1901 1478,1904 1527,1908"/>
                <TextEquiv>
                    <Unicode>troffen, weliche sy beredt, Es sy mit sren</Unicode>
                </TextEquiv>
            </TextLine>
            <TextLine id="r2l20" custom="readingOrder {index:19;}">
                <Coords points="562,1965 869,1956 1172,2019 1254,1985 1546,2011 1549,1935 1437,1900 1341,1932 1297,1894 1023,1924 769,1868 707,1914 565,1904"/>
                <Baseline points="570,1952 618,1950 666,1950 715,1950 763,1950 812,1952 860,1952 909,1955 957,1955 1006,1958 1054,1961 1102,1962 1151,1966 1199,1968 1248,1971 1296,1975 1345,1978 1393,1980 1442,1984 1490,1987 1539,1989"/>
                <TextEquiv>
                    <Unicode>widerumk ob sich gegangen, und also sn diß</Unicode>
                </TextEquiv>
            </TextLine>
            <TextLine id="r2l21" custom="readingOrder {index:20;}">
                <Coords points="556,2050 619,2035 665,2075 730,2035 849,2102 1192,2043 1250,2080 1367,2064 1526,2103 1555,2020 1335,1983 1167,2021 997,2017 951,1976 774,2001 679,1953 559,1982"/>
                <Baseline points="564,2036 613,2034 662,2033 711,2031 760,2031 809,2033 858,2034 907,2036 956,2038 1005,2040 1054,2044 1103,2047 1152,2050 1201,2055 1250,2058 1299,2063 1348,2066 1397,2069 1446,2073 1495,2076 1545,2079"/>
                <TextEquiv>
                    <Unicode>unglegensei gamen etc. Sostet got</Unicode>
                </TextEquiv>
            </TextLine>
            <TextLine id="r2l22" custom="readingOrder {index:21;}">
                <Coords points="502,2152 607,2158 687,2118 789,2167 837,2129 977,2126 1502,2166 1503,2094 1453,2113 1385,2066 1308,2113 1189,2043 1152,2076 872,2103 724,2054 503,2083"/>
                <Baseline points="509,2142 558,2136 607,2132 657,2127 706,2124 755,2123 805,2121 854,2121 903,2121 953,2122 1002,2124 1051,2125 1101,2127 1150,2129 1199,2130 1249,2132 1298,2133 1347,2135 1397,2136 1446,2136 1496,2135"/>
                <TextEquiv>
                    <Unicode>und ein gnedige oberkeit umb gnad</Unicode>
                </TextEquiv>
            </TextLine>
            <TextLine id="r2l23" custom="readingOrder {index:22;}">
                <Coords points="553,2235 646,2267 806,2216 1042,2242 1134,2217 1226,2252 1297,2218 1512,2219 1377,2136 1134,2176 1081,2132 789,2168 723,2130 691,2162 553,2172"/>
                <Baseline points="560,2226 607,2223 654,2219 701,2216 749,2213 796,2211 843,2211 890,2210 938,2210 985,2210 1032,2211 1079,2211 1127,2213 1174,2214 1221,2214 1268,2216 1316,2216 1363,2217 1410,2217 1457,2217 1505,2217"/>
                <TextEquiv>
                    <Unicode>und verzeichuug, das sy sich beßeren</Unicode>
                </TextEquiv>
            </TextLine>
            <TextLine id="r2l24" custom="readingOrder {index:23;}">
                <Coords points="545,2324 788,2367 855,2335 913,2375 1013,2324 1254,2375 1529,2325 1529,2267 1358,2226 1237,2266 1134,2217 1020,2248 949,2212 544,2268"/>
                <Baseline points="552,2321 600,2316 648,2313 697,2309 745,2307 794,2304 842,2303 891,2302 939,2301 988,2301 1036,2301 1084,2301 1133,2301 1181,2303 1230,2304 1278,2304 1327,2306 1375,2307 1424,2309 1472,2309 1521,2310"/>
                <TextEquiv>
                    <Unicode>wellen ie bstälshaffen, hat sy mit wel</Unicode>
                </TextEquiv>
            </TextLine>
            <TextLine id="r2l25" custom="readingOrder {index:24;}">
                <Coords points="522,2442 594,2475 693,2417 835,2405 856,2422 884,2409 963,2461 1072,2419 1066,2296 914,2374 857,2335 787,2366 740,2335 710,2345 646,2319 518,2347"/>
                <Baseline points="528,2424 554,2420 581,2418 608,2414 635,2412 662,2410 688,2408 715,2407 742,2405 769,2403 796,2402 822,2400 849,2400 876,2399 903,2399 930,2397 956,2397 983,2397 1010,2397 1037,2396 1064,2396"/>
                <TextEquiv>
                    <Unicode>bkandlich sein Jo¬</Unicode>
                </TextEquiv>
            </TextLine>
            <TextLine id="r2l26" custom="readingOrder {index:25;}">
                <Coords points="536,2605 597,2571 652,2603 918,2551 1395,2543 1438,2571 1522,2556 1518,2452 1407,2453 1350,2513 1231,2461 904,2482 837,2442 604,2530 532,2523"/>
                <Baseline points="542,2580 590,2577 639,2574 687,2571 736,2568 785,2565 833,2563 882,2561 930,2558 979,2556 1028,2553 1076,2552 1125,2550 1173,2549 1222,2547 1271,2546 1319,2544 1368,2543 1416,2543 1465,2541 1514,2541"/>
                <TextEquiv>
                    <Unicode>Disere Wybspersan ist widumb us</Unicode>
                </TextEquiv>
            </TextLine>
            <TextLine id="r2l27" custom="readingOrder {index:26;}">
                <Coords points="559,2666 802,2708 986,2630 1047,2677 1128,2638 1170,2665 1264,2645 1319,2684 1458,2645 1526,2671 1521,2569 1359,2586 1293,2546 1061,2549 1007,2583 916,2555 820,2593 776,2566 558,2629"/>
                <Baseline points="566,2658 613,2657 661,2654 708,2652 756,2650 803,2648 851,2644 898,2642 946,2639 993,2636 1041,2633 1089,2630 1136,2627 1184,2625 1231,2622 1279,2621 1326,2619 1374,2619 1421,2618 1469,2619 1517,2619"/>
                <TextEquiv>
                    <Unicode>ein gut cersur est snd ledig geloßen</Unicode>
                </TextEquiv>
            </TextLine>
            <TextLine id="r2l28" custom="readingOrder {index:27;}">
                <Coords points="575,2804 604,2803 704,2731 735,2733 761,2709 779,2708 775,2672 740,2675 731,2686 703,2690 693,2700 668,2688 659,2697 640,2684 604,2693 560,2679"/>
                <Baseline points="575,2750 603,2741 631,2734 659,2731 688,2728 716,2726 744,2724 773,2723"/>
                <TextEquiv>
                    <Unicode>wagerd.</Unicode>
                </TextEquiv>
            </TextLine>
            <TextLine id="r2l29" custom="readingOrder {index:28;} person {offset:0; length:17;}">
                <Coords points="669,3092 857,3077 894,3047 933,3065 981,3028 1170,2999 1291,3013 1363,2955 1450,2968 1443,2914 1268,2936 1200,2892 1129,2875 1106,2901 1058,2869 915,2942 850,2926 805,2963 744,2942 654,2963"/>
                <Baseline points="672,3056 710,3045 748,3036 787,3027 825,3020 863,3014 902,3008 940,3003 978,2999 1017,2996 1055,2992 1093,2988 1132,2985 1170,2981 1208,2979 1247,2974 1285,2970 1323,2965 1362,2960 1400,2956 1439,2948"/>
                <TextEquiv>
                    <Unicode>Ursula Schwyterin,</Unicode>
                </TextEquiv>
            </TextLine>
            <TextLine id="r2l30" custom="readingOrder {index:29;}">
                <Coords points="483,3139 496,3137 505,3123 516,3128 528,3129 531,3123 539,3127 547,3115 563,3109 518,2960 507,2963 481,3008 471,3009 468,3015 445,3015"/>
                <Baseline points="477,3096 511,3092 545,3075"/>
                <TextEquiv>
                    <Unicode></Unicode>
                </TextEquiv>
            </TextLine>
            <TextLine id="r2l31" custom="readingOrder {index:30;}">
                <Coords points="561,3292 837,3212 1071,3208 1115,3238 1184,3179 1465,3164 1534,3131 1525,3055 1424,3025 1319,3063 1255,3044 1014,3136 942,3100 814,3165 674,3119 542,3141"/>
                <Baseline points="563,3252 611,3246 659,3240 707,3235 755,3229 803,3224 851,3219 900,3213 948,3209 996,3203 1044,3198 1092,3192 1140,3187 1188,3180 1237,3174 1285,3167 1333,3160 1381,3153 1429,3145 1477,3138 1526,3129"/>
                <TextEquiv>
                    <Unicode>Daselb ist den ab aprisisbus von </Unicode>
                </TextEquiv>
            </TextLine>
            <TextLine id="r2l32" custom="readingOrder {index:31;}">
                <Coords points="583,3351 685,3365 757,3309 816,3344 858,3300 1471,3233 1520,3209 1512,3148 1315,3166 1249,3214 1114,3237 999,3202 930,3253 839,3211 775,3263 704,3238 574,3289"/>
                <Baseline points="587,3329 633,3322 679,3317 725,3311 772,3306 818,3300 864,3294 910,3289 957,3283 1003,3277 1049,3271 1095,3264 1142,3259 1188,3252 1234,3245 1280,3237 1327,3230 1373,3223 1419,3215 1465,3207 1512,3198"/>
                <TextEquiv>
                    <Unicode>dreisten shurenfülers wegen, eidlich vo</Unicode>
                </TextEquiv>
            </TextLine>
            <TextLine id="r2l33" custom="readingOrder {index:32;}">
                <Coords points="377,3462 527,3396 675,3453 750,3390 1000,3359 1123,3389 1166,3347 1305,3362 1349,3324 1495,3346 1479,3231 1448,3228 1405,3259 1217,3243 1028,3311 955,3290 811,3347 748,3312 611,3376 443,3302 365,3375"/>
                <Baseline points="380,3431 437,3427 495,3422 553,3417 611,3411 669,3404 727,3397 784,3389 842,3381 900,3374 958,3365 1016,3355 1074,3347 1131,3337 1189,3328 1247,3318 1305,3309 1363,3300 1421,3291 1479,3281"/>
                <TextEquiv>
                    <Unicode>angh und obers land nd gebieten.</Unicode>
                </TextEquiv>
            </TextLine>
            <TextLine id="r2l34" custom="readingOrder {index:33;}">
                <Coords points="352,3571 489,3529 586,3565 807,3488 909,3509 971,3462 1030,3477 1063,3442 1136,3435 1128,3386 1045,3375 1017,3401 955,3369 866,3423 749,3392 675,3454 610,3436 564,3474 471,3418 335,3461"/>
                <Baseline points="356,3545 394,3538 433,3531 471,3525 510,3518 548,3511 587,3504 625,3498 664,3491 702,3485 741,3478 780,3473 818,3467 857,3461 895,3456 934,3449 972,3445 1011,3440 1049,3435 1088,3430 1127,3426"/>
                <TextEquiv>
                    <Unicode>h vewißen worden tc.</Unicode>
                </TextEquiv>
            </TextLine>
            <TextEquiv>
                <Unicode>npit dnt
13 Heini Hidmers seines vogtshuß.
s zu Vndersewes gestortes, Solsten
Ehas wogen
Dege er die vrsach, das sy und ire ge
schwüsterte von den Nachbauen gelaßetn
wordes, druthen sy willene si in
daß Niderlaucg geressen, doch habe
bis h. Graß alhie vnd zutratteneh
etliche zar gedienet und zu Crißach
Ghryburg piet mit seimen erhalten und
deznudt von Rößli zu Feyblrg, auh
ein zeit lang gefresfen und were noch
wager im dienst seldont verblien war
Die wirti sy mit genötiget hette def disen
Osteren Io Ste sricht zuigeß, Dasunfesn
sic sarnar gemelte lsbet Wiecsern
Ief vorhabend Reiß zu Solathurh sange
troffen, weliche sy beredt, Es sy mit sren
widerumk ob sich gegangen, und also sn diß
unglegensei gamen etc. Sostet got
und ein gnedige oberkeit umb gnad
und verzeichuug, das sy sich beßeren
wellen ie bstälshaffen, hat sy mit wel
bkandlich sein Jo¬
Disere Wybspersan ist widumb us
ein gut cersur est snd ledig geloßen
wagerd.
Ursula Schwyterin,

Daselb ist den ab aprisisbus von 
dreisten shurenfülers wegen, eidlich vo
angh und obers land nd gebieten.
h vewißen worden tc.</Unicode>
            </TextEquiv>
        </TextRegion>
        <TextRegion orientation="0.0" id="r3" custom="readingOrder {index:2;}">
            <Coords points="1583,416 1583,3644 2814,3644 2814,416"/>
            <TextLine id="r3l1" custom="readingOrder {index:0;} person {offset:0; length:14;}">
                <Coords points="1760,610 2109,518 2539,474 2536,398 2397,405 2369,433 2169,431 2103,506 2002,478 1910,507 1834,467 1749,557"/>
                <Baseline points="1767,608 1805,595 1844,583 1882,571 1921,562 1959,551 1998,541 2036,533 2075,525 2113,517 2152,510 2190,503 2229,497 2267,490 2306,485 2344,478 2383,471 2421,465 2460,460 2498,453 2537,446"/>
                <TextEquiv>
                    <Unicode>Anna Schenzmen</Unicode>
                </TextEquiv>
            </TextLine>
            <TextLine id="r3l2" custom="readingOrder {index:1;}">
                <Coords points="1874,644 2021,633 2072,594 2136,627 2191,579 2252,598 2336,557 2433,566 2506,530 2495,464 2442,469 2406,501 2365,484 2325,517 2270,498 2089,530 2072,553 1987,548 1865,595"/>
                <Baseline points="1880,636 1910,629 1941,621 1972,614 2003,607 2034,600 2065,594 2096,587 2127,581 2158,576 2189,571 2219,566 2250,560 2281,557 2312,551 2343,547 2374,542 2405,538 2436,533 2467,528 2498,524"/>
                <TextEquiv>
                    <Unicode>send da argraffenlandt.</Unicode>
                </TextEquiv>
            </TextLine>
            <TextLine id="r3l3" custom="readingOrder {index:2;}">
                <Coords points="1994,745 2016,744 2053,712 2115,711 2123,700 2140,708 2196,691 2223,697 2232,686 2284,680 2272,617 2245,628 2193,605 2168,636 2132,653 2070,617 2046,615 2000,650 1976,646"/>
                <Baseline points="1998,723 2023,717 2048,711 2073,705 2099,699 2124,694 2149,690 2174,686 2200,681 2225,678 2250,675 2276,674"/>
                <TextEquiv>
                    <Unicode>sandt</Unicode>
                </TextEquiv>
            </TextLine>
            <TextLine id="r3l4" custom="readingOrder {index:3;}">
                <Coords points="1762,977 1871,905 1938,919 2021,865 2180,835 2425,879 2491,817 2580,793 2569,715 2449,700 2409,728 2188,744 2162,773 2032,746 1962,802 1735,789"/>
                <Baseline points="1761,921 1801,910 1842,900 1882,890 1923,881 1964,872 2004,865 2045,857 2085,851 2126,845 2167,840 2207,834 2248,829 2288,824 2329,820 2370,816 2410,812 2451,808 2491,805 2532,801 2573,797"/>
                <TextEquiv>
                    <Unicode>Astin Gertter vsfen</Unicode>
                </TextEquiv>
            </TextLine>
            <TextLine id="r3l5" custom="readingOrder {index:4;}">
                <Coords points="1963,982 2014,989 2041,971 2139,959 2197,972 2233,949 2253,962 2292,959 2310,949 2296,836 2253,853 2183,837 2158,856 2136,845 2093,856 2057,889 2021,865 1972,908 1954,904"/>
                <Baseline points="1967,951 1992,942 2017,936 2043,930 2068,925 2093,921 2119,918 2144,914 2170,912 2195,911 2220,909 2246,909 2271,908 2297,908"/>
                <TextEquiv>
                    <Unicode>hricktal</Unicode>
                </TextEquiv>
            </TextLine>
            <TextLine id="r3l6" custom="readingOrder {index:5;}">
                <Coords points="2368,938 2386,941 2396,934 2434,931 2440,936 2473,934 2485,946 2502,948 2505,865 2493,860 2471,870 2452,865 2426,880 2411,881 2391,864 2371,867"/>
                <Baseline points="2376,926 2406,921 2436,923 2466,926 2496,926"/>
                <TextEquiv>
                    <Unicode></Unicode>
                </TextEquiv>
            </TextLine>
            <TextLine id="r3l7" custom="readingOrder {index:6;}">
                <Coords points="1697,1169 1871,1103 2028,1117 2077,1066 2791,1021 2811,906 2656,951 2278,950 2233,985 2080,964 2034,1008 1838,973 1687,1076"/>
                <Baseline points="1700,1134 1755,1121 1811,1110 1867,1099 1922,1089 1978,1080 2034,1072 2089,1064 2145,1058 2201,1051 2257,1046 2312,1041 2368,1035 2424,1032 2479,1028 2535,1024 2591,1019 2646,1016 2702,1013 2758,1009 2814,1005"/>
                <TextEquiv>
                    <Unicode>Dis hero ybs personen sind den 16. ap</Unicode>
                </TextEquiv>
            </TextLine>
            <TextLine id="r3l8" custom="readingOrder {index:7;} date {offset:0; length:5; continued:true;}">
                <Coords points="1729,1226 1787,1237 1850,1173 1947,1216 2053,1130 2248,1151 2430,1108 2491,1141 2542,1095 2793,1089 2788,1003 2628,1058 2499,1028 2407,1081 2364,1052 2084,1067 2028,1117 1723,1178"/>
                <Baseline points="1733,1206 1785,1193 1838,1182 1891,1171 1944,1160 1997,1152 2049,1143 2102,1137 2155,1131 2208,1124 2261,1120 2313,1115 2366,1110 2419,1105 2472,1101 2525,1097 2577,1093 2630,1089 2683,1084 2736,1079 2789,1074"/>
                <TextEquiv>
                    <Unicode>1148 wegen Ires Erprist. Hurenläbens</Unicode>
                </TextEquiv>
            </TextLine>
            <TextLine id="r3l9" custom="readingOrder {index:8;}">
                <Coords points="1731,1286 1866,1239 1988,1273 2073,1223 2273,1271 2358,1198 2523,1182 2632,1245 2810,1189 2803,1108 2611,1149 2541,1104 2489,1143 2386,1112 2247,1152 2052,1130 1947,1215 1911,1187 1726,1232"/>
                <Baseline points="1736,1269 1789,1259 1842,1251 1895,1242 1949,1236 2002,1230 2055,1224 2108,1219 2162,1215 2215,1210 2268,1206 2321,1202 2375,1200 2428,1197 2481,1193 2534,1190 2588,1186 2641,1182 2694,1178 2747,1173 2801,1167"/>
                <TextEquiv>
                    <Unicode>in einer eidtsglühret von ire gden staten</Unicode>
                </TextEquiv>
            </TextLine>
            <TextLine id="r3l10" custom="readingOrder {index:9;}">
                <Coords points="1676,1361 1888,1316 2061,1376 2354,1291 2461,1332 2722,1268 2719,1230 2578,1241 2525,1199 2412,1199 2272,1271 1866,1238 1672,1312"/>
                <Baseline points="1682,1356 1733,1345 1785,1336 1836,1327 1888,1320 1940,1313 1991,1308 2043,1302 2094,1299 2146,1295 2198,1293 2249,1290 2301,1287 2352,1284 2404,1282 2456,1279 2507,1277 2559,1273 2610,1269 2662,1264 2714,1257"/>
                <TextEquiv>
                    <Unicode>und landt, In ir hennet cerisen.</Unicode>
                </TextEquiv>
            </TextLine>
            <TextLine id="r3l11" custom="readingOrder {index:10;}">
                <Coords points="1712,1440 1773,1427 1817,1461 1850,1469 1895,1425 1933,1426 1928,1346 1877,1372 1853,1354 1819,1345 1781,1371 1759,1371 1734,1395 1709,1387"/>
                <Baseline points="1719,1428 1744,1422 1770,1417 1796,1412 1822,1409 1848,1409 1874,1409 1900,1412 1926,1416"/>
                <TextEquiv>
                    <Unicode>worden.</Unicode>
                </TextEquiv>
            </TextLine>
            <TextLine id="r3l12" custom="readingOrder {index:11;}">
                <Coords points="1701,1737 1724,1734 1751,1751 1758,1744 1766,1744 1770,1737 1781,1738 1759,1624 1734,1633 1724,1627 1719,1633 1682,1641"/>
                <Baseline points="1703,1715 1734,1708 1766,1703"/>
                <TextEquiv>
                    <Unicode>er</Unicode>
                </TextEquiv>
            </TextLine>
            <TextLine id="r3l13" custom="readingOrder {index:12;} person {offset:0; length:12;}">
                <Coords points="1836,1750 1894,1726 2067,1758 2136,1726 2601,1739 2620,1662 2539,1637 2455,1663 2308,1642 2281,1668 2171,1616 1967,1667 1879,1621 1833,1659"/>
                <Baseline points="1844,1757 1882,1750 1921,1744 1959,1740 1998,1736 2036,1733 2075,1731 2113,1730 2152,1729 2190,1728 2229,1728 2268,1728 2306,1728 2345,1728 2383,1728 2422,1727 2460,1726 2499,1725 2537,1722 2576,1720 2615,1716"/>
                <TextEquiv>
                    <Unicode>Jnns Kächler von</Unicode>
                </TextEquiv>
            </TextLine>
            <TextLine id="r3l14" custom="readingOrder {index:13;} place {offset:0; length:10;} place {offset:16; length:5;}">
                <Coords points="1883,1854 1992,1862 2056,1835 2125,1860 2247,1799 2338,1798 2381,1839 2486,1846 2575,1799 2574,1743 2356,1729 2246,1758 2145,1733 2060,1773 2013,1742 1977,1763 1880,1730"/>
                <Baseline points="1889,1808 1922,1805 1956,1802 1990,1798 2024,1797 2058,1795 2092,1794 2126,1793 2160,1792 2194,1791 2228,1791 2261,1791 2295,1791 2329,1791 2363,1791 2397,1790 2431,1790 2465,1790 2499,1788 2533,1787 2567,1785"/>
                <TextEquiv>
                    <Unicode>Moßmünster vßem Elßaß</Unicode>
                </TextEquiv>
            </TextLine>
            <TextLine id="r3l15" custom="readingOrder {index:14;}">
                <Coords points="1674,2011 2174,1982 2244,2016 2336,1982 2462,2037 2554,1980 2735,1985 2735,1907 2644,1928 2551,1877 2414,1932 2044,1954 1832,1867 1731,1950 1674,1928"/>
                <Baseline points="1682,1989 1734,1987 1786,1986 1838,1985 1891,1984 1943,1983 1995,1983 2047,1983 2100,1983 2152,1983 2204,1983 2256,1983 2309,1983 2361,1983 2413,1985 2465,1985 2518,1985 2570,1985 2622,1985 2674,1985 2727,1985"/>
                <TextEquiv>
                    <Unicode>derselbig ist wegen seiner zwifachen </Unicode>
                </TextEquiv>
            </TextLine>
            <TextLine id="r3l16" custom="readingOrder {index:15;} person {offset:31; length:6; continued:true;}">
                <Coords points="1708,2071 2764,2079 2791,1971 2687,2021 2551,1981 2462,2039 2353,1984 2256,2023 2191,1984 1709,1995"/>
                <Baseline points="1716,2058 1769,2057 1822,2057 1876,2055 1929,2055 1982,2055 2036,2055 2089,2055 2142,2055 2196,2055 2249,2055 2302,2057 2356,2057 2409,2057 2462,2058 2516,2060 2569,2060 2622,2061 2676,2063 2729,2064 2783,2066"/>
                <TextEquiv>
                    <Unicode>snten pheuerswechung so er mit Barbel</Unicode>
                </TextEquiv>
            </TextLine>
            <TextLine id="r3l17" custom="readingOrder {index:16;} person {offset:0; length:6; continued:true;} place {offset:26; length:5;}">
                <Coords points="1691,2141 1775,2135 1819,2174 1944,2142 2003,2185 2065,2138 2126,2177 2188,2136 2488,2180 2562,2140 2760,2152 2761,2077 2706,2066 2577,2094 2477,2061 2428,2103 2331,2065 2217,2113 2126,2056 1891,2099 1820,2056 1692,2079"/>
                <Baseline points="1698,2127 1750,2129 1803,2129 1856,2130 1909,2130 1961,2131 2014,2132 2067,2133 2120,2133 2172,2135 2225,2135 2278,2136 2331,2136 2383,2138 2436,2139 2489,2139 2542,2141 2594,2141 2647,2142 2700,2142 2753,2142"/>
                <TextEquiv>
                    <Unicode>Woffel uan santzogen ußem Elsaß und</Unicode>
                </TextEquiv>
            </TextLine>
            <TextLine id="r3l18" custom="readingOrder {index:17;} person {offset:9; length:14;} place {offset:27; length:3;}">
                <Coords points="1616,2203 1833,2235 1898,2200 2138,2207 2268,2253 2394,2215 2466,2262 2769,2230 2771,2169 2208,2136 2001,2184 1618,2123"/>
                <Baseline points="1623,2207 1680,2203 1737,2201 1794,2199 1851,2199 1908,2199 1965,2201 2022,2201 2079,2204 2136,2205 2193,2208 2250,2211 2307,2214 2364,2216 2421,2217 2478,2220 2535,2222 2592,2222 2649,2222 2706,2222 2763,2220"/>
                <TextEquiv>
                    <Unicode>Das auch Maria Bertschi on Kyß, weliche</Unicode>
                </TextEquiv>
            </TextLine>
            <TextLine id="r3l19" custom="readingOrder {index:18;}">
                <Coords points="1687,2287 1844,2265 2210,2321 2257,2293 2338,2357 2412,2312 2567,2352 2691,2321 2691,2278 2469,2256 2398,2216 2269,2253 2117,2208 2015,2229 1968,2202 1876,2245 1691,2216"/>
                <Baseline points="1695,2273 1744,2271 1794,2270 1843,2270 1893,2271 1942,2273 1992,2276 2041,2278 2091,2281 2140,2285 2190,2288 2239,2292 2289,2295 2338,2298 2388,2303 2437,2306 2487,2308 2536,2310 2586,2312 2635,2313 2685,2313"/>
                <TextEquiv>
                    <Unicode>by dero er byschlaff sthert, gethat zwo</Unicode>
                </TextEquiv>
            </TextLine>
            <TextLine id="r3l20" custom="readingOrder {index:19;}">
                <Coords points="1622,2344 1882,2390 1961,2354 2056,2419 2148,2374 2231,2422 2311,2388 2409,2446 2485,2392 2637,2398 2723,2467 2743,2360 2611,2371 2425,2314 2344,2360 2279,2309 2198,2342 2137,2299 2046,2323 1844,2265 1623,2318"/>
                <Baseline points="1629,2342 1684,2343 1739,2345 1794,2346 1849,2349 1905,2352 1960,2355 2015,2358 2070,2363 2125,2367 2181,2371 2236,2375 2291,2379 2346,2383 2401,2386 2457,2390 2512,2393 2567,2396 2622,2399 2677,2400 2733,2402"/>
                <TextEquiv>
                    <Unicode>sund lang auss Halßyster gestelt worden.</Unicode>
                </TextEquiv>
            </TextLine>
            <TextLine id="r3l21" custom="readingOrder {index:20;}">
                <Coords points="1602,2429 1854,2487 2064,2450 2262,2527 2313,2509 2321,2418 2287,2400 2231,2422 2168,2392 2056,2418 1961,2354 1886,2390 1680,2355 1605,2390"/>
                <Baseline points="1610,2426 1646,2426 1683,2426 1720,2426 1757,2428 1793,2430 1830,2432 1867,2435 1904,2438 1941,2442 1977,2445 2014,2449 2051,2453 2088,2456 2125,2460 2161,2465 2198,2468 2235,2472 2272,2475 2309,2477"/>
                <TextEquiv>
                    <Unicode>3 Aectum 28. aprilist648</Unicode>
                </TextEquiv>
            </TextLine>
            <TextLine id="r3l22" custom="readingOrder {index:21;} person {offset:0; length:13;}">
                <Coords points="1798,2735 2059,2758 2106,2726 2154,2776 2564,2805 2618,2836 2628,2747 2524,2708 2371,2703 2279,2657 2193,2684 2116,2632 1965,2676 1887,2629 1807,2655"/>
                <Baseline points="1806,2726 1846,2727 1886,2729 1927,2731 1967,2735 2007,2739 2048,2743 2088,2748 2128,2753 2169,2758 2209,2764 2249,2770 2290,2775 2330,2780 2370,2785 2411,2790 2451,2795 2491,2798 2532,2803 2572,2805 2613,2807"/>
                <TextEquiv>
                    <Unicode>Anna Zuuerman</Unicode>
                </TextEquiv>
            </TextLine>
            <TextLine id="r3l23" custom="readingOrder {index:22;}">
                <Coords points="1806,2811 1993,2825 2024,2863 2243,2834 2425,2936 2513,2895 2547,2938 2597,2904 2674,2935 2683,2866 2568,2835 2504,2853 2421,2798 2191,2795 2124,2745 2008,2770 1983,2738 1868,2738 1812,2763"/>
                <Baseline points="1815,2798 1857,2799 1900,2800 1943,2802 1986,2806 2028,2810 2071,2814 2114,2820 2157,2825 2199,2830 2242,2837 2285,2843 2328,2850 2370,2856 2413,2864 2456,2869 2499,2876 2541,2883 2584,2889 2627,2896 2670,2903"/>
                <TextEquiv>
                    <Unicode>sonst gemt nachthanger</Unicode>
                </TextEquiv>
            </TextLine>
            <TextLine id="r3l24" custom="readingOrder {index:23;}">
                <Coords points="1657,2915 2063,2985 2197,3052 2337,3042 2725,3123 2706,3048 2529,3042 2330,2934 2162,2953 1916,2913 1847,2865 1667,2862"/>
                <Baseline points="1662,2924 1714,2932 1767,2943 1820,2952 1873,2960 1926,2970 1978,2979 2031,2988 2084,2998 2137,3007 2190,3017 2242,3026 2295,3035 2348,3046 2401,3056 2454,3064 2506,3075 2559,3084 2612,3095 2665,3106 2718,3116"/>
                <TextEquiv>
                    <Unicode>dieselbe ist den 29. april 1648 wege</Unicode>
                </TextEquiv>
            </TextLine>
            <TextLine id="r3l25" custom="readingOrder {index:24;}">
                <Coords points="1991,3033 1998,3033 2007,3026 2011,3029 2014,3026 2020,3030 2034,3020 2045,3025 2053,3025 2053,2996 2042,2996 2034,3001 2008,2984 1991,2984"/>
                <Baseline points="1998,3024 2046,3024"/>
                <TextEquiv>
                    <Unicode></Unicode>
                </TextEquiv>
            </TextLine>
            <TextLine id="r3l26" custom="readingOrder {index:25;} person {offset:0; length:18;}">
                <Coords points="1586,3019 1797,3021 1883,3077 1966,3052 2687,3190 2697,3131 2614,3095 1963,3033 1907,2964 1836,2982 1606,2903"/>
                <Baseline points="1596,3005 1650,3010 1704,3014 1758,3022 1813,3029 1867,3037 1921,3046 1976,3054 2030,3063 2084,3074 2139,3084 2193,3094 2247,3105 2301,3114 2356,3125 2410,3134 2464,3143 2519,3153 2573,3160 2627,3169 2682,3176"/>
                <TextEquiv>
                    <Unicode>Edessdeite gallers da sy den letste</Unicode>
                </TextEquiv>
            </TextLine>
            <TextLine id="r3l27" custom="readingOrder {index:26;} person {offset:19; length:10;}">
                <Coords points="1665,3086 2349,3207 2419,3260 2496,3235 2785,3296 2796,3235 2738,3180 2577,3154 2471,3195 2303,3101 2235,3138 1964,3051 1886,3088 1804,3034 1675,3030"/>
                <Baseline points="1674,3077 1729,3087 1784,3096 1840,3108 1895,3118 1950,3128 2006,3138 2061,3148 2116,3159 2172,3169 2227,3180 2282,3191 2338,3201 2393,3211 2448,3220 2504,3231 2559,3239 2614,3249 2670,3258 2725,3266 2781,3275"/>
                <TextEquiv>
                    <Unicode>niht dem entrihnen tars Meyer duff den</Unicode>
                </TextEquiv>
            </TextLine>
            <TextLine id="r3l28" custom="readingOrder {index:27;}">
                <Coords points="1576,3135 1765,3216 1836,3180 1958,3240 2006,3212 2242,3246 2747,3380 2763,3322 2683,3268 2524,3282 1742,3092 1580,3115"/>
                <Baseline points="1583,3137 1641,3146 1699,3155 1757,3163 1815,3173 1874,3182 1932,3193 1990,3203 2048,3214 2106,3225 2165,3237 2223,3247 2281,3261 2339,3272 2397,3284 2456,3297 2514,3310 2572,3324 2630,3337 2688,3350 2747,3363"/>
                <TextEquiv>
                    <Unicode> Rötschmidtbegange und wan anderen vor</Unicode>
                </TextEquiv>
            </TextLine>
            <TextLine id="r3l29" custom="readingOrder {index:28;}">
                <Coords points="1669,3245 1894,3271 2025,3345 2116,3314 2352,3350 2425,3401 2625,3419 2701,3494 2704,3350 2512,3352 2442,3296 2288,3270 2212,3300 2150,3242 1957,3240 1875,3188 1752,3220 1685,3168"/>
                <Baseline points="1680,3225 1731,3235 1782,3246 1833,3257 1885,3267 1936,3278 1987,3288 2038,3298 2090,3308 2141,3320 2192,3330 2243,3341 2295,3351 2346,3361 2397,3372 2448,3381 2500,3392 2551,3402 2602,3412 2653,3422 2705,3432"/>
                <TextEquiv>
                    <Unicode>anter felen wihe</Unicode>
                </TextEquiv>
            </TextLine>
            <TextLine id="r3l30" custom="readingOrder {index:29;}">
                <Coords points="1659,3306 2048,3391 2071,3426 2136,3399 2283,3472 2323,3452 2361,3504 2416,3469 2471,3513 2575,3493 2738,3544 2752,3483 2520,3395 2424,3434 2354,3350 2025,3345 1773,3247 1666,3276"/>
                <Baseline points="1667,3303 1720,3313 1773,3323 1827,3335 1880,3345 1934,3357 1987,3369 2040,3381 2094,3393 2147,3405 2201,3418 2254,3430 2307,3441 2361,3454 2414,3466 2468,3477 2521,3489 2574,3499 2628,3508 2681,3518 2735,3527"/>
                <TextEquiv>
                    <Unicode>mit ruten ußgeschaidt. bezenset und</Unicode>
                </TextEquiv>
            </TextLine>
            <TextLine id="r3l31" custom="readingOrder {index:30;}">
                <Coords points="1667,3453 1724,3468 1729,3478 1768,3479 1810,3532 1837,3523 1869,3559 1889,3554 1901,3564 1932,3482 1920,3466 1874,3483 1855,3451 1832,3451 1811,3421 1727,3432 1688,3400"/>
                <Baseline points="1676,3450 1701,3453 1726,3457 1752,3465 1777,3473 1802,3485 1828,3497 1853,3509 1878,3522 1904,3533"/>
                <TextEquiv>
                    <Unicode>ed</Unicode>
                </TextEquiv>
            </TextLine>
            <TextLine id="r3l32" custom="readingOrder {index:31;}">
                <Coords points="1660,3388 1829,3426 1876,3483 2357,3544 2532,3643 2631,3606 2733,3643 2748,3579 2692,3544 2629,3568 2572,3493 2444,3533 2320,3451 1671,3340"/>
                <Baseline points="1671,3375 1723,3390 1776,3405 1829,3420 1882,3433 1935,3447 1988,3459 2041,3472 2094,3483 2147,3496 2200,3507 2252,3519 2305,3530 2358,3542 2411,3554 2464,3565 2517,3577 2570,3590 2623,3603 2676,3616 2729,3629"/>
                <TextEquiv>
                    <Unicode>mit den Erdt stet statt vnd land Grest,</Unicode>
                </TextEquiv>
            </TextLine>
            <TextEquiv>
                <Unicode>Anna Schenzmen
send da argraffenlandt.
sandt
Astin Gertter vsfen
hricktal

Dis hero ybs personen sind den 16. ap
1148 wegen Ires Erprist. Hurenläbens
in einer eidtsglühret von ire gden staten
und landt, In ir hennet cerisen.
worden.
er
Jnns Kächler von
Moßmünster vßem Elßaß
derselbig ist wegen seiner zwifachen 
snten pheuerswechung so er mit Barbel
Woffel uan santzogen ußem Elsaß und
Das auch Maria Bertschi on Kyß, weliche
by dero er byschlaff sthert, gethat zwo
sund lang auss Halßyster gestelt worden.
3 Aectum 28. aprilist648
Anna Zuuerman
sonst gemt nachthanger
dieselbe ist den 29. april 1648 wege

Edessdeite gallers da sy den letste
niht dem entrihnen tars Meyer duff den
 Rötschmidtbegange und wan anderen vor
anter felen wihe
mit ruten ußgeschaidt. bezenset und
ed
mit den Erdt stet statt vnd land Grest,</Unicode>
            </TextEquiv>
        </TextRegion>
        <TextRegion orientation="0.0" id="r4" custom="readingOrder {index:3;}">
            <Coords points="2741,199 2741,358 2822,358 2822,199"/>
            <TextLine id="r4l1" custom="readingOrder {index:0;}">
                <Coords points="2735,322 2771,329 2788,315 2794,315 2802,305 2815,307 2829,301 2823,244 2801,253 2789,249 2782,255 2776,249 2764,249 2760,254 2729,265"/>
                <Baseline points="2741,308 2768,302 2795,300 2822,299"/>
                <TextEquiv>
                    <Unicode>32</Unicode>
                </TextEquiv>
            </TextLine>
            <TextEquiv>
                <Unicode>32</Unicode>
            </TextEquiv>
        </TextRegion>
    </Page>
</PcGts>
