3024 4032
826 267 1678 539 dn sgenntillic he
815 345 1687 621 rtante
837 432 1708 734 hen
826 515 1704 764 etlenn dihe hite n
787 560 1710 831 en a deien en
803 662 1716 916 Andollech Wrustenbergers Großweib
838 744 1724 985 sampt etlichen weiblen ignersch
811 792 1658 1016 Eberen dieneren, exequiert vnd
825 891 1343 1034 volg gestelt worden,
819 950 1249 1124 Welichen das
806 1063 1717 1254 Hatalsongedachter diebold hernachgen
815 1123 1687 1306 schribige, vnderschedenliche adurch Inne
813 1166 1692 1398 begaugne diekstäl und gräffenheiten
819 1269 1712 1465 allis ih gewanstem Strecki Thnan
826 1330 1689 1520 kentauch volgents selbigk mit dee
806 1420 1658 1595 manter erhalten, vnd bestettiget,
1393 1556 1468 1642 11
753 1569 1676 1753 amlichen vnd daß ersteh, habe er
817 1674 1682 1827 mit Hilff hilf zweyer seiner ghpan
807 1740 1698 1905 der emt vßeltth Peter, er anger Heinei
812 1813 1683 1963 genampt dem h. Predicanten gno
715 1894 1670 2016 Ursebach nach volgende sachen uß
825 1972 1684 2099 einem huß und spycher entfrümbde
817 2039 1691 2161 mit nameß 1 silbernen kettigürtel
806 2110 1670 2247 sampt der besterken den seckel unnd
767 2175 1680 2322 adelband, daran silberne schlauffen
793 2262 1684 2392 vnd Kettel gewesen, it grnnen
789 2337 1678 2455 1 Auer Segelebrunnen rock mit kärn
775 2417 1681 2555 zwoy Schwarze Fhürtücheri by 1
759 2484 1676 2614 Krage sytenwehr Wambist,
778 2567 1680 2718 1. kindenbhenk müt etlichen silbernen
779 2637 1672 2793 pfennngen e auwr margengsbar
748 2721 1662 2866 sohn,  roth bar gestrbch wylerstein
768 2791 1671 2980 Item Tisch. vnd Einlachen Hembli
781 2890 1660 3076 huben, und fäller, ouch sonst amde
781 2954 1642 3140 und von tuch dergleichen sachen in
781 3047 1636 3258 großer anzal, weliches alles In
784 3119 1659 3295 nansen juche nit müglich. Ime alle
780 3196 1652 3406 sye var allen disen sach in Einer das
767 3310 1306 3464 1 p 23 bag worden.
1832 354 2877 562 Au hätterlingen mit hilf vorgemelter
1833 426 2901 660 syner gesparet. us eingem wirtshuß uß
1863 488 2899 700 einer truken 30 f i selbernen gürtehl.
1873 530 2921 764 auht den becklagnen bestecken meßert, nit-
1830 616 2917 825 beracht zu Petzerh um6 6 l verkaufft.
1819 693 2884 887 von Sthew allemn aber ime nit mehr als
1838 803 2248 932 gu gnoodes syr,
1786 865 2940 1076 Mernby Gaeyerz Fryburger gebiets mit
1826 967 2945 1135 hilf abstat uß einem spicher sachs eronen
1804 1020 2704 1221 und einschübsch lynlacheß gestolen,
1796 1180 2985 1354 Item abermalen mit gemelt hilf im Weltschn
1805 1255 2921 1418 landt uß einem keller, so er geößnet, ein
1830 1307 2882 1499 halben, Käß vnd E batzeß aertige Brath
1833 1425 2102 1567 genomen
1826 1558 2923 1695 zu Sedouff by duchse mit hilf seiner gsellen
1803 1638 2907 1768 Vß einem Kaller den er vffgebrachen an
1849 1712 2856 1844 gelt 42 4 ell tuch 2 bar manßloßen,
1806 1789 2522 1917 und deü bar shn gestalen,
1804 1934 2938 2114 Abermalen mit hilf tselisch Peters seines
1832 2050 2901 2189 gestanet, im weltschland uß einem trag
1812 2108 2907 2274 soser geöffnet 4 srüz dieß i tschopfen,
1825 2173 2325 2299 und lihut genommen,
1999 2257 2051 2320 gi
2051 2254 2210 2329 se
2139 2303 2231 2386 2
1782 2296 2915 2519 Gys Rotthmund, habe er mit helf Georg
1764 2426 2944 2594 Scharmußtz seines gespanen uß einem speycher
1767 2489 2973 2669 Deo gedachten Grörg geöffnet 50 ellen bleikts
1804 2570 2937 2751 Fuch 1 schanen briden stock. 2 bar sament
1754 2651 2924 2852 Ermel drey breit mit samet gefüteret
1796 2697 2892 2929 hüt und drü bar schugestalen, Danos
1775 2774 2943 3005 Ime nit mer alß er5 ellen tuch unnd ein
1745 2851 2469 3067 lhus für sein sehl worden.
1747 2995 2905 3220 So habe er abermalen, In einem dorff
1769 3080 2946 3338 trybung gebiets ein spycher ufgebrochen
1768 3144 2937 3404 und mit hilf vorgemelten 1 sonen eronen
1787 3224 2938 3496 Ehorpts 11 gut tuchis gruns bar hoßen,
1801 3281 2497 3513 ent gsehen
2905 233 2989 312 13
