3024 4032
664 355 1652 662 ene inlden
663 448 1652 715 erstattet worden, Vnnd wie wolgt
676 507 1639 795 nt ene
678 604 1613 865 alsher mit sei faltigen taüsersendigen
653 640 1650 929 vermanungen uß Stylliger schrifft nauli
642 725 1650 983 Gott daln Herrs Sie Ehr, Ich gebe vnndt
661 818 1651 1090 hieneben der hochen oberkket die warhit
653 895 1634 1155 mit zeinerhalten und erricht und ange
675 973 1648 1214 mant worden,Ist doch anfheland
678 1074 1619 1288 nüt erheblich gsin, weder das sy stäle
647 1139 1613 1368 d irer wankelmütigkeit versoltken,
612 1217 1607 1434 Allein hat sy endtliches gmeldet das
612 1308 1596 1515 sy dem bößten heist anders nüt das
647 1409 1606 1620 nur den kleinen figer an der Linggen
610 1490 1617 1697 hand, so er nach ihrem tad nemen sollen
621 1576 1179 1698 versprochen habe,
387 1696 1602 1903 undogen, Alß aber sy auch zu red gestelt worden.
642 1815 1591 1949 uff woll farm die gloßenen, sy ge-
647 1882 1598 2020 lort versagnen und wie sy mit demselben
639 1960 1586 2109 umbganget, ant. sy shabe daßelbig
625 2033 1605 2190 wegen ihrer ungschicklichkeit nit ergeyfen
622 2119 1607 2234 kamnen, wüßt solso nit wie es einbe
626 2197 1594 2335 schaffenheit darmif habe, Es könne abe
583 2270 1572 2409 Niemandts andere dan die Gladenen
604 2353 1533 2492 diß orts beßeren brichtn gebet s.
568 2497 1591 2636 nd alß nun hieruf sy beiden gegeg en
610 2584 1595 2733 anderen consfontiouf und eelart worden.
581 2650 1582 2838 hat die schiterlines vermeldet, sy habe
584 2725 1553 2883 ene maleß nüst bößes von d elahmen
567 2820 1540 3022 gesechet, noch iren verbringen helffen.
521 2882 1521 3081 Insdaß aber daß versagnen dessie
536 2950 1586 3170 Glodenen beschuldiget werde, anblaget
526 3038 1592 3250 Hat sy die gladenen sich also beantrek
529 3129 1553 3351 daß namlich nit minder sye, dan das
545 3180 1556 3440 raf aupfar 9 Jares Gysem brüshaft
530 3272 1550 3533 hauptwych versägnete 3 jibeles snndt
2756 166 2872 284 46
1764 301 2825 651 gtligen et
1760 378 2835 698 eet
1757 499 2720 777 vbthinen bösten warten begriff) dar von
1785 509 2788 853 ghas eleden d
1767 615 2855 948 gebe e entlhelh und
1743 687 2868 1016 abgestrafft siderhab hhabe sich deßen nüt
1778 801 2797 1061 beher vndenwen. Sonders seil mehr
1752 889 2869 1138 lichlüthen mit allerkey guten krütteren
1780 951 2855 1203 so srewol bekantz beholflich gsie sye und
1789 1016 2911 1273 umeint, das sy sad deßwegen diß gfangen.
1787 1176 2314 1372 eglihen lüsen.
1732 1277 2796 1497 Anwyl. vnd aber, Gemelter Margreth
1700 1390 2855 1589 Schiferli die warheit zu frundtlich worten
1752 1471 2853 1638 it unerhalten gsint, as ist dieselb
1756 1559 2840 1744 hoabt is Strecken thms gffürt, whnnd
1748 1642 2866 1795 s horderlicher massen nach z die beuelch
1755 1728 2856 1901 pynlich erforschet und befragt worden.
1773 1834 2887 1959 anzuzeiget. E. 6. Namlichen leider allem
1771 1913 2890 2041 ansehes nach, sy nit ghatt iren schöpffer
1746 1997 2825 2117 unß seligmacher verlaugnet und des
1746 2079 2816 2201 jan verlaßen und des satan für jren
1707 2153 2872 2305 meister uff und angenommen, Hatt sy
1741 2233 2836 2376 hieseüber vermeldet, Es werde Jehauchen
1721 2316 2832 2454 Im herbst ein jar werden, daß sy von
1729 2393 2797 2565 Päterkeiden, alwo sy cren) ehnsauw
1758 2472 2816 2628 bar sohn machen Lüßern uff dem abend
1752 2545 2823 2721 gesen der Stamseren gangen, Sye vnder
1710 2635 2839 2795 Cwregs im holz daen der göß is einem
1749 2729 2849 2879 gennen kleid begegnet, welicher sy ange-
1721 2793 2823 2956 redt und zuganmtet, sy solle ihne ver
1753 2880 2850 3038 heißen und sich an jmne ergeben, sy müse
1738 2963 2817 3123 das ir läbenlang, ein gute sacht und gelts
1764 3064 2796 3202 guug haben, daruf sy ime gkant¬
1706 3141 2822 3284 warset, Sy welle sachts vnd sich besinnen,
1715 3222 2773 3352 Nach dem aber im Geiten tag hernach
1710 3280 2797 3448 Sylvon Kinepbach, ges Ehiskofen gangen.
