3024 4032
722 337 1505 611 il se tee
721 457 1672 772 getee eth
1505 545 1613 670 belan
742 565 1643 855 snlegegen
769 650 1646 915 Wad e
747 726 1646 991 den vn gethen
736 800 1648 1066 vn esafte
735 887 1644 1143 valte tennteer
760 973 1636 1218 neben anderen lüthen, die sich duch
735 1054 1636 1309 erelagt haben, das jurh Fäfli durch
734 1159 1645 1410 die kund geträßet worden. Im halzen
714 1233 1617 1461 daß jri aif desselben widerumbe
740 1315 1627 1537 nicht haben, wy habe aber sollihe
742 1419 1639 1610 mimehr finpen kannen, gfuhlender
728 1476 1603 1669 deßen der setat alß der wüst nüt
711 1583 1593 1745 gesechen, weniger mut jene. Pewalen
722 1676 1608 1870 eitliche gemeinschafft gehallten daruf
720 1775 1321 1925 sy Sterken vfelle, etc.
639 1942 1586 2109 Gittet ganz trungenlich Golt vnd
701 2057 1572 2186 ein hoche oberkeit umb gnad und
507 2139 1104 2275 verzeihung etc.
602 2295 1603 2451 Ist 3 mal lär uffgezogen worden.
2779 276 2893 401 44
1978 419 2739 688 ari eeise.
1788 621 2896 882 Nachdem abermalen die verhaffte Margrich
1815 703 2906 938 Schiferli der hererey halben uf heüt den 10. augusti
2087 768 2899 967 Durch hry Nulans Conpaß
1812 890 2092 997 Aano 1648.
1797 835 2914 1051 deß raths er Wilhelm perset und hr. stiltalme
1783 899 2895 1123 Kerber, zu beysyn hrr Großweybel Wurstenbergers
1792 983 2868 1187 unnd etlicher weyblen ir g dieneren mit
1782 1036 2876 1279 zimlicher marter exammiert worden. Wie und
1801 1128 2884 1319 waßgstalten sy sich daß vych by Lenbach und der
1806 1191 2879 1408 oeten herumb zeuerderben gebruchen laßen, waß
1790 1272 2850 1466 sy für mitel darzu angewendt und war ira
1784 1346 2871 1549 dieselben geliferet, unnd ob s nit auch gotden
1786 1455 2800 1641 Hrn verlaugnet, vnd sich dem Sattan ergeben
1792 1615 1909 1705 habe.
1785 1800 2853 1913 Hat sy nach langem anhalten hierüber vermeldet,
1796 1906 2847 2004 wie nit weniger, dan daß by ungefahr eine m
1783 1948 2830 2077 jahr unb usterzeit zu zweyen und erschidenlichen
1775 2032 2845 2142 malen in einem gwüßen huß zu Limpach
1772 2091 2864 2215 darin ein wybs persohn, die sich claudone oder
1777 2158 2868 2294 Blandene namet, by deren sy sich sonsten vilmalen
1781 2239 2860 2375 zugezogen, der boße geist in montschlicher gstalt
1774 2311 2848 2451 ihre begnet, Gold knnd gelt versprochen soner
1772 2369 2856 2521 daß sy alles böses zu begohn, thun und allerley ver
1787 2446 2847 2582 erben welle, Sy habe aber gleichwol kein gelt
1788 2520 2848 2686 empfangen, sonders alß damaln sy sich in deß
1786 2585 2850 2750 bosen willen nit ergeben wellen, habe er sy uh
1763 2659 2854 2811 die rechteachlen geschlagen und daruo gelossen
1762 2742 2842 2884 daß sy by 4 wuchen die hand nit zu ihrem mundt
1759 2818 2832 2970 brngen magen und eide annach großen schmertz
1731 2892 1926 2974 daran.
1763 3050 2798 3177 Alß aber sy nach genüüwer befragt worden,
1781 3126 2747 3246 ob sy mit dem bößen grist seig vernert
1771 3196 2774 3311 gneißafft nit gehept oder etwan anderstürd
1785 3264 2432 3377 in versamlungen geweßen
