<?xml version="1.0" encoding="UTF-8" standalone="yes"?>
<PcGts xmlns="http://schema.primaresearch.org/PAGE/gts/pagecontent/2013-07-15" xmlns:xsi="http://www.w3.org/2001/XMLSchema-instance" xsi:schemaLocation="http://schema.primaresearch.org/PAGE/gts/pagecontent/2013-07-15 http://schema.primaresearch.org/PAGE/gts/pagecontent/2013-07-15/pagecontent.xsd">
    <Metadata>
        <Creator>prov=University of Rostock/Institute of Mathematics/CITlab|PLANET AI GmbH/Gundram Leifert/gundram.leifert@planet-ai.de:name=German_Kurrent_XVI-XVIII_M1(htr_id=19584)::::v=2.6.7
prov=University of Rostock/Institute of Mathematics/CITlab|PLANET AI GmbH/Tobias Gruening/tobias.gruening@planet-ai.de:name=de.uros.citlab.module.baseline2polygon.B2PSeamMultiOriented:v=2.6.7
prov=READ-COOP:name=PyLaia@TranskribusPlatform:version=0.3.1:model_id=26190:lm=none:date=10_10_2020_11:04
prov=READ-Coop:name=PyLaia@Transkribus:version=0.3.1:model_id=26190:lm=none:date=10_10_2020_11:04
prov=University of Rostock/Institute of Mathematics/CITlab|PLANET AI GmbH/Tobias Gruening/tobias.gruening@planet-ai.de:name=de.uros.citlab.module.baseline2polygon.B2PSeamMultiOriented:v=2.6.6</Creator>
        <Created>2020-10-10T09:26:36.289+02:00</Created>
        <LastChange>2022-09-09T15:23:29.736+02:00</LastChange>
        <TranskribusMetadata docId="1334826" pageId="52360451" pageNr="33" tsid="114642214" status="IN_PROGRESS" userId="9570" imgUrl="https://files.transkribus.eu/Get?id=VTRRAOSDRXJNTVIGKTONWKMS&amp;fileType=view" xmlUrl="https://files.transkribus.eu/Get?id=SKTSZLSWKZAWUQWMEMKLKDKM" imageId="16417166"/>
    </Metadata>
    <Page imageFilename="471_17.jpeg" imageWidth="3024" imageHeight="4032">
        <ReadingOrder>
            <OrderedGroup id="ro_1687513751450" caption="Regions reading order">
                <RegionRefIndexed index="0" regionRef="r1"/>
                <RegionRefIndexed index="1" regionRef="r2"/>
            </OrderedGroup>
        </ReadingOrder>
        <TextRegion orientation="0.0" id="r1" custom="readingOrder {index:0;}">
            <Coords points="732,281 732,3352 1686,3352 1686,281"/>
            <TextLine id="r1l1" custom="readingOrder {index:0;}">
                <Coords points="889,335 938,342 988,315 1071,351 1142,343 1240,397 1284,371 1483,423 1508,420 1526,319 1399,297 1336,251 1293,280 1264,239 1201,228 1129,251 915,181"/>
                <Baseline points="900,314 930,315 960,318 990,321 1020,325 1050,329 1080,333 1110,337 1140,342 1170,348 1201,354 1231,359 1261,364 1291,370 1321,376 1351,382 1381,388 1411,395 1441,401 1471,407 1502,411"/>
                <TextEquiv>
                    <Unicode>Ebees</Unicode>
                </TextEquiv>
            </TextLine>
            <TextLine id="r1l2" custom="readingOrder {index:1;} person {offset:4; length:14;}">
                <Coords points="931,439 1054,402 1089,426 1153,424 1194,455 1269,436 1368,498 1421,503 1470,480 1490,490 1500,437 1463,447 1321,376 1231,398 1141,344 1063,375 988,315 952,326"/>
                <Baseline points="948,386 974,389 1001,392 1028,395 1055,399 1082,403 1109,407 1135,411 1162,415 1189,420 1216,426 1243,431 1270,436 1297,441 1323,446 1350,452 1377,458 1404,464 1431,469 1458,474 1485,479"/>
                <TextEquiv>
                    <Unicode>der Kilcheri Balle</Unicode>
                </TextEquiv>
            </TextLine>
            <TextLine id="r1l3" custom="readingOrder {index:2;}">
                <Coords points="1536,472 1545,471 1565,452 1586,449 1611,425 1618,426 1621,360 1607,361 1596,350 1589,349 1582,341 1580,343 1574,335 1561,340 1554,333 1542,335"/>
                <Baseline points="1545,434 1578,434 1611,437"/>
                <TextEquiv>
                    <Unicode></Unicode>
                </TextEquiv>
            </TextLine>
            <TextLine id="r1l4" custom="readingOrder {index:3;}">
                <Coords points="820,513 925,502 1082,562 1148,551 1212,593 1267,576 1400,624 1505,620 1632,688 1664,615 1541,569 1513,585 1394,515 1333,547 993,471 966,435 866,466 833,449"/>
                <Baseline points="831,491 871,498 912,505 953,513 994,520 1034,529 1075,535 1116,544 1157,553 1197,560 1238,570 1279,577 1320,588 1360,597 1401,605 1442,615 1483,624 1523,634 1564,644 1605,655 1646,665"/>
                <TextEquiv>
                    <Unicode> rr att </Unicode>
                </TextEquiv>
            </TextLine>
            <TextLine id="r1l5" custom="readingOrder {index:4;}">
                <Coords points="826,572 874,576 906,616 986,584 1092,608 1140,667 1207,637 1245,666 1419,667 1642,731 1649,691 1503,620 1400,626 1269,578 1209,593 1148,551 1082,562 1058,535 952,536 840,496"/>
                <Baseline points="834,569 874,574 914,580 954,585 994,592 1035,599 1075,605 1115,612 1155,619 1195,628 1236,636 1276,645 1316,652 1356,660 1396,668 1437,676 1477,684 1517,692 1557,700 1597,707 1638,716"/>
                <TextEquiv>
                    <Unicode>so et desr epelebses oder bößener</Unicode>
                </TextEquiv>
            </TextLine>
            <TextLine id="r1l6" custom="readingOrder {index:5;}">
                <Coords points="807,679 865,650 912,682 1109,683 1185,699 1255,764 1375,743 1444,802 1525,763 1660,827 1673,751 1584,714 1203,637 1137,667 1077,611 914,620 876,577 825,575"/>
                <Baseline points="819,653 861,655 903,659 945,664 987,669 1029,674 1071,680 1113,687 1155,693 1197,699 1239,708 1281,715 1323,723 1365,731 1407,740 1449,748 1491,756 1533,766 1575,774 1617,783 1659,792"/>
                <TextEquiv>
                    <Unicode>behafftet von Lüf underschidenlichen</Unicode>
                </TextEquiv>
            </TextLine>
            <TextLine id="r1l7" custom="readingOrder {index:6;}">
                <Coords points="802,737 857,782 907,757 940,801 1056,746 1082,775 1175,777 1220,825 1313,793 1412,838 1597,839 1656,869 1663,826 1528,764 1436,800 1403,760 1172,749 1108,684 985,718 916,701 868,648 812,671"/>
                <Baseline points="810,729 852,731 894,734 936,739 978,743 1020,747 1062,753 1104,759 1146,765 1188,772 1230,779 1272,787 1314,795 1356,802 1398,810 1440,818 1482,826 1524,834 1566,842 1608,850 1650,857"/>
                <TextEquiv>
                    <Unicode>baugnen faleren wegen ane die so</Unicode>
                </TextEquiv>
            </TextLine>
            <TextLine id="r1l8" custom="readingOrder {index:7;}">
                <Coords points="794,810 1046,817 1113,855 1182,852 1233,898 1368,882 1600,939 1627,879 1506,839 1412,866 1310,792 1244,833 1175,778 1075,806 1032,750 938,797 908,756 857,782 804,740"/>
                <Baseline points="801,806 841,807 882,810 922,812 963,816 1004,821 1044,825 1085,830 1126,837 1166,843 1207,850 1248,857 1288,864 1329,871 1370,879 1410,886 1451,893 1492,900 1532,907 1573,914 1614,920"/>
                <TextEquiv>
                    <Unicode>drel nit san tag klamen mit dem</Unicode>
                </TextEquiv>
            </TextLine>
            <TextLine id="r1l9" custom="readingOrder {index:8;}">
                <Coords points="791,903 900,921 971,895 1057,952 1121,915 1209,975 1335,991 1378,961 1547,1026 1642,1019 1651,955 1339,869 1233,898 1184,853 1056,826 800,839"/>
                <Baseline points="801,885 842,888 884,890 926,893 968,897 1010,901 1052,908 1093,912 1135,918 1177,925 1219,930 1261,938 1303,944 1345,951 1386,958 1428,965 1470,972 1512,978 1554,984 1596,990 1638,995"/>
                <TextEquiv>
                    <Unicode>Eyde uon jregen statt und landt</Unicode>
                </TextEquiv>
            </TextLine>
            <TextLine id="r1l10" custom="readingOrder {index:9;}">
                <Coords points="738,979 791,1008 868,993 951,1042 1029,984 1137,1012 1195,1003 1243,1030 1248,969 1199,972 1121,913 1056,954 1027,927 1005,935 967,894 902,929 744,903"/>
                <Baseline points="746,968 771,968 797,968 823,969 849,969 875,971 901,972 927,974 953,975 979,977 1004,980 1030,982 1056,985 1082,989 1108,991 1134,995 1160,998 1186,1001 1212,1005 1238,1008"/>
                <TextEquiv>
                    <Unicode>verwisen worden,</Unicode>
                </TextEquiv>
            </TextLine>
            <TextLine id="r1l11" custom="readingOrder {index:10;}">
                <Coords points="1082,1100 1156,1095 1283,1174 1434,1131 1495,1146 1558,1199 1661,1162 1670,1087 1616,1063 1570,1075 1465,1016 1336,1072 1266,1032 1202,1049 1136,1016 1091,1027"/>
                <Baseline points="1092,1085 1120,1088 1148,1093 1176,1096 1204,1100 1232,1102 1260,1106 1289,1109 1317,1112 1345,1115 1373,1118 1401,1120 1429,1123 1457,1127 1486,1131 1514,1135 1542,1138 1570,1143 1598,1147 1626,1152 1655,1158"/>
                <TextEquiv>
                    <Unicode>Ie ist geen dig si</Unicode>
                </TextEquiv>
            </TextLine>
            <TextLine id="r1l12" custom="readingOrder {index:11;} person {offset:0; length:11;}">
                <Coords points="818,1475 1115,1519 1139,1543 1187,1510 1290,1550 1350,1530 1469,1550 1473,1490 1446,1478 1300,1458 1171,1492 1006,1416 933,1458 862,1389 823,1391"/>
                <Baseline points="825,1478 856,1484 888,1488 920,1493 952,1496 984,1500 1016,1502 1048,1505 1080,1508 1112,1509 1144,1511 1175,1512 1207,1514 1239,1515 1271,1517 1303,1518 1335,1520 1367,1522 1399,1524 1431,1527 1463,1530"/>
                <TextEquiv>
                    <Unicode>Petter agan</Unicode>
                </TextEquiv>
            </TextLine>
            <TextLine id="r1l13" custom="readingOrder {index:12;} place {offset:4; length:7;}">
                <Coords points="833,1575 891,1563 931,1593 997,1580 1088,1613 1241,1588 1319,1624 1323,1555 1284,1545 1207,1565 1132,1534 1103,1551 1057,1519 1030,1532 1003,1509 954,1540 884,1511 837,1514"/>
                <Baseline points="840,1571 866,1571 892,1571 919,1572 945,1572 971,1574 998,1574 1024,1575 1050,1577 1077,1578 1103,1581 1129,1582 1156,1585 1182,1587 1208,1589 1235,1591 1261,1595 1287,1597 1314,1599"/>
                <TextEquiv>
                    <Unicode>von Uydouwr,</Unicode>
                </TextEquiv>
            </TextLine>
            <TextLine id="r1l14" custom="readingOrder {index:13;} date {offset:13; length:19;}">
                <Coords points="775,1817 892,1780 970,1824 1018,1799 1050,1823 1295,1802 1637,1851 1641,1764 1577,1754 1521,1695 1451,1735 1278,1680 1203,1724 1088,1719 1015,1680 830,1766 779,1733"/>
                <Baseline points="783,1787 825,1787 867,1787 910,1788 952,1788 995,1790 1037,1791 1079,1793 1122,1794 1164,1796 1207,1799 1249,1800 1291,1802 1334,1805 1376,1807 1419,1809 1461,1812 1503,1814 1546,1817 1588,1818 1631,1821"/>
                <TextEquiv>
                    <Unicode>Derselbig ist den 20. derbr 1657</Unicode>
                </TextEquiv>
            </TextLine>
            <TextLine id="r1l15" custom="readingOrder {index:14;} person {offset:16; length:9; continued:true;}">
                <Coords points="799,1870 838,1864 892,1916 944,1874 1054,1866 1620,1894 1664,1872 1665,1828 1600,1855 1296,1802 1239,1844 1129,1812 1040,1835 1012,1809 800,1818"/>
                <Baseline points="806,1866 848,1865 891,1863 933,1863 976,1863 1018,1863 1061,1863 1103,1865 1146,1866 1188,1868 1231,1869 1273,1872 1316,1874 1358,1875 1401,1877 1443,1878 1486,1880 1528,1880 1571,1881 1613,1881 1656,1880"/>
                <TextEquiv>
                    <Unicode>wege Vermeinden Notzwangs</Unicode>
                </TextEquiv>
            </TextLine>
            <TextLine id="r1l16" custom="readingOrder {index:15;} person {offset:0; length:5; continued:true;}">
                <Coords points="784,1951 954,1929 1138,1941 1185,1977 1242,1946 1341,1981 1595,1948 1663,1975 1664,1879 1614,1902 1539,1878 1483,1914 1265,1870 1200,1910 1154,1865 1056,1864 893,1917 832,1868 786,1876"/>
                <Baseline points="791,1943 834,1940 877,1938 920,1937 964,1935 1007,1935 1050,1937 1093,1938 1137,1938 1180,1941 1223,1942 1266,1944 1310,1946 1353,1947 1396,1949 1439,1950 1483,1951 1526,1952 1569,1950 1612,1950 1656,1947"/>
                <TextEquiv>
                    <Unicode>hoser mit Luden deß gseigekrnechts</Unicode>
                </TextEquiv>
            </TextLine>
            <TextLine id="r1l17" custom="readingOrder {index:16;}">
                <Coords points="759,2052 796,2062 866,2011 1102,2045 1196,2012 1265,2069 1306,2039 1406,2065 1460,2037 1591,2078 1665,2049 1668,1978 1599,1947 1516,1983 1480,1958 1415,2010 1248,1947 1181,1973 1145,1943 963,1959 934,1935 761,1978"/>
                <Baseline points="767,2022 811,2017 856,2013 900,2012 945,2010 990,2010 1034,2010 1079,2012 1123,2013 1168,2017 1213,2018 1257,2022 1302,2025 1346,2028 1391,2030 1436,2033 1480,2034 1525,2036 1569,2036 1614,2036 1659,2034"/>
                <TextEquiv>
                    <Unicode>tochter daselbsten solte begangen</Unicode>
                </TextEquiv>
            </TextLine>
            <TextLine id="r1l18" custom="readingOrder {index:17;}">
                <Coords points="760,2104 964,2084 1092,2142 1142,2102 1263,2099 1388,2166 1480,2108 1672,2119 1673,2045 1587,2078 1461,2038 1379,2082 1317,2042 1265,2067 1046,2018 970,2057 871,2011 760,2066"/>
                <Baseline points="767,2105 811,2101 856,2098 901,2096 946,2094 991,2094 1036,2093 1081,2093 1126,2094 1171,2094 1216,2096 1260,2097 1305,2099 1350,2100 1395,2102 1440,2103 1485,2104 1530,2105 1575,2106 1620,2106 1665,2106"/>
                <TextEquiv>
                    <Unicode>haben. aber doch nit eigentlich wöln</Unicode>
                </TextEquiv>
            </TextLine>
            <TextLine id="r1l19" custom="readingOrder {index:18;}">
                <Coords points="742,2213 859,2225 940,2168 1072,2246 1192,2183 1286,2222 1459,2169 1525,2221 1590,2170 1675,2220 1674,2126 1615,2103 1561,2145 1496,2106 1390,2159 1318,2107 1171,2106 1096,2149 1016,2099 740,2100"/>
                <Baseline points="749,2195 794,2189 840,2185 886,2181 932,2179 978,2177 1024,2175 1070,2175 1116,2175 1162,2175 1208,2175 1253,2177 1299,2177 1345,2177 1391,2177 1437,2177 1483,2177 1529,2175 1575,2172 1621,2169 1667,2166"/>
                <TextEquiv>
                    <Unicode>Daß Meitlei eint Tötlen an tag konen</Unicode>
                </TextEquiv>
            </TextLine>
            <TextLine id="r1l20" custom="readingOrder {index:19;}">
                <Coords points="725,2284 845,2258 1090,2279 1163,2250 1233,2275 1310,2238 1433,2297 1675,2269 1674,2219 1599,2173 1526,2219 1457,2170 1278,2228 1205,2183 1088,2241 946,2243 888,2197 725,2228"/>
                <Baseline points="732,2271 778,2269 825,2265 872,2263 919,2261 965,2259 1012,2258 1059,2258 1106,2258 1152,2258 1199,2258 1246,2258 1293,2259 1339,2259 1386,2259 1433,2259 1480,2259 1526,2259 1573,2259 1620,2258 1667,2258"/>
                <TextEquiv>
                    <Unicode>Asoldem eyde von Vah statt vnd</Unicode>
                </TextEquiv>
            </TextLine>
            <TextLine id="r1l21" custom="readingOrder {index:20;}">
                <Coords points="743,2381 1144,2347 1204,2403 1329,2339 1425,2385 1476,2360 1545,2383 1601,2345 1680,2359 1677,2267 1422,2298 1311,2238 1223,2281 1042,2263 937,2294 845,2258 740,2304"/>
                <Baseline points="749,2366 795,2361 841,2357 887,2354 933,2351 979,2348 1025,2346 1071,2345 1117,2343 1163,2342 1210,2342 1256,2340 1302,2340 1348,2339 1394,2339 1440,2338 1486,2337 1532,2336 1578,2335 1624,2333 1671,2331"/>
                <TextEquiv>
                    <Unicode>Landt snh uf gund vnd khoßfende</Unicode>
                </TextEquiv>
            </TextLine>
            <TextLine id="r1l22" custom="readingOrder {index:21;}">
                <Coords points="763,2471 844,2496 901,2456 960,2458 1016,2500 1151,2461 1247,2491 1301,2434 1540,2408 1583,2435 1580,2386 1478,2360 1425,2385 1324,2343 1204,2401 1106,2366 1056,2407 988,2410 838,2363 759,2372"/>
                <Baseline points="770,2453 810,2449 850,2445 890,2441 930,2438 971,2436 1011,2432 1051,2430 1091,2427 1131,2426 1172,2423 1212,2421 1252,2420 1292,2420 1332,2418 1373,2418 1413,2417 1453,2417 1493,2417 1533,2417 1574,2418"/>
                <TextEquiv>
                    <Unicode>boßerung gespprißen ward.</Unicode>
                </TextEquiv>
            </TextLine>
            <TextLine id="r1l23" custom="readingOrder {index:22;} person {offset:0; length:21; continued:true;}">
                <Coords points="804,2763 1637,2694 1671,2672 1665,2606 1608,2631 1498,2570 1418,2619 1358,2587 1236,2623 1085,2609 989,2685 944,2693 875,2644 796,2682"/>
                <Baseline points="810,2757 852,2754 895,2750 938,2747 980,2744 1023,2741 1066,2738 1108,2733 1151,2730 1194,2726 1237,2723 1279,2719 1322,2715 1365,2711 1407,2708 1450,2703 1493,2698 1535,2694 1578,2689 1621,2684 1664,2679"/>
                <TextEquiv>
                    <Unicode>Nchlaus Elias deßsaus</Unicode>
                </TextEquiv>
            </TextLine>
            <TextLine id="r1l24" custom="readingOrder {index:23;} person {offset:0; length:8; continued:true;}">
                <Coords points="883,2831 940,2845 1393,2776 1464,2808 1510,2765 1607,2801 1666,2750 1660,2695 1513,2692 1276,2756 1216,2742 1150,2780 966,2743 878,2789"/>
                <Baseline points="890,2835 928,2828 966,2823 1005,2815 1043,2811 1082,2806 1120,2802 1158,2799 1197,2794 1235,2790 1274,2787 1312,2784 1350,2781 1389,2778 1427,2774 1466,2770 1504,2765 1542,2760 1581,2755 1619,2749 1658,2742"/>
                <TextEquiv>
                    <Unicode>hendlers unehelicher soß sandtshanß</Unicode>
                </TextEquiv>
            </TextLine>
            <TextLine id="r1l25" custom="readingOrder {index:24;} person {offset:0; length:14;}">
                <Coords points="872,2979 945,2918 1130,2909 1179,2940 1253,2878 1496,2890 1569,2833 1681,2839 1665,2750 1611,2796 1535,2780 1492,2812 1389,2780 1293,2810 1239,2788 1068,2816 997,2863 901,2826 856,2851"/>
                <Baseline points="872,2921 911,2914 951,2907 991,2901 1031,2895 1071,2889 1111,2883 1151,2878 1191,2873 1231,2869 1271,2863 1310,2859 1350,2853 1390,2849 1430,2844 1470,2840 1510,2835 1550,2830 1590,2825 1630,2818 1670,2813"/>
                <TextEquiv>
                    <Unicode>Jacob Mörigker alß iungelauben</Unicode>
                </TextEquiv>
            </TextLine>
            <TextLine id="r1l26" custom="readingOrder {index:25;}">
                <Coords points="781,3170 1034,3151 1191,3101 1309,3132 1444,3067 1688,3030 1679,2972 1572,2929 1488,2945 1356,3053 1291,3019 1226,3067 1095,3020 1039,3063 942,3027 765,3058"/>
                <Baseline points="786,3156 830,3153 875,3150 920,3146 964,3140 1009,3135 1054,3129 1098,3123 1143,3117 1188,3110 1233,3102 1277,3096 1322,3089 1367,3082 1411,3075 1456,3066 1501,3059 1545,3051 1590,3045 1635,3038 1680,3030"/>
                <TextEquiv>
                    <Unicode>dieselben sindt gestogtss tags den</Unicode>
                </TextEquiv>
            </TextLine>
            <TextLine id="r1l27" custom="readingOrder {index:26;}">
                <Coords points="782,3247 902,3256 968,3216 1078,3240 1121,3196 1251,3172 1323,3206 1364,3157 1457,3191 1577,3116 1699,3127 1661,3031 1315,3124 1270,3095 856,3190 767,3160"/>
                <Baseline points="789,3242 833,3236 878,3231 923,3225 968,3218 1013,3212 1058,3205 1102,3198 1147,3192 1192,3184 1237,3177 1282,3169 1327,3160 1372,3152 1416,3144 1461,3135 1506,3127 1551,3118 1596,3110 1641,3101 1686,3093"/>
                <TextEquiv>
                    <Unicode>2. jan 16f8 l beselch nahhi bhuhen</Unicode>
                </TextEquiv>
            </TextLine>
            <TextLine id="r1l28" custom="readingOrder {index:27;}">
                <Coords points="777,3348 1013,3306 1057,3334 1144,3285 1189,3311 1395,3256 1513,3269 1591,3202 1667,3189 1657,3134 1576,3117 1511,3181 1370,3162 1323,3208 1260,3173 1040,3249 996,3228 937,3288 810,3234 763,3271"/>
                <Baseline points="782,3335 825,3328 869,3321 913,3313 957,3306 1001,3298 1045,3290 1088,3283 1132,3275 1176,3266 1220,3258 1264,3250 1308,3242 1352,3234 1395,3227 1439,3219 1483,3211 1527,3203 1571,3196 1615,3186 1659,3180"/>
                <TextEquiv>
                    <Unicode>sern erlachs abeleben verhafften</Unicode>
                </TextEquiv>
            </TextLine>
            <TextEquiv>
                <Unicode>Ebees
der Kilcheri Balle

 rr att 
so et desr epelebses oder bößener
behafftet von Lüf underschidenlichen
baugnen faleren wegen ane die so
drel nit san tag klamen mit dem
Eyde uon jregen statt und landt
verwisen worden,
Ie ist geen dig si
Petter agan
von Uydouwr,
Derselbig ist den 20. derbr 1657
wege Vermeinden Notzwangs
hoser mit Luden deß gseigekrnechts
tochter daselbsten solte begangen
haben. aber doch nit eigentlich wöln
Daß Meitlei eint Tötlen an tag konen
Asoldem eyde von Vah statt vnd
Landt snh uf gund vnd khoßfende
boßerung gespprißen ward.
Nchlaus Elias deßsaus
hendlers unehelicher soß sandtshanß
Jacob Mörigker alß iungelauben
dieselben sindt gestogtss tags den
2. jan 16f8 l beselch nahhi bhuhen
sern erlachs abeleben verhafften</Unicode>
            </TextEquiv>
        </TextRegion>
        <TextRegion orientation="0.0" id="r2" custom="readingOrder {index:1;}">
            <Coords points="1800,290 1800,3477 2996,3477 2996,290"/>
            <TextLine id="r2l1" custom="readingOrder {index:0;}">
                <Coords points="1935,533 2278,426 2547,381 2667,405 2708,360 2937,311 2924,244 2807,221 2738,278 2257,340 2126,435 2060,401 1997,453 1919,448"/>
                <Baseline points="1941,521 1990,503 2040,486 2089,471 2139,458 2188,445 2238,433 2287,423 2337,414 2386,405 2436,397 2485,389 2535,381 2584,373 2634,366 2683,358 2733,351 2782,342 2832,334 2881,325 2931,315"/>
                <TextEquiv>
                    <Unicode>er tie dactl et</Unicode>
                </TextEquiv>
            </TextLine>
            <TextLine id="r2l2" custom="readingOrder {index:1;}">
                <Coords points="1945,635 2085,534 2586,479 2636,435 2939,381 2934,307 2663,407 2551,384 2324,447 2222,438 2021,490 1930,556"/>
                <Baseline points="1943,585 1992,566 2042,550 2092,534 2142,520 2192,507 2241,495 2291,485 2341,475 2391,466 2441,458 2490,449 2540,441 2590,432 2640,424 2690,416 2739,408 2789,399 2839,388 2889,378 2939,366"/>
                <TextEquiv>
                    <Unicode>e ies ge e </Unicode>
                </TextEquiv>
            </TextLine>
            <TextLine id="r2l3" custom="readingOrder {index:2;}">
                <Coords points="1952,652 2419,576 2488,518 2603,537 2638,496 2891,471 2939,443 2928,392 2825,394 2740,449 2647,433 2576,485 2402,482 2355,524 2240,504 2099,560 2048,544 1946,624"/>
                <Baseline points="1958,641 2006,628 2055,617 2103,605 2152,594 2201,582 2249,572 2298,560 2346,550 2395,538 2444,528 2492,518 2541,508 2589,499 2638,489 2687,480 2735,471 2784,462 2832,454 2881,446 2930,438"/>
                <TextEquiv>
                    <Unicode>inderlich also auch hernach samptlich</Unicode>
                </TextEquiv>
            </TextLine>
            <TextLine id="r2l4" custom="readingOrder {index:3;}">
                <Coords points="1940,714 2267,634 2347,655 2450,602 2541,627 2595,563 2956,520 2940,444 2859,453 1931,671"/>
                <Baseline points="1946,707 1998,695 2051,684 2103,671 2156,660 2208,648 2261,637 2314,626 2366,615 2419,604 2471,593 2524,582 2576,572 2629,563 2682,552 2734,543 2787,532 2839,523 2892,513 2945,503"/>
                <TextEquiv>
                    <Unicode>nit ernsthafftes sexamintert unnd und</Unicode>
                </TextEquiv>
            </TextLine>
            <TextLine id="r2l5" custom="readingOrder {index:4;}">
                <Coords points="1863,628 1879,614 1901,604 1916,589 1871,544 1866,549 1866,569 1862,585 1842,589 1842,595 1836,601"/>
                <Baseline points="1886,641 1881,616 1888,600 1914,597"/>
                <TextEquiv>
                    <Unicode>s</Unicode>
                </TextEquiv>
            </TextLine>
            <TextLine id="r2l6" custom="readingOrder {index:5;}">
                <Coords points="1894,846 1985,777 2090,782 2150,723 2765,643 2817,601 2908,617 2948,581 2938,528 2762,583 2593,569 2541,627 2427,607 2350,660 2267,635 1877,762"/>
                <Baseline points="1893,801 1945,785 1997,769 2050,754 2102,741 2155,729 2207,717 2260,705 2312,696 2365,687 2417,676 2469,668 2522,659 2574,651 2627,641 2679,633 2732,623 2784,615 2837,604 2889,594 2942,584"/>
                <TextEquiv>
                    <Unicode>ttin e de </Unicode>
                </TextEquiv>
            </TextLine>
            <TextLine id="r2l7" custom="readingOrder {index:6;}">
                <Coords points="1920,900 1998,837 2241,787 2530,774 2676,722 2724,749 2855,686 2951,744 2991,720 2967,585 2902,633 2349,690 2282,731 2136,734 2052,801 1904,804"/>
                <Baseline points="1922,867 1974,851 2027,835 2079,821 2132,808 2185,797 2237,787 2290,777 2343,768 2395,760 2448,752 2501,744 2553,737 2606,730 2659,723 2711,715 2764,706 2817,698 2869,689 2922,679 2975,668"/>
                <TextEquiv>
                    <Unicode>zun unehrlichen buben wüßenschafft haben</Unicode>
                </TextEquiv>
            </TextLine>
            <TextLine id="r2l8" custom="readingOrder {index:7;}">
                <Coords points="1916,954 2310,853 2385,877 2440,833 2568,849 2705,800 3005,778 2995,719 2950,745 2850,694 2788,754 2683,721 2267,833 2058,829 1909,907"/>
                <Baseline points="1922,941 1975,925 2029,912 2082,899 2136,887 2189,877 2243,867 2296,857 2350,848 2403,841 2457,832 2511,824 2564,817 2618,810 2671,803 2725,795 2778,788 2832,780 2885,772 2939,763 2993,753"/>
                <TextEquiv>
                    <Unicode>wollen, uß waß anlaß, see vor etwas</Unicode>
                </TextEquiv>
            </TextLine>
            <TextLine id="r2l9" custom="readingOrder {index:8;}">
                <Coords points="1919,1065 1985,999 2157,1000 2231,965 2298,990 2418,916 2456,939 2666,893 2741,921 2790,875 2908,853 2854,797 2562,849 2442,833 2384,877 2311,852 1902,959"/>
                <Baseline points="1917,1007 1966,996 2015,987 2064,976 2113,968 2162,959 2211,951 2261,943 2310,935 2359,927 2408,921 2457,913 2506,906 2555,899 2605,892 2654,885 2703,878 2752,870 2801,863 2850,856 2900,848"/>
                <TextEquiv>
                    <Unicode>zeits by nsacht und näbel is schelli</Unicode>
                </TextEquiv>
            </TextLine>
            <TextLine id="r2l10" custom="readingOrder {index:9;}">
                <Coords points="1914,1095 2138,1065 2184,1026 2325,1063 2382,1004 2944,939 2941,845 2869,912 2667,889 2386,928 2312,987 2021,994 1910,1063"/>
                <Baseline points="1920,1086 1971,1074 2022,1062 2073,1051 2125,1041 2176,1031 2227,1024 2278,1016 2330,1008 2381,1001 2432,995 2483,988 2535,980 2586,975 2637,968 2688,961 2740,955 2791,946 2842,938 2893,930 2945,920"/>
                <TextEquiv>
                    <Unicode>meister Schärs huß, so träfner wyß</Unicode>
                </TextEquiv>
            </TextLine>
            <TextLine id="r2l11" custom="readingOrder {index:10;}">
                <Coords points="1893,1226 2097,1124 2303,1100 2369,1128 2418,1082 2529,1107 2627,1046 2849,1058 2996,1013 2985,933 2876,938 2801,1008 2679,962 2502,1033 2382,1007 2325,1063 2149,1053 1877,1114"/>
                <Baseline points="1893,1176 1947,1162 2002,1149 2057,1137 2112,1126 2166,1115 2221,1106 2276,1097 2331,1088 2385,1081 2440,1074 2495,1066 2550,1061 2604,1054 2659,1047 2714,1041 2769,1035 2823,1028 2878,1022 2933,1015 2988,1008"/>
                <TextEquiv>
                    <Unicode>gestigen, und was jene tharzu Bursachet</Unicode>
                </TextEquiv>
            </TextLine>
            <TextLine id="r2l12" custom="readingOrder {index:11;}">
                <Coords points="1872,1263 2331,1177 2406,1208 2467,1154 2771,1119 2836,1162 2970,1093 2962,1035 2895,1079 2795,1036 2696,1099 2585,1063 2481,1127 2422,1096 2240,1137 2182,1110 2073,1197 1933,1186 1867,1227"/>
                <Baseline points="1878,1253 1932,1241 1986,1229 2040,1219 2095,1209 2149,1199 2203,1191 2257,1184 2312,1176 2366,1168 2420,1161 2474,1153 2529,1147 2583,1141 2637,1135 2691,1129 2746,1123 2800,1116 2854,1110 2908,1103 2963,1097"/>
                <TextEquiv>
                    <Unicode>chtte. Hatter zur antwart geben</Unicode>
                </TextEquiv>
            </TextLine>
            <TextLine id="r2l13" custom="readingOrder {index:12;} person {offset:9; length:17;}">
                <Coords points="1887,1349 1959,1373 2042,1304 2213,1268 2982,1207 2977,1167 2757,1179 2679,1135 2617,1196 2475,1159 2408,1208 2331,1177 2186,1233 1876,1261"/>
                <Baseline points="1892,1328 1946,1317 2000,1307 2054,1298 2108,1289 2162,1281 2216,1272 2270,1265 2324,1257 2378,1250 2432,1243 2486,1237 2540,1231 2594,1226 2648,1220 2702,1215 2756,1209 2810,1204 2864,1199 2918,1196 2972,1190"/>
                <TextEquiv>
                    <Unicode>Er habe, Hanß Rudt Kausten frauw ab¬</Unicode>
                </TextEquiv>
            </TextLine>
            <TextLine id="r2l14" custom="readingOrder {index:13;}">
                <Coords points="1908,1445 1977,1396 2232,1356 2533,1327 2602,1377 2663,1316 2775,1303 2937,1335 3005,1299 2997,1225 2949,1243 2891,1196 2764,1261 2612,1221 2505,1273 2333,1262 2275,1326 2043,1305 1985,1363 1900,1370"/>
                <Baseline points="1910,1403 1964,1393 2018,1383 2072,1374 2127,1366 2181,1358 2235,1351 2290,1344 2344,1337 2398,1332 2453,1326 2507,1321 2561,1316 2615,1311 2670,1308 2724,1304 2778,1299 2833,1295 2887,1290 2941,1286 2996,1281"/>
                <TextEquiv>
                    <Unicode>gemelten upaigkers müstehr, inne etliche</Unicode>
                </TextEquiv>
            </TextLine>
            <TextLine id="r2l15" custom="readingOrder {index:14;}">
                <Coords points="1834,1513 2644,1406 2787,1402 2887,1466 2988,1399 2981,1314 2880,1309 2816,1374 2694,1321 2600,1380 2536,1334 2266,1389 2064,1379 1830,1465"/>
                <Baseline points="1841,1500 1898,1490 1955,1479 2012,1469 2069,1460 2126,1452 2183,1445 2240,1438 2297,1431 2354,1426 2411,1421 2468,1416 2525,1413 2582,1408 2639,1406 2696,1403 2753,1400 2810,1398 2867,1397 2924,1395 2981,1394"/>
                <TextEquiv>
                    <Unicode>Nacht beherbriget, und als er iren clagt,</Unicode>
                </TextEquiv>
            </TextLine>
            <TextLine id="r2l16" custom="readingOrder {index:15;}">
                <Coords points="1893,1587 2195,1530 2399,1550 2468,1518 2531,1559 2598,1504 2894,1499 2887,1417 2804,1462 2636,1409 2569,1467 2497,1421 2432,1483 2286,1449 2237,1483 2040,1469 1950,1541 1887,1517"/>
                <Baseline points="1899,1580 1948,1568 1997,1558 2046,1551 2096,1543 2145,1536 2194,1530 2244,1525 2293,1520 2342,1517 2392,1514 2441,1511 2490,1508 2539,1505 2589,1503 2638,1500 2687,1497 2737,1494 2786,1491 2835,1487 2885,1482"/>
                <TextEquiv>
                    <Unicode>er habe einzeit lang by gesagtem</Unicode>
                </TextEquiv>
            </TextLine>
            <TextLine id="r2l17" custom="readingOrder {index:16;} place {offset:0; length:13;}">
                <Coords points="1854,1667 2147,1623 2237,1666 2334,1615 2517,1597 2563,1629 2960,1571 2955,1516 2893,1496 2811,1542 2589,1516 2532,1558 2467,1519 2398,1550 2197,1530 1967,1616 1909,1585 1850,1611"/>
                <Baseline points="1860,1659 1914,1650 1969,1642 2023,1634 2078,1629 2132,1624 2187,1619 2241,1614 2296,1611 2350,1607 2405,1604 2460,1599 2514,1596 2569,1593 2623,1590 2678,1586 2732,1582 2787,1577 2841,1571 2896,1566 2951,1559"/>
                <TextEquiv>
                    <Unicode>Schlaelimeist gediennet, sy ime aber</Unicode>
                </TextEquiv>
            </TextLine>
            <TextLine id="r2l18" custom="readingOrder {index:17;}">
                <Coords points="1853,1763 1990,1716 2180,1709 2334,1761 2474,1688 2607,1720 2977,1686 2984,1604 2845,1575 2573,1635 2517,1596 2424,1660 2282,1623 2236,1666 2163,1624 1998,1694 1848,1682"/>
                <Baseline points="1859,1739 1915,1730 1971,1722 2027,1715 2083,1709 2139,1704 2195,1700 2251,1697 2307,1692 2363,1691 2420,1689 2476,1686 2532,1685 2588,1683 2644,1682 2700,1680 2756,1679 2812,1677 2868,1676 2924,1673 2981,1670"/>
                <TextEquiv>
                    <Unicode>da danen vell Lohn In werden, habe sein</Unicode>
                </TextEquiv>
            </TextLine>
            <TextLine id="r2l19" custom="readingOrder {index:18;}">
                <Coords points="1850,1830 2078,1857 2159,1791 2291,1833 2404,1788 2610,1810 2786,1774 2901,1811 2983,1789 2981,1707 2876,1680 2815,1726 2722,1685 2576,1728 2475,1688 2335,1761 2111,1711 1848,1763"/>
                <Baseline points="1857,1812 1915,1808 1974,1802 2033,1799 2092,1794 2151,1791 2210,1789 2269,1787 2328,1784 2387,1782 2445,1781 2504,1781 2563,1779 2622,1778 2681,1778 2740,1778 2799,1776 2858,1776 2917,1776 2976,1776"/>
                <TextEquiv>
                    <Unicode>kaußes fr ime gesagt, wylls dem also</Unicode>
                </TextEquiv>
            </TextLine>
            <TextLine id="r2l20" custom="readingOrder {index:19;}">
                <Coords points="1874,1911 2971,1875 2931,1815 2795,1838 2722,1785 2401,1835 2159,1791 2079,1867 2007,1824 1873,1832"/>
                <Baseline points="1881,1901 1935,1894 1989,1890 2043,1885 2097,1883 2151,1880 2205,1878 2259,1876 2313,1875 2367,1874 2422,1874 2476,1874 2530,1874 2584,1874 2638,1874 2692,1874 2746,1874 2800,1874 2854,1872 2908,1872 2963,1871"/>
                <TextEquiv>
                    <Unicode>so schade els nüt, wan er schon etwasn</Unicode>
                </TextEquiv>
            </TextLine>
            <TextLine id="r2l21" custom="readingOrder {index:20;}">
                <Coords points="1870,2000 2327,1969 2438,2008 2663,1975 2805,2042 2929,1983 2928,1896 2694,1880 2525,1955 2432,1873 2366,1915 2171,1881 2074,1927 2028,1895 1870,1921"/>
                <Baseline points="1877,1988 1929,1983 1981,1980 2033,1978 2085,1976 2138,1973 2190,1971 2242,1971 2294,1970 2346,1970 2399,1970 2451,1971 2503,1971 2555,1972 2607,1973 2660,1974 2712,1974 2764,1976 2816,1976 2868,1976 2921,1976"/>
                <TextEquiv>
                    <Unicode>solck, vnd anders nemen, das er zuge</Unicode>
                </TextEquiv>
            </TextLine>
            <TextLine id="r2l22" custom="readingOrder {index:21;} person {offset:0; length:4;}">
                <Coords points="1864,2095 2056,2062 2120,2106 2263,2054 2683,2104 2727,2078 2769,2121 2961,2075 2962,2045 2756,2050 2620,1975 2530,2035 2396,1985 2302,2014 2105,1985 1952,2027 1865,2002"/>
                <Baseline points="1872,2069 1926,2063 1980,2060 2034,2057 2088,2055 2142,2054 2196,2054 2250,2054 2304,2055 2358,2057 2413,2058 2467,2061 2521,2063 2575,2066 2629,2067 2683,2069 2737,2072 2791,2072 2845,2073 2899,2073 2954,2072"/>
                <TextEquiv>
                    <Unicode>Gott ein gefallen daran, daruf nun</Unicode>
                </TextEquiv>
            </TextLine>
            <TextLine id="r2l23" custom="readingOrder {index:22;}">
                <Coords points="1881,2188 1955,2152 2132,2201 2200,2150 2406,2143 2516,2188 2631,2161 2706,2212 2780,2167 2977,2178 2980,2091 2772,2127 2714,2085 2236,2056 2114,2112 1984,2070 1883,2131"/>
                <Baseline points="1890,2144 1944,2141 1998,2139 2052,2138 2106,2138 2160,2138 2214,2139 2268,2140 2322,2142 2376,2144 2430,2145 2484,2148 2538,2150 2592,2153 2646,2155 2700,2157 2754,2160 2808,2162 2862,2163 2916,2165 2970,2165"/>
                <TextEquiv>
                    <Unicode> beid zu zier underschadenlichen malen</Unicode>
                </TextEquiv>
            </TextLine>
            <TextLine id="r2l24" custom="readingOrder {index:23;}">
                <Coords points="1862,2248 1929,2284 1989,2251 2294,2276 2340,2242 2452,2291 2511,2247 2617,2293 2821,2263 2944,2299 2980,2233 2781,2167 2606,2224 2479,2150 2385,2210 2300,2144 2132,2201 2056,2169 2009,2206 1865,2194"/>
                <Baseline points="1871,2226 1928,2226 1986,2226 2044,2228 2102,2228 2160,2230 2218,2231 2275,2234 2333,2237 2391,2238 2449,2242 2507,2244 2565,2248 2622,2251 2680,2254 2738,2258 2796,2261 2854,2265 2912,2269 2970,2273"/>
                <TextEquiv>
                    <Unicode>ehinganges und knntlest einer leiteren</Unicode>
                </TextEquiv>
            </TextLine>
            <TextLine id="r2l25" custom="readingOrder {index:24;}">
                <Coords points="1831,2325 1956,2351 2003,2314 2053,2354 2282,2320 2597,2407 2717,2365 2922,2373 2925,2328 2741,2340 2685,2293 2616,2328 2511,2246 2451,2292 2340,2242 2143,2289 1991,2249 1926,2288 1836,2239"/>
                <Baseline points="1838,2316 1891,2313 1945,2313 1999,2313 2053,2313 2107,2315 2161,2318 2215,2320 2269,2324 2323,2328 2377,2332 2430,2336 2484,2340 2538,2345 2592,2349 2646,2353 2700,2357 2754,2361 2808,2364 2862,2366 2916,2367"/>
                <TextEquiv>
                    <Unicode>eachtlicher wyl ame schwr in ein</Unicode>
                </TextEquiv>
            </TextLine>
            <TextLine id="r2l26" custom="readingOrder {index:25;}">
                <Coords points="1815,2431 2256,2420 2459,2442 2523,2492 2589,2446 2765,2520 2829,2475 2924,2495 2929,2437 2721,2368 2656,2416 2551,2413 2357,2338 2120,2327 2049,2359 2002,2314 1957,2350 1823,2319"/>
                <Baseline points="1824,2405 1878,2402 1933,2400 1988,2400 2043,2402 2097,2403 2152,2405 2207,2408 2262,2411 2316,2417 2371,2421 2426,2426 2481,2431 2535,2438 2590,2443 2645,2448 2700,2454 2754,2460 2809,2465 2864,2469 2919,2474"/>
                <TextEquiv>
                    <Unicode>Bnlach gestiget und volgende saches</Unicode>
                </TextEquiv>
            </TextLine>
            <TextLine id="r2l27" custom="readingOrder {index:26;}">
                <Coords points="1828,2491 2194,2494 2953,2607 2961,2521 2868,2477 2785,2533 2670,2477 2529,2505 2460,2442 2374,2431 2278,2478 2111,2469 2019,2415 1835,2419"/>
                <Baseline points="1836,2483 1891,2483 1947,2483 2002,2484 2058,2486 2114,2490 2169,2494 2225,2498 2281,2505 2336,2511 2392,2518 2448,2524 2503,2531 2559,2538 2615,2545 2670,2551 2726,2558 2782,2563 2837,2568 2893,2573 2949,2576"/>
                <TextEquiv>
                    <Unicode>daruß genamen, alß namlichen etlich</Unicode>
                </TextEquiv>
            </TextLine>
            <TextLine id="r2l28" custom="readingOrder {index:27;}">
                <Coords points="1847,2584 1897,2561 1976,2617 2089,2584 2460,2615 2616,2673 2920,2675 2943,2640 2841,2586 2774,2607 2587,2545 2365,2528 2186,2568 2025,2487 1856,2499"/>
                <Baseline points="1856,2561 1909,2564 1963,2567 2017,2570 2071,2575 2125,2580 2179,2585 2232,2591 2286,2597 2340,2603 2394,2610 2448,2617 2502,2623 2556,2629 2609,2635 2663,2641 2717,2646 2771,2652 2825,2656 2879,2659 2933,2663"/>
                <TextEquiv>
                    <Unicode>Stükli Läder en nüke bar ihu, daß</Unicode>
                </TextEquiv>
            </TextLine>
            <TextLine id="r2l29" custom="readingOrder {index:28;} person {offset:26; length:8; continued:true;}">
                <Coords points="1848,2658 2004,2657 2186,2730 2298,2689 2444,2739 2518,2722 2573,2768 2708,2743 2931,2791 2945,2716 2844,2731 2735,2653 2616,2673 2576,2636 2326,2602 2101,2599 2032,2641 1897,2562 1857,2580"/>
                <Baseline points="1856,2642 1909,2645 1963,2649 2017,2655 2071,2661 2125,2667 2179,2674 2232,2680 2286,2688 2340,2696 2394,2702 2448,2711 2502,2717 2556,2725 2609,2731 2663,2738 2717,2745 2771,2751 2825,2756 2879,2759 2933,2763"/>
                <TextEquiv>
                    <Unicode>Läder aber habend sy beid Gabariel</Unicode>
                </TextEquiv>
            </TextLine>
            <TextLine id="r2l30" custom="readingOrder {index:29;} person {offset:0; length:7; continued:true;}">
                <Coords points="1800,2737 2067,2752 2160,2819 2252,2780 2889,2871 2875,2823 2718,2816 2626,2740 2554,2767 2279,2694 2187,2731 2014,2663 1810,2664"/>
                <Baseline points="1809,2727 1862,2731 1916,2735 1970,2740 2023,2746 2077,2751 2131,2758 2184,2766 2238,2773 2292,2781 2346,2789 2399,2796 2453,2806 2507,2813 2560,2821 2614,2828 2668,2836 2721,2842 2775,2848 2829,2853 2883,2856"/>
                <TextEquiv>
                    <Unicode>küösfer zugebracht, der jedem ein</Unicode>
                </TextEquiv>
            </TextLine>
            <TextLine id="r2l31" custom="readingOrder {index:30;}">
                <Coords points="1849,2821 1995,2873 2095,2842 2291,2869 2326,2905 2388,2887 2458,2963 2558,2927 2895,2980 2917,2922 2656,2840 2435,2866 2320,2787 2166,2822 2049,2758 1967,2792 1855,2777"/>
                <Baseline points="1857,2814 1909,2816 1961,2821 2013,2825 2066,2831 2118,2839 2170,2845 2223,2854 2275,2863 2327,2872 2380,2881 2432,2890 2484,2900 2536,2909 2589,2919 2641,2927 2693,2937 2746,2944 2798,2952 2850,2958 2903,2964"/>
                <TextEquiv>
                    <Unicode>bar schu daruß gemacht habe, den</Unicode>
                </TextEquiv>
            </TextLine>
            <TextLine id="r2l32" custom="readingOrder {index:31;}">
                <Coords points="1846,2898 1966,2944 2116,2924 2200,2972 2266,2952 2508,3000 2550,3046 2635,3023 2888,3078 2898,3020 2824,2978 2656,2982 2558,2928 2459,2963 2382,2885 1853,2861"/>
                <Baseline points="1854,2894 1905,2897 1956,2904 2008,2910 2059,2917 2111,2925 2162,2934 2214,2943 2265,2953 2317,2962 2368,2972 2419,2982 2471,2992 2522,3002 2574,3012 2625,3022 2677,3031 2728,3040 2780,3049 2831,3056 2883,3063"/>
                <TextEquiv>
                    <Unicode>machtela habent sy mit 8 klobe</Unicode>
                </TextEquiv>
            </TextLine>
            <TextLine id="r2l33" custom="readingOrder {index:32;}">
                <Coords points="1828,2974 2132,3054 2460,3079 2536,3152 2666,3123 2915,3174 2925,3119 2876,3078 2685,3095 2564,3064 2509,3001 1966,2943 1842,2897"/>
                <Baseline points="1836,2967 1889,2977 1943,2987 1997,2997 2050,3007 2104,3017 2158,3026 2211,3036 2265,3046 2319,3056 2373,3067 2426,3077 2480,3086 2534,3097 2587,3107 2641,3117 2695,3127 2748,3136 2802,3145 2856,3154 2910,3164"/>
                <TextEquiv>
                    <Unicode>reütstet, so sy auch kldart genammen be</Unicode>
                </TextEquiv>
            </TextLine>
            <TextLine id="r2l34" custom="readingOrder {index:33;}">
                <Coords points="1785,3080 1930,3134 2236,3125 2496,3222 2590,3199 2900,3257 2907,3219 2790,3196 2755,3149 2616,3181 2396,3070 2212,3095 2053,3009 1991,3031 1806,2973"/>
                <Baseline points="1800,3039 1854,3050 1909,3062 1964,3076 2019,3087 2073,3099 2128,3110 2183,3121 2238,3132 2292,3143 2347,3153 2402,3164 2457,3175 2511,3184 2566,3194 2621,3203 2676,3213 2730,3221 2785,3230 2840,3239 2895,3248"/>
                <TextEquiv>
                    <Unicode>zaht, ttem habent sy auch der</Unicode>
                </TextEquiv>
            </TextLine>
            <TextLine id="r2l35" custom="readingOrder {index:34;}">
                <Coords points="1788,3149 2556,3287 2656,3351 2798,3336 2853,3397 2932,3372 2947,3299 2840,3300 2760,3240 2681,3276 2570,3223 2430,3235 2370,3172 2322,3187 2211,3126 2018,3151 1801,3086"/>
                <Baseline points="1800,3129 1856,3141 1913,3153 1969,3165 2026,3177 2082,3188 2139,3199 2195,3211 2252,3223 2308,3235 2365,3247 2421,3258 2478,3270 2534,3281 2591,3290 2647,3302 2704,3311 2760,3321 2817,3331 2873,3339 2930,3348"/>
                <TextEquiv>
                    <Unicode>gerußenen underschadenlich zugebracht</Unicode>
                </TextEquiv>
            </TextLine>
            <TextLine id="r2l36" custom="readingOrder {index:35;}">
                <Coords points="1840,3252 2619,3394 2964,3506 2963,3405 2650,3351 2564,3292 2374,3312 2293,3231 2080,3230 1945,3152 1856,3175"/>
                <Baseline points="1851,3233 1906,3243 1962,3254 2018,3267 2074,3278 2130,3289 2185,3300 2241,3313 2297,3325 2353,3336 2409,3348 2464,3359 2520,3371 2576,3383 2632,3394 2688,3405 2743,3416 2799,3427 2855,3438 2911,3448 2967,3458"/>
                <TextEquiv>
                    <Unicode>er   e</Unicode>
                </TextEquiv>
            </TextLine>
            <TextEquiv>
                <Unicode>er tie dactl et
e ies ge e 
inderlich also auch hernach samptlich
nit ernsthafftes sexamintert unnd und
s
ttin e de 
zun unehrlichen buben wüßenschafft haben
wollen, uß waß anlaß, see vor etwas
zeits by nsacht und näbel is schelli
meister Schärs huß, so träfner wyß
gestigen, und was jene tharzu Bursachet
chtte. Hatter zur antwart geben
Er habe, Hanß Rudt Kausten frauw ab¬
gemelten upaigkers müstehr, inne etliche
Nacht beherbriget, und als er iren clagt,
er habe einzeit lang by gesagtem
Schlaelimeist gediennet, sy ime aber
da danen vell Lohn In werden, habe sein
kaußes fr ime gesagt, wylls dem also
so schade els nüt, wan er schon etwasn
solck, vnd anders nemen, das er zuge
Gott ein gefallen daran, daruf nun
 beid zu zier underschadenlichen malen
ehinganges und knntlest einer leiteren
eachtlicher wyl ame schwr in ein
Bnlach gestiget und volgende saches
daruß genamen, alß namlichen etlich
Stükli Läder en nüke bar ihu, daß
Läder aber habend sy beid Gabariel
küösfer zugebracht, der jedem ein
bar schu daruß gemacht habe, den
machtela habent sy mit 8 klobe
reütstet, so sy auch kldart genammen be
zaht, ttem habent sy auch der
gerußenen underschadenlich zugebracht
er   e</Unicode>
            </TextEquiv>
        </TextRegion>
    </Page>
</PcGts>
