3024 4032
1672 1517 1789 1589 Im ehe
1685 1570 1750 1624 and
1679 1688 1744 1748 ma
1861 443 2906 708 aiti s 1 Ja siu
1881 550 2928 743 1. gden befelch volgende personen durch eh
1764 610 2911 843 Bendicht warti deß Kleinst rathsfendt
1780 670 2905 896 Herren Großweibel Würstenberger gantz
1813 765 2819 950 eanstw�rttig euminiert worden alß.
1801 874 2437 1035 velgent unndt erstlichen,
1984 936 2772 1148 Mararels Brinißholz.
2055 1053 2773 1190 Clristen mangs eheceb
2047 1111 2799 1250 ron ditliges by alumenstein
2254 1200 2453 1287 purtig
2039 1219 2083 1284 2
1826 1285 2857 1449 achden dero fürgehalten worden, wie
1782 1374 2896 1509 und was stalten sy sich sit zwentzig Jaren
1797 1426 2917 1572 dahar irem fürgeben nach mit irem mahn
1798 1498 2932 1658 Christen mang genampt, erhalten und wor
1816 1579 2889 1707 mit sit derselben zeitan umbgangen, hat
1810 1651 2929 1793 un angezeigt, daß sy anfenklichen und znvor
1809 1742 2845 1871 ein gute zeit gesienet auch zu Schoren
1800 1808 2868 1934 mit einanderes hußheblichen gewonet
1795 1885 2914 1995 ir mahn das sather Handwerek getriben,
1738 1971 2905 2074 biß vor wenig Jaren, das er sich böser ge¬
1805 2058 2937 2195 flschufft angenommen und gelt heimbbrachte
1791 2129 2939 2245 habe er igen alwegen fürgeben, söliches mit
1779 2194 2808 2351 debeiten vnd werken gefrunnen habe,
1753 2312 2837 2488 Dene mit half eines Keßlers Hanß Rudi
1770 2423 2774 2558 genampt habe gedachten, er mahn zu
1717 2498 2840 2639 Higrißwyl dwren rökgenomen, wro er
1780 2559 2823 2738 aber mit denselben hinkomen, sye Jra
1772 2643 2172 2773 mit in w�ßen.
1747 2782 2844 2955 worumb sy abersampt iren maß knndt
1732 2884 2811 2997 kinden deß weg Jos Basel uf Frenisperg
1773 2954 2790 3090 genamen, sye ein saldat, so by 14 tager
1718 3022 2816 3150 by iuen geweßen und daselbst neben fetthin
1773 3082 2852 3202 gefürt, die ursach, Hasenit aber niemand
1785 3154 2762 3269 in zit entfraubdet hiette gott und
1778 3223 2756 3342 ein gnedige oberkeit umb gnad, kunde
1750 3287 2041 3404 verzychung,
1767 3382 2788 3519 des 26. ang 1647 ist gemelte Margreth
1781 3462 2768 3577 ut ein gute consur wider ledig gelaßsen und
1780 3537 2386 3634 hannet gewißen worden
