3024 4032
708 246 1650 562 den beentehelte
693 354 1639 605 Ppienispert alhar gebrachtn worde.
706 430 1635 698 do flüfisch und veglistige wyssah
711 528 1638 727 niren und ußryßen wellen snnd
695 586 1631 797 waß sonsten hefhero sein hen unnd
695 639 1657 886 Lätsereßen gsen, Hat ehn geantworen
683 745 1650 953 ußtrit ß keiner anderes ursach geschehn
701 806 1673 1032 ihe, das ers forcht der Marfter haben
685 885 1649 1090 aber jezuscht in willens ghab, sich in
668 955 1663 1180 Fuß mit wyb vnd kindet zubegeben
633 1044 1651 1239 und eines seines zu Scharren habenden
664 1142 1674 1316 Vettern, Gh derselblich Jma vmb arbeit
687 1232 1643 1386 verhelffe) beten wellet, daß er
684 1295 1666 1475 aber über Bienan samelte diebstäb
680 1387 1652 1564 In verneren und mehreren unthatsen
599 1453 1643 1632 ndelekstäl oder sonsten zu Köseren
695 1564 1636 1707 under und castergn sich habe ver-
684 1642 1650 1770 griffen und gebauchen lassen, erde
661 1714 1635 1858 sich keines wregs uf june erfenden,
677 1796 1649 1919 oder von jemandts einiche chlag sag
669 1892 1627 2020 das er beßert vorgendem, sich ehrlich
686 1973 1619 2101 veerhaltes, allein mithin etwas
668 2059 1645 2197 des junger zu büßen wenig obßes
617 2132 1630 2282 und ruben genomen. Wo er aber
692 2227 1658 2361 anders lagen, ime selbs groß unrest
662 2306 1631 2458 thun wurde Beth gott und ein
665 2397 1632 2542 shache oberkeit umb gnad und ver
614 2492 953 2653 ychung,
688 2589 1647 2779 Ist 2. färi g 2 mal mit dem kleinen
645 2711 1643 2854 stein und das dritmal 2 mal mit ser
629 2782 1520 2944 Stelnen uffgezogen worden
1679 744 1708 842 d
1854 179 2620 504 ndei
1721 305 2847 668 ertehe e
1758 415 2808 736 gee
1739 479 2846 808 gea in ti in
1795 595 2808 890 en  de hee
1757 657 2840 939 ufteignet zero stand an de halßysen
1761 738 2812 1017 bestelt und mit dem eindevor statt und
1728 906 2377 1122 e li din indeo .
1769 1240 2604 1448 Adma shuid purten
1814 1332 2548 1538 zu frouwen Cappetes sanst
1847 1400 2484 1591 genampt Copellen ahn
1716 1646 2803 1829 dieselbige ist uf hit den 23. Augusti 16
1766 1759 2875 1885 ars mit dem umpset, ss by sein h ßilchem
1750 1832 2940 1971 Hirzen deß Bleineß H Habertel Wyscher
1765 1914 2834 2049 deß großen raths und h Großweibel
1680 1998 2820 2134 bich fürstenbergers vermagh j gch alles
1780 2058 2861 2192 eenstes craminiert und geferket worden.
1782 2142 2859 2274 nit allem anzuheigen, wo sy fals eine, die
1767 2208 2859 2350 deßeliebischen wräsens und stälens wol
1764 2284 2885 2446 brricht seit sölle) shin und wider zugriffe.
1665 2341 1754 2410 wie es
1779 2394 2911 2530 anderen aufh irer zweyen unehelisen kinder
1682 2434 1754 2502 und
1785 2455 2873 2627 am dieselbeß zugehörig ein bechaffenheit
1749 2492 2875 2689 habe, Hat sy tharuber vermeldet, wie
1755 2592 2854 2802 daß syby enan sohneacher gsellet,
1740 2654 2875 2873 wserheliger genampt vorestagaß fare
1755 2739 2866 2989 ein unehtlich kinde ertüget daßselbig zu
1745 2823 2888 3053 wrachselwald tauffts laßen, habe aber
1721 2900 2627 3109 daselbsten, darumb abgefusn
1676 2988 2787 3259 So sie sy vor unpfare erged wuchen,
1733 3093 2853 3354 deßerumb eines anderen amnts genäßen,
1746 3164 2804 3407 welicher Bendicht Peter zu Elißpry
1746 3230 2864 3520 Kueerner gebiets zugehort  erselbig
2777 46 2869 152 4.
2909 2608 2947 2665 8
