3024 4032
626 340 1557 622 ster sete ete ende sen
575 386 1584 683 Den  antenen ig
614 504 1556 732 und er suchzuhme kein bößer wchleg mit
613 562 1588 802 getragen) abholen, und nachhin manen
640 671 1600 880 wellen, die stuhwgt ime epfangen
594 708 1596 951 Er könne sich abersaut trunere, wie
620 833 1600 1050 hürgangen, das er habe uermeint er
617 893 1556 1100 gapfte Inne der Kartzen Psarria
590 954 1601 1208 her jmne schon etliche mal ubel zerschagen
624 1068 1494 1232 und nach werners, inne zuschlachen
1483 1197 1587 1289 sige
632 1133 1558 1330 träünet, da sye ime iy sind kanen
625 1205 1576 1419 wylen er gehaptem ihaer zuschwach
597 1295 1566 1483 sich gegenstige zuwehren, wie er¬
623 1347 1567 1557 könn Send mueges daß er aber
643 1457 1566 1643 vorhabens zum. inne umb sein lab
645 1511 1578 1719 gebringen, sye es ganzt unß gerüt
573 1640 1566 1833 Waß dan daß bloß wehen belanget,
594 1763 1578 1894 Sye er sein libtags ielnalen mit dem
596 1837 1571 1986 Weer, in vermaltem Höltzli gsin, das
642 1911 1575 2050 man Inne für den fähen werden
379 1949 642 2067 4 und sann
656 1987 1558 2124 angesechen hhabent Habe auch wei
394 2032 656 2108 sich nit versinen.
383 2073 1587 2218 wan er sein d3 fliches gewartet, nach einich dieb
376 2130 650 2220 wehr getragen.
391 2159 1548 2282 hetten stal nit verbracht nach verbraogen
612 2233 1567 2368 helffen, danders seilmer sich jeder
573 2310 1582 2443 eit ehrlich und redlich mit styb und
359 2407 1585 2574 gvnrezagek nich ane selag brüert und eralten
568 2559 1583 2713 Betend beid frungenlich und mut gebagen
542 2642 1558 2808 Bauwen Gott de. Herr vns Sgd
584 2726 1284 2873 umb gnedigke verzeichtngg.
602 2844 1550 3016 Ist ouch 1 malllär und 1 mahmit
614 2926 1544 3085 dem kleinen stein uffgezogn worden.
563 3128 1485 3352 es 17. junii 48 ist melcher muffl
575 3224 1520 3463 Ins schallenwerkh erkent worden und
597 3307 1529 3540 alde ol enthalten werden, biß man nach
604 3380 1495 3623 senes gleth mer kas Hut landbei
602 3467 1411 3732 elchen vendgeshlb
2752 308 2851 402 36
1925 417 2735 652 Anna Grunysen
2034 554 2583 714 a wunist.
1750 712 2758 903 Iden 20. juni 1648 jans wege
1719 762 2793 984 Iges viertes Hurenhälers und and
1739 843 2781 1050 Naches fhalb mit stutfs ußgeschmeitzt
1642 917 2782 1160 r von stutt und landt eidlichen fwisen.
1789 940 2863 1153 und durch die prangen biß uf grenzen
1766 1103 2294 1251 begleittet worde.
1625 1216 1694 1293 13
1900 1565 2843 1716 Hans Jacob Guundt von
1932 1671 2623 1791 Hamburg seines brufs ein schreyer.
1774 1871 2837 2012 Derselbgeigt an, daßer schon bey 18 jahren in dißen
1798 1965 2870 2084 landen und mit seiner wahr und sachen sich erhalten,
1801 2024 2801 2153 also daß er in sölcher zeit mit seinem by sich
1789 2096 2840 2209 habenden wyb und 33 smweg niemand uber
1798 2169 2826 2306 legen gsin etc. Waß dan die kinder belanget,
1761 2243 2828 2385 zeigt die frouw an, ihr man welle dieselben
1798 2322 2789 2443 uf seinem alß dem leterischen Glouben
1774 2395 2850 2532 wewol sy catolisch d uferzühen,. och was
1784 2478 2674 2600 sy könne, So were es ihren lieb, wan
1803 2561 2837 2707 solche uf ihren glauben, in dem sy absterben
1790 2652 2344 2777 wolle, bringen könte.
1773 2779 2718 2943 Dißer ist nit einer erdtsglüpt in
1803 2888 2717 3009 sein heinet verwißen worden, wylen von
1816 2965 2743 3070 selbigen nützit vngepur oder vnehrlichs ver¬
1816 3024 2746 3148 nemmen können actum uf letst gehaltner
1789 3086 2524 3219 land jeger im jano 1648.
