3024 4032
798 313 1731 658 d enen len
808 449 1682 688 genampt is ein speycher gebrachet.
798 502 1727 762 zwilches und ein bax Wüllismans
788 577 1725 835 hoßen. Item 8 ellen tuch, etlich wyben
818 654 1684 907 embli unnd zerey manßHembli
795 719 1390 909 daruß ein frnbdet
803 872 1715 1103 zu stunkhofen, aber malen ein stycher
809 963 1676 1174 geöffnet und den bar shu darfuß
808 1060 1069 1160 genamen,
789 1193 1713 1395 Vonner von Greyerz, aber is einen
815 1294 1715 1461 lorf ein spycher geöffnet, zerey stuß
799 1369 1710 1532 flesisch. Heren Eynlachen, vnd etwas
779 1448 1720 1610 Büchße Pulüers, so er mit hilf seine
817 1509 1699 1715 gsanen in einem hholf verbböcht ge
790 1602 1015 1680 moinen
796 1756 1707 1896 den meßen mit holf secks, seiner gslle
801 1844 1709 1978 uß einem keller 9 leibet brot sampt
1285 1923 1449 1974 1gart
823 1924 1695 2044 ettlichen Stränglinen genomen, dlaß
832 1987 1659 2133 brot mit einanderen genoßen
770 2158 1696 2313 Abermalen zu Meßen in den schmit
822 2257 1716 2394 mit hilf seiner gselchen dß einer kelle
815 2331 1687 2478 1. Klein Käßli etwas absez unnd
796 2401 1693 2547 Rübgembisch genamen und mit ein
817 2497 1331 2629 anderen gegäßen,
795 2629 1689 2814 Dim Haberberg is einem dörffli
817 2723 1705 2865 uß einer scthuben da niemants ansent
808 2784 1718 2979 zisemn mit hilf Hanß Für seines gse
810 2911 1268 3062 40 bz genomen,
1359 2968 1535 3089 sher
803 3013 1685 3227 zu Frießwyl mit hilfuon kames so
811 3106 1680 3296 jetzund im Schallenwerk, uß einem
738 3175 1704 3382 Specher deß diebald geöffnet by vng
781 3215 1699 3469 par 25 ellen hußtlich und 2 hecs
841 3296 1690 3528 gestolet, danas ime die hembli s
825 3395 1690 3592 so sollen tuch gebliben, daß uber
828 3463 1533 3691 sen gespreggelihen
2872 228 2958 323 23
1794 430 2991 721 über welichen letsten antug, ime für gewart
1835 506 2957 740 werden, das grad uß dem selkigen sheiter zu sachen.
1849 584 2969 821 gen das is den Christensith gmeind einfaltige
1812 671 2977 905 Käyer deßerorts und nit alles thätter deß
1863 727 2991 951 aber syend, wie aber jn irer ireigmeind
1845 808 3003 1053 sy sich samptlich darfür haltind und werde
1820 916 2966 1118 Mirgend wo funden, das dee häter sich von der
1842 1039 2504 1174 hätteren sunderen sollend,
1793 1119 2983 1321 Anterärt Lac am 19 hab cirus die küüff.
1794 1211 2957 1387 und verkäüffer uß dem sembel vediagt, fra
1783 1284 2972 1467 igende wie er num jez thun wurde, so er j
1806 1361 2959 1547 snsers Fensel komen solte, urmat sein
1851 1443 2956 1598 meinung selbs darüber zugeben, gahb er
1868 1516 2924 1675 nach dem er innor gelauhet weinend in
1880 1607 2909 1779 antwort, ach er wurd aüch selbs uß
1855 1740 1999 1840 lagts,
1833 1807 2964 1952 is ber volgende Evenbel und glychnußen,
1859 1912 2971 2036 alß erstlich deß sägmans gseines samen
1872 1980 3001 2123 uß geworfft, da aber nur der viertetheil
1864 2064 2936 2217 uf gut ertrich kamen, mat am 13. cap.
1806 2169 2936 2341 Deß weitens der mit und under dem
1804 2277 2451 2409 unserut ufgewachßen
1846 2361 2962 2504 deß verräthers judae, von welichem sich die
1866 2449 2989 2595 übrigen hi apostel auch nach grosenbaret
1832 2503 2673 2662 Bräthwey nit abgesunderet,
1839 2613 2888 2794 Deß Frommen lots, der by en Gottloser
1833 2714 2951 2896 Sosamit, Eblih biß das der Engel Gottes
1850 2795 2270 2917 In dar tesl gefürt
1797 2882 2978 3103 At da jo n 2. somot. am 1. Cus snder ander
1837 3000 2922 3173 qualiteten eines kerrers auch vermeldet
1858 3075 2865 3237 wirt, das er die bößen miße duldeo
1874 3171 2148 3279 maget
