3024 4032
782 219 1675 555 dn du  endi en
822 365 1697 639 lnt isi
833 453 1704 723 aen den erhlen
823 532 1713 769 ein blöchen geweßen, weliches er vndt
800 574 1697 846 en slen n ser e e
808 664 1328 810 6 batzen worden.
810 830 1662 1061 zu Großwyl habe er ein keller
830 918 1713 1145 offnet und mit kilf seines gsollen
789 983 1711 1211 Peters 4 lb antet und 4 heiben be
820 1069 1083 1196 enterent
757 1197 1690 1406 Item uß einem Keller daselbstes
807 1300 1691 1482 6. leiben brat, vnd etwas yns mit
819 1376 1706 1551 gesagtem seinem gspanen genomen und
764 1457 1094 1585 genoßen,
1365 1561 1628 1700 i
1348 1658 1462 1738 hr. .
801 1602 1685 1803 Derndriges Jaab zutanzingen habe
790 1719 1681 1856 ein steychhel ufgebrochen, und mit hit
805 1783 1693 1945 obstate 50 ehhen saners tuch 6 ven
780 1870 1699 2011 Henkli dru mans Lemblih en anlerne
764 1944 1685 2078 Wyberkleider unnd ein bar gutluchen
787 2014 1573 2142 ans Hoßen entfrämbdet,
1656 2040 1684 2125 1
775 2186 1659 2344 du Kopingen, habe er sonde sein erat
789 2293 1635 2405 In einem Keller Weyz getrunken
689 2364 1657 2497 Vnd 6. dd 7. necben Erbt daruß ge¬
788 2492 1052 2599 named
754 2533 1682 2732 zu Luterbach Solotharuergebuts vs
777 2638 1643 2783 einem Keller i kuß und 2 leibet
761 2755 1247 2881 brot entzwrackt
717 2826 1657 3040 Abermalen by Auterbach Io dunebet
764 2927 1667 3120 ligenden schlößli uß selbigem kellen
747 3007 1656 3194 so er gebffneste miht silt abstat en
1509 3128 1658 3242 hästet
730 3136 1182 3290 Käst gestelet,
742 3185 1662 3416 Mere mit hilf einsei, so sich veleybe
785 3287 1655 3461 nambsetzzu ostmundig by harbergen sein
732 3328 1657 3584 vstgesrachen, vnd 30 bah darnst ihne
2902 167 2964 243 1
1863 278 2968 624 e een
1876 410 2834 672 sichen gaßen, so sy mit mehler einem
1888 455 2918 724 mäßer den ledeß geössnete 4 anken
1895 519 2948 779 ballen, 3 leiben erot und 1 kräten wol
1873 608 2971 881 Eyer genamen und mit einandere ver
1894 806 2079 913 brucht
1873 761 2900 1041 zudarigen im wirtshuß mit hilf
1860 872 2936 1089 WeltchPeffers uß einan Keller zwrey
1894 926 2939 1148 tukehfleisch und ein maßwys genommen
1871 1070 2355 1236 nd gsselen genstl
1868 1185 2936 1371 zu Waltere mit hilf 5 seiner gsellen,
1864 1274 2920 1449 Ich einem Keller, ein ysin gätter hiinweg
1880 1315 2911 1505 gewegen, ( leib brot vnd zwo Helßen
1878 1420 2990 1580 mich milch daruß genommen und genoßen,
1858 1596 2922 1743 zu Ostermundigen by arberg ein breiten
1858 1694 2965 1823 halb geschlißnet schuth ias enem huß zum
1849 1767 2821 1907 Pfester Pfenstel hinuß genamen,
1875 1958 2993 2105 Im solothurner gebiet mit hilf 4 seiner
1884 2055 2968 2201 jspanen 4 maß rydlen is einem fübli
1806 2107 2472 2254 genamen vnd gäßen,
1827 2226 2845 2405 zu Zillibach mit hlf abstat uf einem
1796 2321 2882 2478 Kellen, so nit beschlüßig gsin, ein maß
1817 2376 2280 2511 ��ffel genameß,
1762 2496 2879 2749 So habe er vnuer von frauwbrinnen
1791 2623 2877 2830 mit hilf pierie de Moche einmmt einem
1792 2668 2817 2899 Burginder by nachte 2 schoppen
1827 2749 2167 2903 enthrambdet.
1774 2919 2876 3197 Sonsten habe er vil seychen. vnd Kellern
1774 2986 2928 3298 Derfn zal, er nit erfansen könne, vfge¬
1819 3113 2847 3337 brachen, aber anders mit das wilche
1795 3157 2877 3433 und brot und etwas sich mithen zube
1789 3215 2455 3441 nderden shanhe
