3024 4032
499 449 646 520 2 mal
652 261 1664 654 a ween
715 412 1679 725 deenn
703 489 1678 823 ve ea
706 569 1622 833 aer nten
637 612 1672 915 achdem aber sy durch Uster des weibel
694 736 1668 997 von irer einfänigkeit wegen, zun stuben
696 802 1673 1064 hauß gefürt und jlug durch wolwaen
699 868 1688 1139 heren daß gmerck geben worden, Jnrs besanden
686 974 1679 1233 bar anzuhalten, sich disers puncenshalben
703 1040 1656 1264 nit halß Barris zuerhahn und vernet de
674 1108 1650 1348 oberkeit sungnade aruber zuerwarthen
688 1201 1676 1421 onders die sach frey unnd und wie es her-
669 1286 1658 1525 gangen, bekennet. Ward sy uf solich zu
657 1375 1668 1582 gevehet, sampt dem Weibel alßfald endes
659 1471 1657 1669 herbß kamen und vemeldet, sy wüße sich
626 1553 1576 1744 daßen zu erinneren, daß sy urt ein zest
1570 1691 1640 1753 Jas
643 1648 1662 1845 Puurts gangen, vmb 5 hhz Kerhen zukeußen,
660 1733 1657 1948 uf elliche sy (wyh dieselben nach nit gemaht,
682 1825 1638 1995 sin) blß sefles abenß wanteh mlssen
654 1929 1638 2106 Nach dem sy aber fimlich spath und nochts
663 2009 1612 2158 widerumb heümb gereiset, habe sy
640 2101 1639 2261 underwegk ein dantz, vnd Ires bedunkens
627 2187 1622 2319 by 12 phorer darby angetroffen, wie aber
619 2261 1610 2398 die wsonen, Es gedachet bekledet, vnd
619 2367 1636 2518 bschaffen gsun möge, sy nit wüßen, das sy
624 2445 1618 2587 nach darby nit genesen, allei jressb
633 2545 1621 2686 Runkens syent sy einstweders grun oder
613 2631 1626 2772 blauer bekheidt gsin, Sy habe aber sich
626 2712 1622 2863 nit lang alda gesmmpt ouch nit danselg
626 2798 1621 2953 andere nur einspfenig zugesech und harus
605 2922 1108 3065 khinweg gang.
567 3030 1609 3240 und abwol sy Barbli laugnet keinelich
590 3137 1589 3358 gethan zuhaben do verblybt doch die
543 3198 1592 3429 Schlifelangen das diesandere der erst
556 3262 1595 3510 danß mit dem Böses kans saf hrer shr
497 3302 1647 3610 nd welle daruf Sterke, so dan die sort
588 3482 1280 3706 sag de hilen schn s
2845 325 2961 436 56
1911 392 2713 574 Barßli Stettleri sonst
1929 468 2730 670 genampt Hammen von Pattehrun den
1952 549 2569 701 handerwertis ceanen
1760 585 2953 838 ach dem die droben, verlasfte schiner tag
1887 695 2954 851 Päter kiden alhar gebracht Bakli stetter
1825 754 2932 927 onst genampt Haubien uß j gdin benelch des
1799 817 2972 1013 1ebri diso 1648 jars Durc h mr Lombach
1791 931 2837 1074 Hß kleinen und h laudt von Hoüret ge
1797 974 2972 1129 doßnen landtvogt zu Romamptier deß großen
1769 1037 2968 1204 raths, das byweßen h Großweibel Wßunsten,
1805 1118 2911 1263 bergert und ettliches ir gelihieners der
1771 1204 2899 1346 weiblen, er Häperen halben und waß
1781 1274 2937 1408 deßwegen hinder ira stecken möchte, so frol
1789 1358 2929 1494 mit ernsthafften worten, als auch mit ange
1776 1434 2873 1555 wenter arter examiniert worden
1759 1517 2908 1659 zuuermelden. Wie lang es sye, das sy gott
1744 1602 2858 1744 der herrn verlaugnet und sich dems sösen
1752 1681 2923 1816 Geist ergeben, wo und wie und ab sy sich
1777 1770 2924 1915 nit auch uf dem Hans blatz in demgein solz
1753 1846 2898 1963 da drey shihen sthas sollen, finden unnd
1729 1932 2910 2062 daß vych und enderg zeuerderben sich ge-
1750 2000 2148 2132 gruchen laßen,
1705 2106 2909 2272 Hatt sy hierüber geantwortet, Namliches
1762 2214 2900 2345 ghalsen immerdar in großem kumer und
1755 2287 2908 2437 abmut mit ired veil kleines kinderen geläbt
1711 2371 2888 2498 Unnd als sy vor ungefar 14 jares mit einer
1720 2442 2886 2589 Armen frauwen, sy damals by ihren sampt
1728 2522 2920 2656 5. Kindeß vbernacht gelegen, gantz bekumbet,
1749 2603 2859 2768 mit soul khëndes. Ene brote sich ufden weg
2381 2722 2419 2767 4
1737 2673 2829 2847 begeken, das Allmußen Jehanschts, vnnd laus
1698 2771 2837 2933 Dem sy zwüschen aftigen und gäterkinden zu
1739 2854 2846 3004 einem zoafh alwo ein stäg himber gange,
1719 2936 2778 3081 komen, vnd ouch vnder deßen ein anderen
1744 3018 2815 3148 mit weinen vnd grynes Ire Noth geclagte
1705 3079 2831 3244 Sye die andere Erl, so nit mer zolaben) war
1654 3166 2797 3315 Ires har über den stag gangen und ein
1686 3235 2775 3378 Mahs in einem wyßl nut daruf hundern
1731 3326 2810 3478 sitzen, welicher sy also angerecht, sy solten
