3024 4032
627 366 1582 698 i ant a
622 493 1589 757 elterewie niht minder, dazensohen
610 562 1589 829 vrghenes dnheli sy sich leider fum ersteßn,
605 655 1575 891 und hernach oflt zu underschidenlichen
662 711 1599 958 iblen, mit gesagten gesß bylerscflich
651 790 1580 1031 lich vergangen, Es habe aber dersehlb
635 858 1584 1093 Ira die Ehe versorothen, vnd von vnsser
646 935 1581 1161 3. Oder 4 wuches zu Taupperswyl et
617 1029 1588 1253 ire kilchennacht gethan, Byrhabe aber
609 1102 1586 1329 daß er sich mit jner schwöster in um
636 1174 1572 1407 buschheit verdipfft, desag gant
642 1284 1550 1444 ait gewust were Irg, der Sun¬
654 1360 1569 1537 mehmalen Claran konden, das Cobe
633 1427 1559 1628 jederZeit, Jo sonderbareh genachto se
538 1517 1575 1688 Egeliger ghat, vnnd sie bey Jcen rnen
916 1595 992 1664 Rös
550 1603 1574 1785 E doßert wis gsellen, so sich nächtliche
626 1695 1556 1834 dus jnen hinkansen als kleine sein
619 1767 1574 1920 Junge Kluder by furs gelehrn, Nach
1462 1882 1564 1950 sechten
634 1858 1569 2017 dem aber, unsflor 14 tag nach dem
635 1948 1571 2098 hochzeit verelsoßen, feige ire schwise
660 2025 1547 2169 söliches irerswuter geklagt. Wos
648 2102 1573 2246 Berr und sonst gan diemands ander
626 2185 1561 2338 habe sy disen leldige sach vernammen
599 2263 1561 2411 Send hisge fül gemeindt, das sy uf soliche
621 2345 1538 2517 wyll hinzergangen und hetraget.
615 2424 1550 2575 werken solte Daruf sy, das
642 2514 1564 2661 es anderst nit, dan also veygangen,
586 2629 1499 2787 Sterben wolles
720 2774 1569 2966 Anna Geys Büler di zus
788 2896 1399 3060 so unsfar 15 jar alten
464 2985 1541 3205 Zigt äbenmesseg, I aller Linhalt a
707 3145 771 3209 salt
559 3073 1537 3312 daß, sy beid schwrösteren, absunderlich
568 3152 1522 3384 Ingefrachen ein jade by einem junger
537 3208 1535 3467 kind geleben. Syn verschiner sherbst
2716 220 2806 320 34
1706 374 2748 663 aller nechst by ires Vatters huß von
1723 463 2758 735 einem nachbufes ein kollmal gehalten
1724 531 2766 784 worden unnd nach dem vorgesagter
1702 632 2752 842 Beißbulern Ires Vatters Knechst, auch
1711 665 2832 925 dersby geweßen und trunres sheimb kommen,
1724 763 2790 1017 habe er sich damals, in ir gmach hinit
1719 801 2810 1049 gelleickht und sy neberwil glatet wort.
1731 872 2807 1120 der anderem sauch, das er sy ehelichen wellen
1715 982 2777 1208 liher zum fahl gebracht  laß aber
1692 1089 2758 1274 Er sichmehr, das einmal (wie wol er
1682 1138 2797 1341 Ira glebch hernach noch einmal begert,)
1685 1236 2789 1438 Eorster nach verdrapt haben, sye es nit
1687 1319 2846 1508 bsch habt sy von irer schwöster, diser sich
1704 1418 2793 1575 halben ds keinen weg nit gefrüst, nach
1687 1503 2779 1673 Jemalen Ira Dachos meldung gethan,
1640 1576 2805 1758 sahit nach der schwos hockheit, seige sy
1709 1682 2830 1815 mit großen elaumer und sorgen sülichs
1689 1765 2791 1905 Iger masuter angezeigt, Da danals
1649 1857 2788 1989 schwöster söliches von der muster
1655 1933 2795 2078 vernamen, habe, snndt heige nit ver
1693 2015 2800 2153 Bmeint dh Geißbulen so mit bößen
1708 2102 2756 2250 düken hinder fra vmbgangen und sy
1684 2181 2660 2343 alßo schantlich betragen hette etc.
1641 2325 2768 2512 Betend derowegen beiden, Gott vnnd
1677 2438 2787 2578 ein hochoberkeit umb gnad vnnd ver¬
1666 2514 2792 2655 zychung irer fälleren, dan es anderst
1632 2576 2739 2776 Im grund der warheit nit ergangen.
1631 2674 2758 2845 urnd wellint auch genzlich dagbiver¬
1671 2720 1893 2861 llyber.
1638 2897 2772 3124 No 16. Junn. Jars vostatt ist diser bekant
1689 3041 2713 3210 uuß vor sgh abgeläßen und uof wt
1680 3113 2744 3299 entschuldigung ledig gelaßtn worden, doch
1662 3185 2751 3362 a sy zu Trachstelwuld ab k�ßen sndt der
1671 3246 2579 3501 hlandtvogt usficht haben solle
