3024 4032
698 254 1624 585 s disen sechen
691 388 1589 629 dit ellen s 2. bseßzen verkorafft
634 499 1581 749 Gitet Gatt vnd ein Oberkeit, vnd
653 606 1614 822 gnad ganz flächenlich umb anad und
718 680 1598 876 shyihung, das sy loßert disem
637 738 1614 966 anit höchster bethaungg, weßer i
692 812 1632 1062 diebst aleß nach anderen bösen stuben
630 887 1621 1117 und astereut verhriffenschalfen
1543 1075 1611 1172 1.
641 1036 1611 1219 den 27. aug 1647 ist dise caellenanm
667 1113 1635 1303 an gnediger strat und von Iren 2 ung
664 1177 1634 1346 kinders wege gesreihnet und mit dem
642 1246 1636 1406 Eyde biß uf grad von Statt und landt
645 1304 1132 1419 betrisen wrden.
778 1442 1571 1575 Bgrbel Fürstenbergdin
841 1518 1385 1638 Die Hebamen,
697 1648 1619 1802 Dieselbe ist vrmoh und befelch sampt
655 1747 1632 1889 jrey kindfs wegen das welcher Hein
605 1822 1656 1931 Ir sohn einen mit Uelans Bannart
585 1889 1630 2009 deß jungen 6 Jeri dochterli Bubter
691 1951 1608 2069 handtlichen hat, vnd muteillest ein
504 1979 656 2090 sch deße
650 2032 1594 2167 ursach und ab sonsten die muter nit.
672 2105 1634 2257 großen rutzes und namens, samptlichen
655 2187 1633 2325 assiert und widerumb an ort und end
669 2271 1615 2432 gwißen worden, da sy harkamen ge
648 2344 1606 2500 wrißen Actum 24. augustu 1617.
1660 2081 1777 2161 uß dem
1667 2141 1772 2201 hallen
1667 2182 1742 2254 erse
1699 1467 1751 1590 .
1789 249 2705 583 a se
1834 443 2909 794 her ende
1787 559 2898 869 pelote purtig zu Besort alß ein junger
1795 640 2896 942 Stancker gsoll von dem herrn landvvogt iu
1823 727 2928 1008 itend in es to
1835 799 2866 1060 alhas geschickt vnd volgents alhie Ih
1804 857 2903 1142 daß Sclaflenwerk. zngefeßlet, waß ent¬
1804 976 2906 1235 haltet worden. Wys sitlero, so wol
1779 1044 2908 1279 von Trachßel wald alß B kungdolff synet,
1816 1160 2911 1387 halben Gricht vngelanget, daß er, ein
1775 1243 2926 1432 oböser bub seine söllen lach fon einer
1816 1328 2833 1498 dismales zu Busngdorf gefangnen
1820 1378 2933 1574 zirnen acdusieit worden, Namlichen
1812 1483 2899 1638 das er mit hilf Weltsch Peters seines ge-
1824 1562 2954 1701 sonnen etliche diebstäl sondersich aber dem
1809 1641 2902 1799 Uudeß Herrn Predisanteß Horsebach unnd
1817 1753 2860 1884 anderstwo verrichten helffenn.a
1807 1829 2935 1975 nun ufdliß end han und geden gefallen luth
1777 1916 2791 2057 Rathzedels gefallen, einen veß dero
1805 1994 2862 2137 mitlen zuuerordnen, den berurten
1805 2073 2793 2220 Pelote nachdem er wriamb In die
1818 2136 2903 2316 gangenschafft gesetzt worden) mit noth
1814 2244 2770 2376 frendiger klagter zu examinioren
1791 2327 2838 2477 welicher I edhen beuelch uf zinstag den
1784 2414 2869 2574 24. augusti 1647 jars I by sein und
1791 2490 2927 2680 anh�rs der ehrmmest etc. ehern Nielans
1762 2564 2881 2787 Lambach deß kleinen raths h anthan
1769 2633 2886 2859 sechenders dher burgern und h Groß
1749 2718 2906 2962 Weibel Wurstenberger is valg gestelt
1772 2790 2008 2895 worden,
1778 2867 2876 3148 unnd alß nun hieruf ime alß einem
1752 2986 2916 3222 lemgnen bösen diesee3. ernstlich ange¬
1778 3059 2881 3293 hhalten worden, anzuzeigen wie und
1788 3164 2905 3437 mit waß sachen, vr machen kanne wan
1776 3220 2844 3470 er in ei gnach inbräche, die lüth so
2880 79 2942 181 6
