3024 4032
402 1786 465 1872 26
463 1629 527 1787 3
720 400 796 506 2
771 325 1525 613 n  d
775 474 1475 677 i lach sas senga
476 557 1560 818 Dieselb ist alß ein umbserschweifende
548 659 1586 944 da üsligende verdächtige persach den 21. janii
570 738 1542 964 169 b mit wegen hy bey zweyen vogge
382 749 562 887 13
563 809 1542 1018 melten buber byrychenbach ergeisten
559 887 1558 1085 worden m dem ed vog s gden stattesn
542 944 1240 1125 landtverwißen worden.
728 1291 1416 1481 Cunrals Deen
808 1405 1230 1545 von Coffingen
518 1492 1491 1681 Den 4. feb 1678. ist derselbig
578 1627 1557 1780 wegen er by einer tingen den.
556 1701 1529 1829 ader Vien Vneheliche Kinder Er
580 1787 1566 1932 juget von j gd statt und Laneit
528 1863 1209 2014 rnwrißeh worden,
599 2230 1423 2360 Haus Zur Bragz von
563 2311 1426 2452 Eychenbach ob Prutigen, so vschier
517 2377 1456 2543 tagen gfenckhlich alharsgeschracht
800 2476 1175 2602 worden
529 2594 1502 2814 derselbig i  hüt des 7. febi liß
512 2705 1523 2917 16 Jarßrß ungden auelch hunh
508 2812 1494 2995 mynen hochgeeheter herren herren Jacob
435 2862 1523 3116 Ernsters Wollermelt Vafli Mitrathn
493 2966 1531 3154 er sein s Gro weibel wad venkaht
485 3032 1531 3284 Anf stirgeln thusen, so wol mit ernstlaße
497 3111 1522 3327 worten, Alls by betroüwung des and
510 3244 1505 3432 seiner läbwesenshalben und wro er
475 3259 1519 3565 hen vnd Raner a ee eite
2706 174 2803 274 29
1707 371 2724 717 d eto
1725 460 2774 765 wbol, anders nüt bekentlich sein wellen
1737 521 2807 839 ae
1730 597 2799 923 veenle de egt
1718 673 2800 1007 get aes send hed
1716 781 2761 1080 H Jeangen 4 schaf und ein heiß ent
1717 860 2738 1126 fromldet, Zwey schaf aber famnt
1691 957 2780 1217 der Grist cgent den jengl esenumb
1724 1078 2795 1311 zugestelt worden, die andern zwey er
1658 1142 2786 1390 samb 4 lb (die er wider ersehen wolle)
1677 1222 2831 1466 verkaufft habe, Vnd was Hanß Greber
1719 1330 2808 1519 eim schmecher dißen dochter senlangst
1640 1425 2785 1613 er geehelichet und iso 133 wuchen ein kindt
1660 1523 2737 1697 betterin werden solle) derselben jr
1662 1621 2730 1758 muterlich gut hinuß geben oder ansten
1677 1699 2740 1854 Landreihung gethans hette, sege er
1662 1805 2646 1931 Diemales in dißuenglük keomen,
1678 1888 2815 2019 habe sich sonstes teßert dißen mit dienen
1690 1971 2755 2115 und erheißen ehrlich und wol gehalten
1633 2071 2782 2208 und wille sich verners, ie lenger je
1686 2147 2751 2280 mehr, der ehrlich arbeit, beflyßen
1846 2241 1875 2290 a
1669 2238 2802 2369 Das erssyn läb tag Is weiner
1671 2315 2730 2481 gfargenschafft, als jeh Niemale3
1676 2395 1998 2545 geeste etc.
1624 2509 2802 2725 Bitest Gott vnd ein Gnedige oberkeit
1690 2623 2811 2855 hantz flächenlich umb gnad und verzychuug
1631 2679 2722 2889 Dad mal dergleichen nützit ne neinen
1690 2762 1913 2901 müßen etc.
1930 2905 2200 3088 Diser
1687 2982 2725 3286 en  brlgehih
1694 3102 2694 3384 1648 auch uf verbprachnen beßerung
1662 3184 2532 3422 hmn ledig gelaßen worden
