3024 4032
436 338 566 515 B
701 367 1417 559 Aette Großlenus
836 456 1387 635 isen krachthallen,
645 515 1581 862 Visti silie
662 668 1604 929 verfibter und understandner entthurd
667 740 1581 975 gerklagner fleichlsicher stanstlift mit
650 824 1591 1065 h dnders sossenmeldts d predinen
683 908 1558 1104 zu vechisigen tochter bißt gnad
661 997 1570 1187 mit dem lydtvos statf unß kandt
672 1069 1252 1238 verwißen worden.
778 1337 1342 1511 Annia Anis
574 1562 1549 1762 Des 12 may 1648 ist s wegen
638 1652 1542 1813 et waß behaugnet diebstal und
611 1751 1547 1904 Daß sy ernenwyß zonsland herus
644 1840 1544 1990 wege mit dem eyde von stattn
620 1917 1484 2068 uind landt verwisen worden,
1287 2021 1491 2176 Des
772 2240 1507 2381 Srothen Mariyer
793 2348 1443 2477 von reiben ußem Bischofbieten
604 2512 1525 2637 dieselbe ist den 17. mai 1618 wegen
616 2604 1543 2741 zweyen vnehelichen erzugeten Kinderen
631 2678 1539 2831 und das sy dismalez etwas garns by
587 2772 1536 2920 Weligen enterent an Tydistats von
609 2831 1540 3037 s gden statt und landt so r heint
615 2970 1197 3145 gewißen worden .
2678 199 2786 283 33
1742 355 2492 632 del sdaena
1773 451 2477 675 wen rien
1743 508 2391 735 gse
2464 533 2755 676 a t
1706 588 2805 905 sennach verschinner tagenstwotte
1588 716 1845 856 il
1690 671 2783 957 mit namen Baebel und Anna Grissbüher
1713 741 2780 1015 vs Laupterswyl durch 1 gd batptlutan
1695 804 2751 1087 dn hrrn landtvogt von Wachvelfraldt,
1648 904 2752 1182 wncklich ynzogen und volgents mit einem
1690 950 2736 1228 beichtthryben gwarsamflich alhar gefürt
1709 1037 2778 1302 warden, daß inshalts 1sho das Jacab
1695 1122 2750 1352 der entwahne legste bub Jacob Geyß
1698 1200 2777 1419 buler aldiewyl er by Uli Geisbpler
1712 1290 2813 1493 der obgemelten beiden Schwosters Vatter,
1692 1360 2742 1574 aansknecht geweßen, sich leiser so wyth
1696 1448 2819 1628 vergeßen, das er sy beides geschwengeret
1642 1535 2799 1721 undligmit ein blubshand begangen. Hatt
1660 1639 2753 1824 d gden eigentlich und grünhtlicher müßen
1708 1715 1737 1762 6
1694 1721 2815 1901 ein wußenschafft haben wollen, Ob namlich
1699 1809 2785 1973 die einte psar van der anderen, sölich mit
1696 1910 2751 2050 An Heis Büler geherter gweinelafft
1626 1985 2791 2132 und vermbten schand hat gewücst habe,
1693 2088 2783 2230 oder nit, oder rne sich der sachessonsten
1693 2183 2799 2330 verloßen, dergwegen sy beiden,
1695 2260 2764 2412 absonderlich uß Ialermelt s gl be
1698 2348 2701 2489 welch durch dis ehrenuesten f e f
1681 2431 2771 2580 und wyßer herr h Eßearg frybokt,
1666 2491 2826 2683 des Hefnlicher H8. Hans Jacob Dübelleiß
1684 2579 2774 2722 vos Burgers und h Gloßereibel
1669 2663 2787 2809 Würstenberger, do wollen mit ernste
1677 2750 2763 2940 hafften worten, alß auch mit ange
1671 2814 2799 3017 Arenter Marter deß dumpsens, Ic ge¬
1687 2931 2777 3087 wrantem streck thurn des 9. junii diß
1675 3001 2741 3193 ab 46 hars examiniert und betragt
1675 3084 2728 3265 worden, wweliche psanen auders
1690 3168 2777 3357 nüt, dan als hernachvolgelt gestendig
1693 3238 2598 3444 nach bekantlich sin wellen
