3024 4032
577 649 656 805 9
719 441 1622 721 vndsgesche tge
724 553 857 669 ysin.
898 668 1139 808 Flangt
1309 751 1511 869 derselben
689 692 1612 977 Sien Eeser bussese en
693 808 1351 986 Schreyer zu Goffingen.
699 947 1608 1165 Ist 1 mal lär und 1 mal mit dem
690 1031 1595 1248 kleinen stein uff gezogen worden.
831 1526 1479 1678 Hans Wursten
892 1626 1398 1758 enn 13 jeris knab.
606 1723 1597 1911 Iyn ansechen, befundner, vnd tüt, weider
658 1831 1583 1958 brachte beschaffenheit, deß im oberen
630 1905 1611 2046 spital vershafften 13. kunben Hanß Uerte
601 1982 1601 2132 Diß karbers vonBnrglen sohns, weiß
600 2073 1585 2203 In gden abnemen magen, das es die  kn
635 2148 1595 2279 fraüwlicher antrib, deß leidigen satmns,
608 2221 1583 2357 understandne bestiatische thath nit ver¬
628 2323 1560 2444 bracht haben vnd dahar Iche aus leben,
589 2383 1581 2533 zgrüffen nit ursach funden habend diesecb
627 2476 1582 2618 erhent, daß nach impfangnem undereich
603 2565 1572 2699 by eie des Gristliches vnd alda ge¬
607 2651 1576 2786 leistettem gebet, Er durch des baufermet
591 2704 1570 2893 Im spital, zu beserem nach seines und
613 2800 1570 2943 merer syner wahnung, kharpf untruk
591 2888 1554 3071 geschenesizt, und volgenth seinem Vatter
526 2976 1546 3149 wrdherumb übergeben werden solle iu
575 3060 1555 3252 besich ze behalten und mit flyßigerst
597 3133 1568 3333 icht haltung. Is der farcht tter zus
572 3257 1371 3457 ershüchen etc. Den 3. julii 1695
1166 3379 1522 3550 antlei rg
1613 693 1670 783 1
1635 2104 1755 2201 seinen ge
1641 2185 1737 2242 sang.
1594 2935 1748 3077 deshie
1824 534 2861 733 Uß ve dei benelch war und
1835 608 2762 835 f dato den 11 jalii 1648 durchen
1845 630 2860 887 igne hochgeehrteserren  rathsherren füßher.
1824 752 2751 929 und her Großweybel Wurstenberger
1684 792 2772 1068 trschende her nach volgende  Bubert epam linert
1669 903 1788 1002 ndt
1800 868 2672 1097 worden, die dan bekent wie volget.
1789 980 2843 1182 mit ernsthafften worten droben in der mannen
1820 1110 2069 1257 Resi 16
2006 1127 2914 1301 heisten Willig von Lunst
2040 1272 2452 1384 Bishoffgebiees,
2466 1263 2806 1385 anfencklich
1802 1357 2798 1476 Alß dißer gristen willig erforsterma
1807 1389 2926 1532 erammert worden, hate derselbig, salsbald anzeigt
1819 1457 2914 1581 und vermeldet, daß nachdem er und mihel
1808 1532 2882 1657 Schmid hernach gemelt, under wegs uf dem wegen
1824 1598 2867 1721 geweßen sye Jaggin Koli gnt zu ihnen komen,
1818 1653 2905 1783 weliche dan mit einanderen, gegen dem Berupiet,
1807 1740 2860 1877 sich zum theil in schnydet ze begeben da gange.
1788 1804 2821 1939 do sy gegen spychkommen, habe bemelter Jaggin
1793 1866 2868 1992 zu ihnen gagt, wie daß er etwaß mangebar
2351 1941 2443 1987 ltes
1804 1949 2697 2058 und hiemit len sy sechen, (wo sy etwa
2587 1984 2905 2066 bleichserbab
1810 2013 2867 2123 überkommen möchten, da dan sy nacher plam
1786 2072 2884 2181 kommen, er Jagg in deß pradicanten huß gestigen
1805 2136 2848 2258 ihnenleb brot in ziger in wyber kappes
1793 2207 2901 2327 3. Nüt und alte par schu bahr strumpf,
1786 2264 2893 2402 und i hat (der zur Cchrißten verbliben) nbßher
1797 2319 1894 2420 geben.
1753 2504 2775 2650 Deme alß sy ins sollothurner gepiet komme.
1763 2580 2881 2730 zu Recherts wyl übernacht gewreßen, syen sy Evff
1776 2640 2880 2775 sein Jaggis anhalten, wylen derselb gesagt, wellen
1787 2704 2851 2846 echen, ob sy nit etwas erspechen komen,) nach
1774 2750 2890 2897 Sollathern gangen, daßelbsten alwo Hotzumal
1779 2824 2859 2985 in fyrtag gewesen, also gespechet und in der
1793 2909 2880 3058 selben nacht bey einer schur ein leiteren genommen
1768 2966 2883 3143 dieselbige durch einanderen nach einem samerhuß
1765 3034 2806 3193 getragen, dieselbige durch einen garten und
1739 3097 2829 3271 nachdem anzagne Jaggen ein thür bey dem huß
1750 3156 2751 3343 uf gethan) auch durch daß huß getragen.
1754 3231 2815 3395 In einhöffli, alwo sy die selb angestelt,
2409 3359 2657 3466 andzhuß
2808 310 2915 410 40
