3024 4032
524 2672 638 2742 .
623 836 703 990 6.
600 1219 687 1318 7.
599 1542 671 1634 8.
587 1898 668 2003 9.
650 423 713 500 5.
764 405 1684 692 Eu eleten blgen
792 515 1679 754 angeordneter send befalchner stand sye und
783 584 1654 808 ob auch ein waren christ das oberkeitliche
793 663 1646 889 ampt mit gutem gleüßen verträtten
792 757 993 871 mage.
765 876 1675 1101 Ob die vnderthanen Irer aberkeittshins
754 981 1657 1178 lende3 zallen und dergleiches uß zurichten
775 1051 1172 1185 schuldig syent.
781 1220 1667 1371 o6 ein oberkeit, im nothfal und u
769 1322 1684 1467 billichen ursachen wider ihre hind keren
757 1383 1144 1526 füren mages
730 1551 1685 1686 Ob man auch is trichtigen sach, was es s
724 1622 1689 1784 der oberkeil befolchen wipt eider schwey
740 1713 907 1809 solle.
727 1805 1677 1965 6 Lasterhaffte mentschey der oberkeit
744 1929 1600 2073 zur straff sollind verlebtet werden.
835 2100 1620 2247 Uff donstag den 6. jan 1618
878 2196 1617 2325 gab Mahrti Barge un diber ablige
868 2259 1674 2393 antiru abtunderlich befraft worden.
871 2333 1595 2469 nach reiteriortin gebat, wolgende
1064 2426 1399 2571 Aaterart
696 2550 1670 2739 erstlich belangend die sänderung dart
719 2634 1669 2863 hab jene befregt, das die senenschheit, als
651 2751 1673 2942 Baren ehebrachen, fluches schweren
705 2802 1671 3038 bschyßen betriegen, rechtigen und tröle
665 2865 1681 3087 Sy gahr überhand und die Christenlich si
667 2976 1657 3215 hingegen Abneme. In der Kilchen vem¬
676 3051 1672 3277 andacht sye, der im hinder der ander vor
684 3131 1653 3369 ime geschlaffen, so sine offt die auge
680 3193 1676 3449 ü bertriben habe nach der predig tstd
687 3279 1668 3587 hettent ele le
2899 306 2996 389 21
1822 460 2955 704 der ander gesagt, d predirant habe shnen
1849 546 3011 801 geprediget und halte es selber nitz ein andrer
1802 615 2963 875 solle bald vos seinen eralchendlen angefangen
1866 702 2971 911 reden u sy betrachtnlich nun solchrstehrn,
1834 800 2944 1032 habe er sals der zun er auch ein därzer,
1815 855 2943 1080 ein stuler ein schlegler und mit nach anden
1839 948 2946 1151 liechtlünnigkeiten behafftet gewesen) eme
1857 1029 2960 1226 abs fürgenammen, ein anders käbweten
1840 1111 2972 1310 an sahznnemen, sich deßwegen ins kurchmner
1834 1212 2942 1436 gebit zu den Cassurmesen, vno dergleich
1801 1304 2921 1511 sind begeben, zu erkundig ob vilbacht
1825 1382 2930 1585 waselbst es beßer, als by unß hergangen
1771 1504 2933 1667 Habe aber eingleiches oder nach ergers
1835 1594 2929 1749 luberesten daselbsten erlaren, So Inne
1832 1689 2912 1840 bewegt sich in des widertän Jerr in
1832 1776 2905 1917 schlachen, und auch derselben läbwesen
1834 1857 2903 2016 zu erforschen, wyls er jederwylen ge¬
1833 1953 2946 2062 hört, das sy ein hreidsam und ufrustiges
1824 2034 2917 2155 kölck sein sollind) wie er sy das auch
1832 2122 2980 2279 slichmaßen beschaffen syn befunden gebind
1838 2215 2939 2347 gern almuse, liebind ein andere
1771 2299 2979 2452 Schwerint nit und syent nit unküch wie
1805 2379 2976 2551 man aber von ines ssagen wollen) Wos
1839 2473 2937 2646 ölich ersachet wegen, hab er entlich das
1770 2550 2988 2775 predig besuchen zu bergeben und die täüfferen
1822 2664 2971 2848 angenamß, darby ersauch leger zener
1794 2699 2021 2824 blyben,
1755 2792 2904 3043 Befragt ob das er in dan fürhalte, das
1795 2916 2948 3145 uaßes unß auch nachteil gottselige lüth syent,
1815 2993 2932 3207 die auch einen erbaren fridfertigen künschi
1788 3070 2922 3290 und gottwol geselligen wandel Fürchat
1792 3161 2945 3389 denen die vn bershand nenung der Casteren se
1785 3231 2889 3465 hertzen leid hyen und die auch nach alles
1751 3302 2916 3571 illen trachtind ein läbens besserung by
1774 3384 2585 3611 den nebentmentschen anzuricht.
