<?xml version="1.0" encoding="UTF-8" standalone="yes"?>
<PcGts xmlns="http://schema.primaresearch.org/PAGE/gts/pagecontent/2013-07-15" xmlns:xsi="http://www.w3.org/2001/XMLSchema-instance" xsi:schemaLocation="http://schema.primaresearch.org/PAGE/gts/pagecontent/2013-07-15 http://schema.primaresearch.org/PAGE/gts/pagecontent/2013-07-15/pagecontent.xsd">
    <Metadata>
        <Creator>prov=University of Rostock/Institute of Mathematics/CITlab|PLANET AI GmbH/Gundram Leifert/gundram.leifert@planet-ai.de:name=German_Kurrent_XVI-XVIII_M1(htr_id=19584)::::v=2.6.7
prov=University of Rostock/Institute of Mathematics/CITlab|PLANET AI GmbH/Tobias Gruening/tobias.gruening@planet-ai.de:name=de.uros.citlab.module.baseline2polygon.B2PSeamMultiOriented:v=2.6.7
prov=READ-COOP:name=PyLaia@TranskribusPlatform:version=0.3.1:model_id=26190:lm=none:date=10_10_2020_11:05
prov=READ-Coop:name=PyLaia@Transkribus:version=0.3.1:model_id=26190:lm=none:date=10_10_2020_11:04
prov=University of Rostock/Institute of Mathematics/CITlab|PLANET AI GmbH/Tobias Gruening/tobias.gruening@planet-ai.de:name=de.uros.citlab.module.baseline2polygon.B2PSeamMultiOriented:v=2.6.6</Creator>
        <Created>2020-10-10T09:26:37.201+02:00</Created>
        <LastChange>2022-09-09T15:24:07.435+02:00</LastChange>
        <TranskribusMetadata docId="1334826" pageId="52360602" pageNr="57" tsid="114642367" status="IN_PROGRESS" userId="9570" imgUrl="https://files.transkribus.eu/Get?id=HWKYSKBTGVIUQHSPNJXAKMXC&amp;fileType=view" xmlUrl="https://files.transkribus.eu/Get?id=GQAIYELYOOYAEOAUKOZHRAUC" imageId="16417194"/>
    </Metadata>
    <Page imageFilename="471_39.jpeg" imageWidth="3024" imageHeight="4032">
        <ReadingOrder>
            <OrderedGroup id="ro_1687513752434" caption="Regions reading order">
                <RegionRefIndexed index="0" regionRef="r1"/>
                <RegionRefIndexed index="1" regionRef="r2"/>
                <RegionRefIndexed index="2" regionRef="r3"/>
                <RegionRefIndexed index="3" regionRef="r4"/>
            </OrderedGroup>
        </ReadingOrder>
        <TextRegion orientation="0.0" id="r1" custom="readingOrder {index:0;}">
            <Coords points="473,2288 473,2441 533,2441 533,2288"/>
            <TextLine id="r1l1" custom="readingOrder {index:0;}">
                <Coords points="465,2411 483,2416 491,2409 498,2411 508,2402 519,2407 539,2405 544,2300 537,2299 521,2314 503,2312 480,2326 470,2325"/>
                <Baseline points="473,2388 503,2391 533,2391"/>
                <TextEquiv>
                    <Unicode>2.</Unicode>
                </TextEquiv>
            </TextLine>
            <TextEquiv>
                <Unicode>2.</Unicode>
            </TextEquiv>
        </TextRegion>
        <TextRegion orientation="0.0" id="r2" custom="readingOrder {index:1;}">
            <Coords points="600,589 600,3618 1590,3618 1590,589"/>
            <TextLine id="r2l1" custom="readingOrder {index:0;}">
                <Coords points="723,617 910,670 1018,664 1085,737 1167,700 1576,812 1601,746 1490,684 1390,697 1369,665 1313,681 1281,647 1126,613 1039,639 956,603 832,614 736,553"/>
                <Baseline points="729,620 771,627 814,632 857,639 900,646 942,653 985,661 1028,668 1071,676 1113,684 1156,692 1199,701 1242,710 1284,718 1327,728 1370,739 1413,749 1455,761 1498,771 1541,783 1584,795"/>
                <TextEquiv>
                    <Unicode>wle ache hestanten</Unicode>
                </TextEquiv>
            </TextLine>
            <TextLine id="r2l2" custom="readingOrder {index:1;}">
                <Coords points="636,694 915,729 950,766 987,741 1103,763 1156,810 1237,773 1401,810 1499,881 1589,864 1597,822 1500,774 1346,775 1226,714 1027,724 949,668 774,657 654,592"/>
                <Baseline points="645,684 691,690 738,698 785,705 832,712 879,720 926,727 973,734 1020,742 1067,749 1114,757 1160,765 1207,774 1254,783 1301,793 1348,802 1395,812 1442,823 1489,835 1536,846 1583,858"/>
                <TextEquiv>
                    <Unicode>de ahen gelten </Unicode>
                </TextEquiv>
            </TextLine>
            <TextLine id="r2l3" custom="readingOrder {index:2;}">
                <Coords points="626,774 678,774 740,827 822,786 916,839 961,813 1249,853 1407,943 1519,929 1526,886 1376,815 1304,825 1238,774 1157,810 1100,763 784,723 706,749 639,700"/>
                <Baseline points="636,762 682,767 728,773 774,779 821,784 867,790 913,796 959,803 1006,809 1052,816 1098,823 1144,831 1191,838 1237,847 1283,856 1329,865 1376,876 1422,885 1468,897 1515,909"/>
                <TextEquiv>
                    <Unicode>wangen entfrömbdet worden, hergangen</Unicode>
                </TextEquiv>
            </TextLine>
            <TextLine id="r2l4" custom="readingOrder {index:3;}">
                <Coords points="634,851 943,883 991,920 1113,902 1252,969 1301,938 1581,1019 1591,954 1552,932 1411,936 1204,845 1129,865 876,799 734,827 643,793"/>
                <Baseline points="642,845 688,849 735,854 782,859 829,864 876,870 922,875 969,881 1016,886 1063,893 1110,899 1156,907 1203,914 1250,922 1297,931 1344,940 1390,949 1437,960 1484,970 1531,981 1578,995"/>
                <TextEquiv>
                    <Unicode>ob er daßelbig nit mit zu thun seiner fr</Unicode>
                </TextEquiv>
            </TextLine>
            <TextLine id="r2l5" custom="readingOrder {index:4;}">
                <Coords points="1517,942 1525,944 1549,931 1557,933 1561,939 1566,938 1568,942 1574,939 1594,946 1610,881 1604,880 1594,864 1587,866 1585,863 1575,868 1567,865 1550,839 1543,837"/>
                <Baseline points="1529,921 1559,930 1589,936"/>
                <TextEquiv>
                    <Unicode>1</Unicode>
                </TextEquiv>
            </TextLine>
            <TextLine id="r2l6" custom="readingOrder {index:5;}">
                <Coords points="620,918 737,994 1175,984 1390,1019 1454,1076 1513,1048 1576,1076 1582,1027 1469,967 1302,984 1146,909 1049,952 958,890 811,911 704,851 628,855"/>
                <Baseline points="627,920 674,926 721,931 768,937 816,942 863,947 910,953 957,957 1005,962 1052,967 1099,972 1146,978 1194,984 1241,990 1288,998 1335,1005 1383,1013 1430,1022 1477,1031 1524,1042 1572,1053"/>
                <TextEquiv>
                    <Unicode>set zwacht habe, hatte der selb söliches in</Unicode>
                </TextEquiv>
            </TextLine>
            <TextLine id="r2l7" custom="readingOrder {index:6;}">
                <Coords points="616,1010 896,1032 936,1075 1014,1051 1136,1114 1220,1092 1269,1124 1333,1081 1561,1141 1567,1096 1191,986 1131,1013 1079,979 1014,1022 925,987 738,994 627,919"/>
                <Baseline points="624,1002 670,1008 717,1013 763,1019 810,1023 857,1028 903,1034 950,1037 997,1042 1043,1047 1090,1052 1137,1057 1183,1062 1230,1069 1277,1074 1323,1080 1370,1088 1417,1095 1463,1104 1510,1111 1557,1121"/>
                <TextEquiv>
                    <Unicode>reinen weg nicht gestendig sein wollen,</Unicode>
                </TextEquiv>
            </TextLine>
            <TextLine id="r2l8" custom="readingOrder {index:7;}">
                <Coords points="629,1086 763,1130 1338,1158 1471,1238 1523,1200 1593,1250 1606,1130 1581,1123 1460,1134 1333,1080 1270,1125 1220,1093 1134,1113 1088,1064 1049,1093 990,1049 932,1078 895,1033 760,1074 713,1020 636,1019"/>
                <Baseline points="636,1088 683,1093 731,1099 779,1103 826,1107 874,1110 922,1114 969,1118 1017,1122 1065,1126 1113,1130 1160,1134 1208,1139 1256,1144 1303,1151 1351,1157 1399,1164 1446,1174 1494,1183 1542,1194 1590,1206"/>
                <TextEquiv>
                    <Unicode>sonden wüße von keinem gelt nüt habe ach</Unicode>
                </TextEquiv>
            </TextLine>
            <TextLine id="r2l9" custom="readingOrder {index:8;}">
                <Coords points="627,1184 789,1175 847,1216 962,1194 1024,1251 1129,1218 1253,1278 1336,1237 1543,1279 1570,1241 1522,1200 1342,1191 1270,1152 940,1165 882,1114 838,1138 637,1094"/>
                <Baseline points="636,1164 682,1168 728,1171 774,1174 820,1178 867,1182 913,1185 959,1189 1005,1194 1051,1197 1098,1202 1144,1207 1190,1211 1236,1217 1282,1223 1329,1229 1375,1233 1421,1241 1467,1247 1513,1254 1560,1262"/>
                <TextEquiv>
                    <Unicode>daßelbig niemahlen zu stälen im sim</Unicode>
                </TextEquiv>
            </TextLine>
            <TextLine id="r2l10" custom="readingOrder {index:9;}">
                <Coords points="618,1291 694,1306 866,1265 1041,1307 1128,1281 1171,1321 1401,1313 1530,1384 1558,1375 1567,1276 1480,1285 1335,1237 1246,1266 1119,1223 980,1249 790,1175 625,1217"/>
                <Baseline points="630,1242 676,1247 722,1251 768,1254 814,1258 861,1262 907,1265 953,1268 999,1271 1045,1274 1092,1278 1138,1283 1184,1286 1230,1291 1276,1295 1323,1301 1369,1307 1415,1314 1461,1320 1507,1328 1554,1337"/>
                <TextEquiv>
                    <Unicode>gehabt, vil weniger daß er eitwüsen, möge</Unicode>
                </TextEquiv>
            </TextLine>
            <TextLine id="r2l11" custom="readingOrder {index:10;}">
                <Coords points="631,1340 732,1340 825,1399 896,1344 996,1406 1086,1352 1208,1368 1270,1414 1498,1404 1595,1438 1600,1372 1477,1363 1409,1314 1319,1338 1279,1303 1167,1320 1092,1282 1052,1312 844,1273 633,1315"/>
                <Baseline points="639,1329 686,1332 734,1335 781,1338 829,1341 876,1343 924,1344 971,1348 1019,1350 1066,1352 1114,1354 1161,1358 1209,1362 1256,1366 1304,1370 1351,1376 1399,1383 1446,1390 1494,1398 1541,1408 1589,1419"/>
                <TextEquiv>
                    <Unicode>wo daßselbig hinkommen sye, sonsten wotte</Unicode>
                </TextEquiv>
            </TextLine>
            <TextLine id="r2l12" custom="readingOrder {index:11;}">
                <Coords points="631,1418 855,1428 940,1478 1031,1454 1167,1500 1238,1449 1362,1484 1438,1468 1539,1534 1573,1521 1580,1430 1436,1402 1248,1428 1212,1388 1069,1357 1004,1406 898,1344 828,1398 768,1362 635,1372"/>
                <Baseline points="639,1406 685,1410 732,1415 778,1418 825,1422 871,1424 918,1427 964,1428 1011,1431 1057,1434 1104,1436 1150,1439 1197,1442 1243,1445 1290,1449 1336,1454 1383,1459 1429,1464 1476,1472 1522,1481 1569,1490"/>
                <TextEquiv>
                    <Unicode>er es anzeigen, jedoch vermeldet seinft.</Unicode>
                </TextEquiv>
            </TextLine>
            <TextLine id="r2l13" custom="readingOrder {index:12;}">
                <Coords points="626,1533 682,1503 782,1558 860,1508 1011,1505 1055,1535 1226,1534 1266,1577 1335,1538 1461,1585 1561,1565 1563,1537 1336,1468 1273,1496 1211,1464 1163,1499 969,1457 925,1491 634,1420"/>
                <Baseline points="636,1490 681,1493 727,1496 773,1500 819,1503 865,1505 911,1506 957,1509 1003,1511 1049,1513 1095,1515 1140,1518 1186,1520 1232,1524 1278,1527 1324,1531 1370,1536 1416,1540 1462,1547 1508,1553 1554,1559"/>
                <TextEquiv>
                    <Unicode>habe zwar daß bemelte gelt, durch deß</Unicode>
                </TextEquiv>
            </TextLine>
            <TextLine id="r2l14" custom="readingOrder {index:13;}">
                <Coords points="615,1584 961,1591 1009,1627 1090,1588 1139,1632 1391,1599 1532,1631 1568,1584 1311,1543 1273,1577 1207,1545 1103,1563 1011,1505 934,1545 841,1515 783,1557 726,1514 617,1527"/>
                <Baseline points="623,1571 669,1571 716,1572 763,1574 810,1575 857,1577 903,1578 950,1580 997,1582 1044,1584 1091,1586 1137,1587 1184,1591 1231,1593 1278,1596 1325,1599 1371,1601 1418,1605 1465,1609 1512,1613 1559,1617"/>
                <TextEquiv>
                    <Unicode>wirth gsechen zellen, die ime dan ve</Unicode>
                </TextEquiv>
            </TextLine>
            <TextLine id="r2l15" custom="readingOrder {index:14;}">
                <Coords points="623,1654 783,1645 847,1689 1006,1654 1087,1707 1138,1660 1261,1713 1423,1675 1482,1725 1555,1683 1555,1643 1420,1605 1253,1636 1196,1602 1137,1635 1067,1591 960,1631 876,1585 822,1609 792,1581 626,1584"/>
                <Baseline points="630,1640 675,1640 721,1640 767,1641 813,1643 859,1644 905,1646 951,1647 997,1649 1043,1651 1089,1653 1134,1656 1180,1658 1226,1661 1272,1662 1318,1665 1364,1668 1410,1671 1456,1673 1502,1676 1548,1679"/>
                <TextEquiv>
                    <Unicode>meldet habe, es sye sön gelt und syen</Unicode>
                </TextEquiv>
            </TextLine>
            <TextLine id="r2l16" custom="readingOrder {index:15;}">
                <Coords points="615,1726 1132,1726 1300,1788 1345,1747 1558,1763 1560,1702 1482,1725 1419,1679 1253,1712 1182,1704 1139,1659 1086,1708 1043,1672 850,1691 818,1662 750,1687 617,1661"/>
                <Baseline points="623,1719 669,1720 715,1721 762,1722 808,1722 855,1724 901,1725 947,1725 994,1727 1040,1728 1087,1729 1133,1731 1179,1732 1226,1734 1272,1736 1319,1738 1365,1740 1411,1743 1458,1746 1504,1749 1551,1752"/>
                <TextEquiv>
                    <Unicode>selber . Wie vileß aber geweßen, daß</Unicode>
                </TextEquiv>
            </TextLine>
            <TextLine id="r2l17" custom="readingOrder {index:16;}">
                <Coords points="628,1843 730,1817 768,1852 868,1801 949,1831 1158,1823 1223,1856 1328,1807 1432,1866 1485,1828 1549,1835 1550,1802 1404,1749 1300,1790 1133,1726 926,1760 773,1737 734,1763 630,1721"/>
                <Baseline points="636,1799 681,1800 726,1800 771,1800 817,1800 862,1800 907,1800 953,1802 998,1802 1043,1803 1089,1803 1134,1804 1179,1805 1224,1806 1270,1807 1315,1809 1360,1809 1406,1811 1451,1813 1496,1814 1542,1817"/>
                <TextEquiv>
                    <Unicode>habe sy die fr (lüth ihrem fürgeben.</Unicode>
                </TextEquiv>
            </TextLine>
            <TextLine id="r2l18" custom="readingOrder {index:17;}">
                <Coords points="628,1885 990,1879 1112,1920 1193,1887 1382,1890 1492,1939 1588,1905 1589,1849 1403,1861 1345,1813 1113,1866 883,1812 759,1856 692,1818 629,1849"/>
                <Baseline points="636,1878 683,1878 730,1878 777,1878 825,1878 872,1878 919,1878 966,1879 1014,1880 1061,1880 1108,1881 1155,1881 1203,1883 1250,1883 1297,1884 1344,1884 1392,1884 1439,1886 1486,1886 1533,1886 1581,1886"/>
                <TextEquiv>
                    <Unicode>nit wüßen mögen, hate aber angehaltee</Unicode>
                </TextEquiv>
            </TextLine>
            <TextLine id="r2l19" custom="readingOrder {index:18;} person {offset:0; length:11;}">
                <Coords points="623,1972 974,1948 1123,2003 1168,1963 1303,1958 1426,2001 1576,1978 1577,1901 1477,1943 1382,1910 1247,1933 1179,1896 1112,1921 1078,1887 1026,1917 959,1883 835,1915 747,1887 680,1929 624,1906"/>
                <Baseline points="630,1961 679,1958 728,1956 778,1954 827,1953 877,1952 926,1952 975,1952 1025,1952 1074,1952 1124,1952 1173,1953 1223,1955 1272,1955 1321,1956 1371,1958 1420,1959 1470,1961 1519,1962 1569,1964"/>
                <TextEquiv>
                    <Unicode>Marter Bald anzeigt, wolle es ehr gloüben</Unicode>
                </TextEquiv>
            </TextLine>
            <TextLine id="r2l20" custom="readingOrder {index:19;}">
                <Coords points="613,2046 695,2081 739,2035 846,2027 1106,2081 1305,2024 1555,2075 1554,1969 1456,2007 1203,1965 1116,2005 938,1955 817,1960 746,2008 612,1984"/>
                <Baseline points="620,2033 666,2033 712,2031 759,2030 805,2030 851,2028 898,2028 944,2027 990,2027 1037,2025 1083,2025 1129,2025 1176,2024 1222,2024 1268,2024 1315,2024 1361,2024 1407,2024 1454,2024 1500,2024 1547,2024"/>
                <TextEquiv>
                    <Unicode>doch nit bekhanddlich sein wollen, daß</Unicode>
                </TextEquiv>
            </TextLine>
            <TextLine id="r2l21" custom="readingOrder {index:20;}">
                <Coords points="620,2131 788,2114 849,2159 906,2110 970,2159 1016,2114 1105,2108 1521,2128 1520,2079 1418,2027 1169,2083 1001,2081 930,2045 619,2085"/>
                <Baseline points="627,2118 671,2117 715,2115 760,2112 804,2111 848,2109 893,2108 937,2106 981,2105 1026,2105 1070,2103 1114,2102 1159,2102 1203,2100 1247,2100 1292,2100 1336,2100 1380,2100 1425,2100 1469,2100 1514,2100"/>
                <TextEquiv>
                    <Unicode>er daß galt genommen habe, sonderen</Unicode>
                </TextEquiv>
            </TextLine>
            <TextLine id="r2l22" custom="readingOrder {index:21;}">
                <Coords points="606,2203 892,2190 946,2243 974,2214 1109,2233 1174,2187 1293,2184 1402,2231 1543,2233 1541,2146 1496,2125 1359,2141 1206,2108 1037,2164 913,2113 839,2160 788,2113 710,2166 605,2160"/>
                <Baseline points="612,2199 658,2198 704,2196 750,2193 796,2192 842,2190 888,2189 935,2187 981,2185 1027,2184 1073,2183 1119,2183 1165,2181 1211,2181 1258,2181 1304,2181 1350,2183 1396,2183 1442,2184 1488,2186 1535,2189"/>
                <TextEquiv>
                    <Unicode>wanckelmütig geweßen und dießer sach</Unicode>
                </TextEquiv>
            </TextLine>
            <TextLine id="r2l23" custom="readingOrder {index:22;}">
                <Coords points="619,2339 691,2289 760,2294 801,2329 833,2318 894,2331 950,2295 1005,2311 1045,2280 1087,2288 1086,2246 1014,2236 986,2210 946,2242 884,2193 774,2261 703,2224 614,2226"/>
                <Baseline points="623,2288 648,2285 673,2283 699,2283 724,2280 749,2280 775,2279 800,2277 825,2276 851,2276 876,2274 901,2274 927,2273 952,2273 977,2271 1003,2270 1028,2270 1053,2269 1079,2268"/>
                <TextEquiv>
                    <Unicode>halben glürget etc.</Unicode>
                </TextEquiv>
            </TextLine>
            <TextLine id="r2l24" custom="readingOrder {index:23;}">
                <Coords points="607,2499 1001,2436 1125,2466 1212,2429 1373,2478 1431,2427 1580,2434 1576,2337 1424,2377 1288,2345 1085,2401 1016,2365 918,2421 727,2403 682,2365 601,2388"/>
                <Baseline points="612,2463 660,2459 708,2455 756,2451 804,2448 852,2445 900,2442 948,2441 996,2438 1044,2436 1092,2434 1140,2432 1188,2430 1236,2429 1284,2427 1332,2424 1380,2422 1428,2420 1476,2417 1524,2415 1572,2412"/>
                <TextEquiv>
                    <Unicode>Und alß man von imme zeüerthan begeten</Unicode>
                </TextEquiv>
            </TextLine>
            <TextLine id="r2l25" custom="readingOrder {index:24;}">
                <Coords points="596,2556 833,2568 912,2529 991,2582 1074,2529 1141,2573 1199,2522 1559,2498 1483,2428 1372,2479 1305,2436 982,2501 833,2452 751,2499 708,2471 593,2506"/>
                <Baseline points="603,2552 650,2549 697,2544 745,2542 792,2538 840,2535 887,2532 934,2528 982,2525 1029,2523 1077,2519 1124,2516 1171,2514 1219,2511 1266,2508 1314,2507 1361,2504 1408,2502 1456,2501 1503,2498 1551,2496"/>
                <TextEquiv>
                    <Unicode>waß er fürwahren hin und widervere</Unicode>
                </TextEquiv>
            </TextLine>
            <TextLine id="r2l26" custom="readingOrder {index:25;}">
                <Coords points="605,2654 955,2614 1026,2648 1080,2606 1169,2624 1249,2590 1302,2631 1366,2586 1558,2561 1553,2499 1469,2531 1321,2511 1139,2576 1092,2548 959,2582 889,2544 598,2578"/>
                <Baseline points="611,2645 658,2640 705,2635 752,2631 799,2627 846,2622 893,2618 940,2614 987,2609 1034,2606 1081,2602 1128,2598 1175,2594 1222,2590 1269,2587 1316,2583 1363,2578 1410,2574 1457,2571 1504,2566 1551,2562"/>
                <TextEquiv>
                    <Unicode>koufft und noch habe, gaber zu antwort</Unicode>
                </TextEquiv>
            </TextLine>
            <TextLine id="r2l27" custom="readingOrder {index:26;}">
                <Coords points="606,2724 713,2762 747,2724 958,2685 1248,2697 1291,2659 1352,2696 1409,2658 1513,2656 1561,2610 1408,2585 1317,2637 1255,2592 1197,2632 1148,2608 1018,2653 898,2614 815,2662 779,2644 696,2691 603,2694"/>
                <Baseline points="614,2729 661,2721 708,2714 755,2708 802,2703 849,2698 896,2693 943,2689 990,2686 1037,2682 1085,2677 1132,2674 1179,2670 1226,2667 1273,2664 1320,2658 1367,2653 1414,2649 1461,2643 1508,2637 1556,2630"/>
                <TextEquiv>
                    <Unicode>er habe bröndte waßer, so in güterlenen</Unicode>
                </TextEquiv>
            </TextLine>
            <TextLine id="r2l28" custom="readingOrder {index:27;}">
                <Coords points="617,2817 736,2787 815,2831 903,2778 1072,2766 1140,2796 1181,2754 1254,2794 1325,2758 1391,2783 1451,2731 1547,2731 1533,2642 1377,2713 1290,2660 1188,2727 1130,2691 1063,2718 971,2696 727,2769 610,2739"/>
                <Baseline points="623,2804 668,2799 714,2794 760,2789 806,2784 851,2780 897,2775 943,2772 989,2767 1034,2763 1080,2759 1126,2754 1172,2751 1217,2746 1263,2742 1309,2738 1355,2733 1400,2727 1446,2723 1492,2717 1538,2711"/>
                <TextEquiv>
                    <Unicode>und noch gantz vol syen, Item gewürtz</Unicode>
                </TextEquiv>
            </TextLine>
            <TextLine id="r2l29" custom="readingOrder {index:28;}">
                <Coords points="611,2903 678,2934 740,2888 793,2912 830,2866 912,2856 999,2899 1102,2861 1152,2883 1264,2829 1512,2838 1571,2796 1566,2754 1492,2735 1390,2784 1254,2793 1177,2755 1140,2796 1003,2771 958,2813 814,2831 766,2799 601,2817"/>
                <Baseline points="617,2895 664,2889 711,2882 758,2876 806,2870 853,2863 900,2859 947,2854 995,2848 1042,2843 1089,2838 1136,2833 1184,2828 1231,2823 1278,2819 1325,2812 1373,2808 1420,2801 1467,2796 1514,2790 1562,2783"/>
                <TextEquiv>
                    <Unicode>Tyriax müßenzug und dergleichen sachen</Unicode>
                </TextEquiv>
            </TextLine>
            <TextLine id="r2l30" custom="readingOrder {index:29;}">
                <Coords points="624,3008 998,2926 1040,2955 1102,2908 1273,2937 1370,2880 1437,2914 1489,2877 1578,2885 1549,2798 1517,2837 1436,2813 1407,2849 1367,2824 1321,2856 1269,2827 1152,2883 1088,2867 867,2919 751,2897 665,2953 615,2941"/>
                <Baseline points="627,2981 673,2973 720,2965 767,2958 814,2950 861,2943 908,2937 955,2931 1002,2924 1049,2918 1096,2913 1142,2906 1189,2901 1236,2895 1283,2889 1330,2883 1377,2877 1424,2870 1471,2863 1518,2856 1565,2849"/>
                <TextEquiv>
                    <Unicode>teil, könne auch den 20f. so die selb mei</Unicode>
                </TextEquiv>
            </TextLine>
            <TextLine id="r2l31" custom="readingOrder {index:30;}">
                <Coords points="633,3093 725,3045 1060,3037 1110,2997 1180,3037 1271,2987 1562,2929 1556,2887 1496,2876 1407,2923 1360,2890 1274,2937 1211,2911 1169,2958 1054,2941 988,2992 787,2964 722,3021 657,2986 621,3008"/>
                <Baseline points="636,3063 681,3054 727,3046 773,3039 819,3031 865,3025 911,3018 957,3013 1003,3007 1049,3001 1095,2995 1140,2989 1186,2984 1232,2978 1278,2972 1324,2964 1370,2957 1416,2950 1462,2941 1508,2932 1554,2922"/>
                <TextEquiv>
                    <Unicode>syen lutere ongen machen, sith darkeit en</Unicode>
                </TextEquiv>
            </TextLine>
            <TextLine id="r2l32" custom="readingOrder {index:31;}">
                <Coords points="630,3137 881,3093 938,3131 1012,3082 1073,3115 1188,3045 1311,3064 1335,3033 1487,3024 1530,2965 1403,2961 1370,2998 1311,2983 1181,3036 1143,3011 986,3053 906,3037 769,3090 693,3067 625,3108"/>
                <Baseline points="636,3131 680,3125 725,3117 769,3111 814,3106 858,3099 903,3093 947,3087 992,3080 1036,3074 1081,3067 1126,3060 1170,3055 1215,3048 1259,3042 1304,3035 1348,3029 1393,3021 1437,3015 1482,3007 1527,3000"/>
                <TextEquiv>
                    <Unicode>nehre, weliche wahren in der krätzen</Unicode>
                </TextEquiv>
            </TextLine>
            <TextLine id="r2l33" custom="readingOrder {index:32;} place {offset:25; length:7;}">
                <Coords points="628,3256 686,3258 735,3202 917,3198 1042,3147 1141,3188 1189,3146 1241,3173 1323,3130 1469,3130 1575,3075 1563,3000 1521,2995 1316,3066 1112,3067 1073,3117 1027,3090 952,3134 891,3106 850,3148 680,3121 613,3156"/>
                <Baseline points="627,3207 673,3200 720,3192 767,3186 814,3179 861,3172 908,3167 955,3159 1002,3153 1049,3147 1096,3139 1142,3134 1189,3126 1236,3119 1283,3111 1330,3104 1377,3097 1424,3088 1471,3078 1518,3069 1565,3059"/>
                <TextEquiv>
                    <Unicode>so hinder dem er vogt zu Couppen syin</Unicode>
                </TextEquiv>
            </TextLine>
            <TextLine id="r2l34" custom="readingOrder {index:33;}">
                <Coords points="617,3300 704,3268 786,3286 894,3248 1082,3246 1131,3211 1291,3221 1522,3148 1515,3105 1441,3148 1336,3132 1251,3178 1181,3155 1130,3189 1046,3147 983,3184 953,3165 882,3226 772,3198 686,3258 609,3247"/>
                <Baseline points="623,3293 667,3286 712,3277 756,3271 801,3263 846,3257 890,3250 935,3244 979,3238 1024,3232 1069,3225 1113,3220 1158,3214 1202,3206 1247,3200 1292,3192 1336,3186 1381,3178 1425,3170 1470,3161 1515,3152"/>
                <TextEquiv>
                    <Unicode>die andere kratzen aber in deren ein</Unicode>
                </TextEquiv>
            </TextLine>
            <TextLine id="r2l35" custom="readingOrder {index:34;} person {offset:30; length:5; continued:true;}">
                <Coords points="611,3369 1007,3302 1101,3338 1166,3276 1523,3222 1515,3175 1431,3167 1322,3226 1124,3212 1079,3248 883,3250 604,3323"/>
                <Baseline points="618,3366 662,3359 707,3351 752,3343 797,3336 842,3328 887,3321 931,3315 976,3306 1021,3300 1066,3293 1111,3287 1156,3279 1201,3272 1245,3265 1290,3257 1335,3249 1380,3240 1425,3231 1470,3223 1515,3215"/>
                <TextEquiv>
                    <Unicode>dackbet und sonst züg habe er Peter</Unicode>
                </TextEquiv>
            </TextLine>
            <TextLine id="r2l36" custom="readingOrder {index:35;} person {offset:0; length:9; continued:true;}">
                <Coords points="598,3478 640,3453 727,3482 829,3407 973,3438 1059,3370 1170,3384 1279,3334 1335,3364 1381,3308 1548,3291 1540,3247 1490,3229 1220,3293 1165,3278 1103,3337 840,3319 763,3384 657,3363 626,3406 584,3401"/>
                <Baseline points="600,3452 646,3443 693,3433 740,3425 787,3417 834,3407 881,3400 928,3391 975,3383 1022,3375 1069,3366 1115,3359 1162,3350 1209,3341 1256,3332 1303,3323 1350,3314 1397,3305 1444,3295 1491,3285 1538,3273"/>
                <TextEquiv>
                    <Unicode>Wyngarter zu Herren zwand zu kalten,</Unicode>
                </TextEquiv>
            </TextLine>
            <TextLine id="r2l37" custom="readingOrder {index:36;}">
                <Coords points="622,3569 718,3508 769,3527 802,3491 977,3455 1112,3439 1195,3473 1448,3422 1561,3326 1552,3285 1495,3285 1380,3309 1335,3363 1202,3346 1055,3380 977,3438 840,3422 727,3482 644,3467 609,3505"/>
                <Baseline points="621,3534 667,3521 714,3508 760,3497 807,3488 854,3478 900,3469 947,3461 994,3452 1040,3444 1087,3436 1134,3428 1180,3419 1227,3411 1274,3401 1320,3393 1367,3381 1414,3369 1460,3358 1507,3344 1554,3329"/>
                <TextEquiv>
                    <Unicode>n den ehengssh</Unicode>
                </TextEquiv>
            </TextLine>
            <TextLine id="r2l38" custom="readingOrder {index:37;}">
                <Coords points="615,3655 631,3655 672,3617 760,3635 821,3590 838,3600 847,3587 886,3599 920,3590 906,3500 868,3517 801,3492 771,3527 694,3524 665,3549 642,3548 620,3579 603,3578"/>
                <Baseline points="614,3602 640,3596 667,3590 694,3584 720,3578 747,3574 774,3569 801,3565 827,3562 854,3560 881,3558 908,3558"/>
                <TextEquiv>
                    <Unicode>imme haben</Unicode>
                </TextEquiv>
            </TextLine>
            <TextEquiv>
                <Unicode>wle ache hestanten
de ahen gelten 
wangen entfrömbdet worden, hergangen
ob er daßelbig nit mit zu thun seiner fr
1
set zwacht habe, hatte der selb söliches in
reinen weg nicht gestendig sein wollen,
sonden wüße von keinem gelt nüt habe ach
daßelbig niemahlen zu stälen im sim
gehabt, vil weniger daß er eitwüsen, möge
wo daßselbig hinkommen sye, sonsten wotte
er es anzeigen, jedoch vermeldet seinft.
habe zwar daß bemelte gelt, durch deß
wirth gsechen zellen, die ime dan ve
meldet habe, es sye sön gelt und syen
selber . Wie vileß aber geweßen, daß
habe sy die fr (lüth ihrem fürgeben.
nit wüßen mögen, hate aber angehaltee
Marter Bald anzeigt, wolle es ehr gloüben
doch nit bekhanddlich sein wollen, daß
er daß galt genommen habe, sonderen
wanckelmütig geweßen und dießer sach
halben glürget etc.
Und alß man von imme zeüerthan begeten
waß er fürwahren hin und widervere
koufft und noch habe, gaber zu antwort
er habe bröndte waßer, so in güterlenen
und noch gantz vol syen, Item gewürtz
Tyriax müßenzug und dergleichen sachen
teil, könne auch den 20f. so die selb mei
syen lutere ongen machen, sith darkeit en
nehre, weliche wahren in der krätzen
so hinder dem er vogt zu Couppen syin
die andere kratzen aber in deren ein
dackbet und sonst züg habe er Peter
Wyngarter zu Herren zwand zu kalten,
n den ehengssh
imme haben</Unicode>
            </TextEquiv>
        </TextRegion>
        <TextRegion orientation="0.0" id="r3" custom="readingOrder {index:2;}">
            <Coords points="1680,1234 1680,1384 1710,1384 1710,1234"/>
            <TextLine id="r3l1" custom="readingOrder {index:0;}">
                <Coords points="1673,1380 1694,1378 1701,1386 1706,1384 1708,1387 1717,1387 1717,1276 1700,1275 1692,1282 1673,1280"/>
                <Baseline points="1680,1334 1710,1334"/>
                <TextEquiv>
                    <Unicode></Unicode>
                </TextEquiv>
            </TextLine>
            <TextEquiv>
                <Unicode></Unicode>
            </TextEquiv>
        </TextRegion>
        <TextRegion orientation="0.0" id="r4" custom="readingOrder {index:3;}">
            <Coords points="1625,217 1625,3506 2876,3506 2876,217"/>
            <TextLine id="r4l1" custom="readingOrder {index:0;}">
                <Coords points="2717,296 2730,293 2737,285 2753,285 2763,277 2784,276 2799,261 2812,262 2803,183 2786,192 2777,190 2773,195 2764,190 2754,191 2740,203 2731,198 2706,200"/>
                <Baseline points="2721,264 2748,259 2776,256 2804,254"/>
                <TextEquiv>
                    <Unicode>39</Unicode>
                </TextEquiv>
            </TextLine>
            <TextLine id="r4l2" custom="readingOrder {index:1;}">
                <Coords points="1705,768 1750,785 1980,684 2092,703 2463,585 2579,612 2615,564 2795,543 2776,447 2685,493 2601,475 2531,534 2463,494 2210,596 2080,576 1688,683"/>
                <Baseline points="1710,755 1763,740 1817,726 1871,711 1925,699 1979,685 2032,674 2086,661 2140,649 2194,638 2248,627 2301,616 2355,606 2409,596 2463,586 2517,576 2570,567 2624,557 2678,549 2732,540 2786,533"/>
                <TextEquiv>
                    <Unicode>len e  n an</Unicode>
                </TextEquiv>
            </TextLine>
            <TextLine id="r4l3" custom="readingOrder {index:2;}">
                <Coords points="1767,833 2192,718 2272,763 2350,748 2410,683 2515,655 2604,704 2663,646 2784,674 2813,662 2800,591 2485,608 2434,650 2384,629 2325,671 2123,677 2027,728 1898,714 1756,779"/>
                <Baseline points="1773,824 1824,809 1875,794 1926,779 1978,765 2029,753 2080,741 2131,730 2183,719 2234,708 2285,699 2336,689 2388,681 2439,672 2490,664 2541,656 2593,648 2644,641 2695,633 2746,626 2798,618"/>
                <TextEquiv>
                    <Unicode>beuche, habe er vor ungenahr 3 wuch en in</Unicode>
                </TextEquiv>
            </TextLine>
            <TextLine id="r4l4" custom="readingOrder {index:3;} person {offset:11; length:12;}">
                <Coords points="1779,904 1889,924 1960,854 2131,812 2233,799 2300,834 2367,775 2483,791 2527,753 2789,736 2780,683 2661,655 2604,705 2446,680 2346,749 2079,747 2014,801 1913,788 1869,836 1769,842"/>
                <Baseline points="1785,894 1834,879 1884,864 1933,851 1983,838 2033,826 2082,816 2132,806 2181,797 2231,789 2281,782 2330,774 2380,768 2429,761 2479,754 2529,747 2578,741 2628,734 2677,728 2727,720 2777,713"/>
                <TextEquiv>
                    <Unicode>deß herren autenburgers appateck ein</Unicode>
                </TextEquiv>
            </TextLine>
            <TextLine id="r4l5" custom="readingOrder {index:4;}">
                <Coords points="1783,987 2589,828 2743,865 2824,804 2816,756 2747,740 2662,795 2439,822 2337,790 2270,852 2144,821 2106,864 2045,846 1889,924 1771,913"/>
                <Baseline points="1787,968 1838,957 1889,946 1941,935 1992,925 2044,915 2095,905 2147,897 2198,888 2250,880 2301,872 2352,865 2404,857 2455,850 2507,842 2558,835 2610,828 2661,821 2713,815 2764,808 2816,800"/>
                <TextEquiv>
                    <Unicode>vierling gefft, so man arsencum nam bße</Unicode>
                </TextEquiv>
            </TextLine>
            <TextLine id="r4l6" custom="readingOrder {index:5;}">
                <Coords points="1785,1072 2250,953 2807,897 2800,845 2403,901 2321,881 2243,933 2164,896 2053,953 1984,923 1931,969 1870,947 1773,999"/>
                <Baseline points="1788,1050 1838,1037 1889,1022 1939,1012 1990,1000 2040,990 2091,979 2141,970 2192,962 2242,954 2293,946 2344,938 2394,931 2445,924 2495,918 2546,910 2596,905 2647,898 2697,892 2748,886 2799,879"/>
                <TextEquiv>
                    <Unicode>gekoufft und sonst ein vierling an einem</Unicode>
                </TextEquiv>
            </TextLine>
            <TextLine id="r4l7" custom="readingOrder {index:6;}">
                <Coords points="1770,1141 1954,1080 2048,1106 2182,1036 2339,1056 2503,1009 2616,1049 2744,1035 2846,991 2833,899 2742,896 2689,942 2569,924 2470,979 2073,987 1973,1054 1829,1053 1764,1096"/>
                <Baseline points="1775,1125 1828,1112 1881,1098 1934,1087 1987,1076 2040,1066 2093,1056 2146,1048 2199,1040 2252,1033 2306,1025 2359,1019 2412,1012 2465,1006 2518,1001 2571,996 2624,991 2677,987 2730,982 2783,978 2837,974"/>
                <TextEquiv>
                    <Unicode>anderen orth, uß welchem er müßen züg</Unicode>
                </TextEquiv>
            </TextLine>
            <TextLine id="r4l8" custom="readingOrder {index:7;}">
                <Coords points="1774,1240 1857,1235 1928,1173 1959,1181 2046,1148 2122,1154 2158,1128 2271,1148 2350,1102 2337,1022 2255,1054 2092,1066 2046,1107 1953,1081 1761,1162"/>
                <Baseline points="1773,1188 1801,1185 1830,1181 1858,1176 1887,1171 1915,1167 1944,1162 1972,1157 2001,1150 2029,1145 2058,1140 2086,1135 2115,1130 2143,1125 2172,1120 2200,1117 2229,1112 2257,1109 2286,1107 2314,1104 2343,1103"/>
                <TextEquiv>
                    <Unicode>nechr und verkuffe</Unicode>
                </TextEquiv>
            </TextLine>
            <TextLine id="r4l9" custom="readingOrder {index:8;}">
                <Coords points="1775,1360 2190,1280 2263,1316 2449,1258 2626,1282 2857,1229 2840,1171 1870,1269 1761,1212"/>
                <Baseline points="1779,1334 1832,1326 1886,1318 1939,1311 1993,1305 2046,1298 2100,1292 2153,1287 2207,1280 2260,1275 2314,1270 2368,1264 2421,1260 2475,1256 2528,1251 2582,1248 2635,1243 2689,1239 2742,1236 2796,1233 2850,1230"/>
                <TextEquiv>
                    <Unicode>Senne bekhent er daß er gerumpt, habe wol</Unicode>
                </TextEquiv>
            </TextLine>
            <TextLine id="r4l10" custom="readingOrder {index:9;}">
                <Coords points="1764,1432 2251,1355 2867,1331 2860,1253 2790,1242 2697,1299 2598,1271 2275,1326 2195,1282 2123,1323 2057,1302 1995,1364 1760,1380"/>
                <Baseline points="1769,1412 1823,1404 1878,1396 1932,1389 1987,1383 2041,1376 2096,1370 2150,1364 2205,1359 2259,1354 2314,1349 2368,1344 2423,1340 2477,1337 2532,1332 2586,1329 2641,1325 2695,1322 2750,1319 2804,1316 2859,1313"/>
                <TextEquiv>
                    <Unicode>für 100 g kalch und amermal den lüthen</Unicode>
                </TextEquiv>
            </TextLine>
            <TextLine id="r4l11" custom="readingOrder {index:10;}">
                <Coords points="1753,1503 2009,1436 2084,1459 2255,1425 2391,1487 2506,1412 2578,1440 2840,1395 2835,1340 2609,1367 2548,1341 2504,1374 2250,1356 2017,1380 1830,1450 1747,1433"/>
                <Baseline points="1758,1488 1811,1477 1865,1468 1918,1459 1972,1453 2026,1446 2079,1439 2133,1436 2187,1430 2240,1426 2294,1424 2348,1419 2401,1416 2455,1413 2509,1410 2562,1406 2616,1403 2670,1398 2723,1394 2777,1388 2831,1382"/>
                <TextEquiv>
                    <Unicode>für müßen zügk verkoufft, sye aber arsenenm</Unicode>
                </TextEquiv>
            </TextLine>
            <TextLine id="r4l12" custom="readingOrder {index:11;}">
                <Coords points="1783,1533 1892,1520 1948,1563 1982,1535 2005,1550 2027,1528 2047,1531 2075,1497 2128,1523 2158,1497 2206,1497 2201,1449 2132,1433 2087,1463 2012,1435 1973,1476 1859,1472 1779,1489"/>
                <Baseline points="1790,1523 1815,1521 1841,1520 1866,1517 1892,1515 1917,1512 1943,1509 1968,1507 1994,1504 2019,1502 2045,1498 2070,1496 2096,1494 2121,1491 2147,1490 2172,1488 2198,1487"/>
                <TextEquiv>
                    <Unicode>daruo Bucht zsin</Unicode>
                </TextEquiv>
            </TextLine>
            <TextLine id="r4l13" custom="readingOrder {index:12;}">
                <Coords points="1780,1622 1913,1603 1996,1637 2174,1576 2246,1616 2309,1573 2459,1566 2499,1598 2629,1544 2833,1566 2830,1515 2642,1520 2536,1467 2430,1530 2376,1496 2253,1529 2161,1496 1950,1570 1884,1522 1775,1521"/>
                <Baseline points="1787,1611 1838,1606 1890,1598 1942,1594 1994,1589 2046,1583 2098,1580 2150,1577 2202,1574 2254,1572 2306,1569 2357,1566 2409,1565 2461,1563 2513,1562 2565,1559 2617,1557 2669,1555 2721,1553 2773,1550 2825,1547"/>
                <TextEquiv>
                    <Unicode>Wirt auch bekhandtlich daß er gredt waner</Unicode>
                </TextEquiv>
            </TextLine>
            <TextLine id="r4l14" custom="readingOrder {index:13;}">
                <Coords points="1691,1652 1699,1651 1705,1643 1715,1643 1721,1635 1733,1640 1740,1639 1730,1566 1718,1567 1708,1576 1698,1580 1680,1578"/>
                <Baseline points="1695,1631 1731,1626"/>
                <TextEquiv>
                    <Unicode>5</Unicode>
                </TextEquiv>
            </TextLine>
            <TextLine id="r4l15" custom="readingOrder {index:14;}">
                <Coords points="1767,1695 2653,1631 2771,1681 2841,1639 2839,1590 2532,1614 2460,1569 2310,1580 2264,1621 2117,1593 1765,1653"/>
                <Baseline points="1773,1680 1826,1673 1879,1668 1932,1663 1985,1659 2038,1655 2091,1652 2144,1650 2197,1647 2250,1644 2303,1643 2356,1641 2409,1640 2462,1638 2515,1637 2568,1635 2621,1632 2674,1630 2727,1629 2780,1625 2834,1622"/>
                <TextEquiv>
                    <Unicode>einem wybsbild die brüst herneren möge</Unicode>
                </TextEquiv>
            </TextLine>
            <TextLine id="r4l16" custom="readingOrder {index:15;}">
                <Coords points="1767,1755 1963,1734 2004,1763 2056,1726 2210,1714 2431,1751 2543,1708 2737,1706 2735,1654 2633,1634 2443,1675 2366,1647 2323,1680 2156,1656 1764,1696"/>
                <Baseline points="1773,1745 1820,1739 1868,1734 1916,1729 1964,1725 2012,1722 2059,1719 2107,1717 2155,1716 2203,1714 2251,1712 2298,1712 2346,1710 2394,1709 2442,1707 2490,1707 2537,1705 2585,1703 2633,1701 2681,1698 2729,1695"/>
                <TextEquiv>
                    <Unicode>so müeße sy seines willens gleben und</Unicode>
                </TextEquiv>
            </TextLine>
            <TextLine id="r4l17" custom="readingOrder {index:16;}">
                <Coords points="1769,1859 2007,1837 2099,1796 2310,1814 2476,1779 2557,1829 2730,1783 2728,1728 2674,1709 2612,1739 2501,1715 2424,1753 2249,1724 2205,1750 2060,1730 2003,1764 1766,1755"/>
                <Baseline points="1775,1806 1822,1803 1869,1800 1917,1797 1964,1794 2012,1792 2059,1791 2106,1788 2154,1787 2201,1785 2249,1785 2296,1784 2343,1782 2391,1781 2438,1781 2486,1779 2533,1778 2580,1778 2628,1776 2675,1775 2723,1773"/>
                <TextEquiv>
                    <Unicode>gehorchen. habe es aber niemalen gethan</Unicode>
                </TextEquiv>
            </TextLine>
            <TextLine id="r4l18" custom="readingOrder {index:17;}">
                <Coords points="1763,1981 2266,1947 2434,1996 2593,1953 2650,1986 2883,1958 2883,1913 2728,1904 2669,1858 2536,1911 2398,1869 2320,1906 2094,1872 1986,1918 1763,1882"/>
                <Baseline points="1770,1962 1825,1958 1880,1955 1935,1952 1991,1949 2046,1947 2101,1947 2157,1947 2212,1947 2267,1947 2323,1949 2378,1949 2433,1950 2488,1950 2544,1952 2599,1951 2654,1950 2710,1950 2765,1948 2820,1944 2876,1941"/>
                <TextEquiv>
                    <Unicode>daß er welle können verschafften, daß wo mir</Unicode>
                </TextEquiv>
            </TextLine>
            <TextLine id="r4l19" custom="readingOrder {index:18;}">
                <Coords points="1666,1982 1674,1984 1681,1978 1697,1977 1716,1961 1723,1967 1743,1967 1743,1871 1722,1869 1677,1905 1666,1905"/>
                <Baseline points="1673,1964 1704,1961 1736,1964"/>
                <TextEquiv>
                    <Unicode>6.</Unicode>
                </TextEquiv>
            </TextLine>
            <TextLine id="r4l20" custom="readingOrder {index:19;}">
                <Coords points="1735,2062 1950,2031 2124,2067 2197,2027 2541,2079 2600,2022 2721,2079 2824,2031 2871,2056 2870,1954 2472,2004 2263,1947 2166,1991 1734,1960"/>
                <Baseline points="1742,2040 1798,2037 1854,2034 1910,2031 1966,2030 2022,2028 2078,2028 2134,2027 2190,2028 2246,2028 2303,2028 2359,2028 2415,2028 2471,2030 2527,2030 2583,2028 2639,2028 2695,2027 2751,2025 2807,2022 2864,2019"/>
                <TextEquiv>
                    <Unicode>zwo müß syend, alß bald 200 sy müeßend,</Unicode>
                </TextEquiv>
            </TextLine>
            <TextLine id="r4l21" custom="readingOrder {index:20;}">
                <Coords points="1683,2065 1691,2064 1703,2052 1709,2056 1719,2045 1729,2045 1724,1968 1717,1968 1708,1976 1701,1973 1692,1974 1687,1980 1677,1981"/>
                <Baseline points="1688,2045 1722,2043"/>
                <TextEquiv>
                    <Unicode></Unicode>
                </TextEquiv>
            </TextLine>
            <TextLine id="r4l22" custom="readingOrder {index:21;}">
                <Coords points="1738,2125 1959,2110 2052,2153 2113,2112 2868,2115 2868,2078 2719,2079 2614,2030 2544,2080 2406,2092 2196,2028 2022,2095 1738,2076"/>
                <Baseline points="1745,2112 1800,2109 1856,2108 1912,2107 1968,2106 2024,2106 2079,2106 2135,2106 2191,2106 2247,2108 2303,2108 2358,2109 2414,2109 2470,2110 2526,2111 2582,2111 2637,2111 2693,2111 2749,2110 2805,2109 2861,2108"/>
                <TextEquiv>
                    <Unicode>da er gefragt ward, worumb und wie er</Unicode>
                </TextEquiv>
            </TextLine>
            <TextLine id="r4l23" custom="readingOrder {index:22;}">
                <Coords points="1763,2192 1836,2172 1966,2225 2261,2178 2447,2237 2555,2191 2835,2198 2836,2137 2636,2108 2515,2151 2452,2115 2237,2140 2182,2112 2039,2153 1923,2108 1832,2161 1764,2126"/>
                <Baseline points="1770,2175 1822,2175 1875,2175 1928,2175 1981,2175 2034,2175 2087,2175 2140,2177 2193,2177 2246,2178 2299,2180 2351,2181 2404,2182 2457,2183 2510,2184 2563,2186 2616,2187 2669,2187 2722,2189 2775,2190 2828,2190"/>
                <TextEquiv>
                    <Unicode>die metzgerin durch sein schwartz kunst</Unicode>
                </TextEquiv>
            </TextLine>
            <TextLine id="r4l24" custom="readingOrder {index:23;}">
                <Coords points="1628,2231 1648,2227 1658,2235 1677,2225 1699,2240 1722,2216 1736,2215 1734,2089 1722,2091 1710,2078 1690,2076 1669,2078 1655,2089 1625,2085"/>
                <Baseline points="1635,2187 1666,2186 1697,2187 1728,2184"/>
                <TextEquiv>
                    <Unicode>eh</Unicode>
                </TextEquiv>
            </TextLine>
            <TextLine id="r4l25" custom="readingOrder {index:24;}">
                <Coords points="1763,2260 2263,2250 2339,2308 2485,2253 2843,2295 2845,2204 2785,2191 2737,2228 2646,2195 2422,2238 2332,2185 2282,2225 2236,2194 1966,2225 1765,2194"/>
                <Baseline points="1770,2243 1823,2243 1876,2244 1930,2246 1983,2246 2036,2247 2090,2249 2143,2250 2196,2250 2250,2252 2303,2253 2356,2255 2410,2255 2463,2257 2516,2258 2570,2259 2623,2261 2676,2262 2730,2263 2783,2264 2837,2265"/>
                <TextEquiv>
                    <Unicode>nötigen welle, daß sy nie den bewüßen.</Unicode>
                </TextEquiv>
            </TextLine>
            <TextLine id="r4l26" custom="readingOrder {index:25;}">
                <Coords points="1768,2343 2310,2342 2388,2388 2543,2335 2851,2357 2851,2300 2788,2314 2700,2264 2570,2314 2451,2275 2266,2317 2158,2270 2066,2309 1994,2266 1940,2302 1769,2269"/>
                <Baseline points="1776,2318 1829,2321 1882,2324 1936,2325 1989,2327 2043,2328 2096,2330 2149,2331 2203,2333 2256,2333 2310,2334 2363,2334 2416,2334 2470,2336 2523,2336 2577,2336 2630,2334 2683,2334 2737,2334 2790,2334 2844,2333"/>
                <TextEquiv>
                    <Unicode>batzen wol wiederumb geben müesse er</Unicode>
                </TextEquiv>
            </TextLine>
            <TextLine id="r4l27" custom="readingOrder {index:26;}">
                <Coords points="1738,2443 1849,2395 2104,2447 2223,2402 2536,2443 2650,2406 2714,2447 2845,2418 2846,2383 2677,2340 2408,2391 2136,2345 2071,2376 1988,2330 1929,2368 1866,2328 1740,2358"/>
                <Baseline points="1746,2390 1800,2392 1855,2394 1909,2396 1964,2398 2019,2400 2073,2402 2128,2403 2182,2405 2237,2406 2292,2408 2346,2409 2401,2411 2455,2411 2510,2412 2565,2414 2619,2414 2674,2415 2728,2415 2783,2415 2838,2417"/>
                <TextEquiv>
                    <Unicode>geantwortete habe nir uin batzen kinder</Unicode>
                </TextEquiv>
            </TextLine>
            <TextLine id="r4l28" custom="readingOrder {index:27;}">
                <Coords points="1751,2521 1819,2471 2036,2477 2091,2520 2261,2481 2469,2523 2881,2514 2882,2463 2781,2421 2633,2478 2515,2469 2456,2414 2401,2456 2239,2418 2097,2462 1955,2415 1898,2446 1831,2399 1754,2437"/>
                <Baseline points="1760,2460 1815,2462 1871,2466 1927,2468 1982,2471 2038,2474 2094,2477 2149,2479 2205,2482 2261,2484 2317,2486 2372,2487 2428,2489 2484,2491 2539,2492 2595,2493 2651,2495 2706,2495 2762,2495 2818,2496 2874,2495"/>
                <TextEquiv>
                    <Unicode>halten, da er gesagt, wan sy mir denselben</Unicode>
                </TextEquiv>
            </TextLine>
            <TextLine id="r4l29" custom="readingOrder {index:28;}">
                <Coords points="1767,2563 1865,2596 1969,2538 2590,2617 2664,2584 2847,2599 2851,2508 2703,2501 2629,2545 2545,2498 2321,2537 2231,2502 2093,2523 2036,2477 1769,2499"/>
                <Baseline points="1776,2526 1829,2531 1882,2536 1935,2542 1989,2546 2042,2549 2095,2552 2148,2555 2202,2556 2255,2558 2308,2559 2361,2561 2415,2562 2468,2564 2521,2564 2574,2565 2628,2567 2681,2567 2734,2568 2787,2570 2841,2573"/>
                <TextEquiv>
                    <Unicode>nit gebe, so behalte sy imme daßung, sonsten</Unicode>
                </TextEquiv>
            </TextLine>
            <TextLine id="r4l30" custom="readingOrder {index:29;}">
                <Coords points="1765,2612 1898,2623 1954,2670 2082,2649 2128,2684 2215,2655 2249,2673 2309,2666 2314,2581 2255,2594 2216,2565 2116,2581 2076,2559 2029,2591 1968,2555 1866,2596 1767,2577"/>
                <Baseline points="1772,2604 1798,2607 1825,2609 1851,2612 1878,2614 1905,2616 1931,2618 1958,2619 1984,2621 2011,2623 2038,2624 2064,2625 2091,2627 2117,2628 2144,2630 2171,2631 2197,2631 2224,2633 2250,2634 2277,2636 2304,2636"/>
                <TextEquiv>
                    <Unicode>er anders nüt gerabt,</Unicode>
                </TextEquiv>
            </TextLine>
            <TextLine id="r4l31" custom="readingOrder {index:30;}">
                <Coords points="1652,2737 1670,2737 1679,2743 1690,2740 1693,2743 1699,2740 1706,2742 1713,2737 1715,2740 1722,2740 1722,2680 1715,2680 1710,2684 1693,2681 1690,2684 1677,2674 1661,2691 1652,2692"/>
                <Baseline points="1659,2724 1687,2724 1716,2724"/>
                <TextEquiv>
                    <Unicode>7.</Unicode>
                </TextEquiv>
            </TextLine>
            <TextLine id="r4l32" custom="readingOrder {index:31;}">
                <Coords points="1798,2758 2263,2775 2312,2821 2372,2770 2702,2779 2761,2762 2762,2714 2531,2690 2426,2732 2350,2693 2221,2693 2175,2724 1800,2657"/>
                <Baseline points="1806,2742 1853,2747 1900,2751 1948,2754 1995,2756 2043,2759 2090,2762 2137,2763 2185,2765 2232,2766 2280,2766 2327,2768 2374,2768 2422,2768 2469,2768 2517,2767 2564,2766 2611,2766 2659,2765 2706,2763 2754,2762"/>
                <TextEquiv>
                    <Unicode>daß er sölle 30 l by ermeltem wirt</Unicode>
                </TextEquiv>
            </TextLine>
            <TextLine id="r4l33" custom="readingOrder {index:32;}">
                <Coords points="1769,2845 1869,2825 2006,2882 2056,2837 2176,2879 2390,2841 2487,2889 2768,2827 2758,2787 2450,2814 2365,2778 2310,2822 2172,2774 2045,2798 1770,2753"/>
                <Baseline points="1776,2813 1825,2819 1874,2824 1923,2828 1972,2831 2022,2834 2071,2836 2120,2838 2169,2838 2218,2840 2268,2840 2317,2840 2366,2838 2415,2838 2464,2838 2514,2837 2563,2835 2612,2835 2661,2834 2710,2832 2760,2832"/>
                <TextEquiv>
                    <Unicode>verdert haben, sy esnit mehr, dann5</Unicode>
                </TextEquiv>
            </TextLine>
            <TextLine id="r4l34" custom="readingOrder {index:33;}">
                <Coords points="1751,2926 1796,2916 1869,2965 1928,2921 1981,2934 2023,2910 2023,2885 1970,2860 1950,2865 1906,2839 1875,2870 1811,2824 1777,2855 1749,2851"/>
                <Baseline points="1758,2916 1783,2910 1809,2905 1835,2901 1861,2899 1887,2898 1912,2898 1938,2899 1964,2901 1990,2903 2016,2906"/>
                <TextEquiv>
                    <Unicode>g hins</Unicode>
                </TextEquiv>
            </TextLine>
            <TextLine id="r4l35" custom="readingOrder {index:34;}">
                <Coords points="1683,3044 1691,3043 1693,3039 1700,3044 1712,3041 1699,2978 1691,2980 1686,2979 1680,2986 1677,2984 1670,2985"/>
                <Baseline points="1685,3023 1700,3020"/>
                <TextEquiv>
                    <Unicode></Unicode>
                </TextEquiv>
            </TextLine>
            <TextLine id="r4l36" custom="readingOrder {index:35;}">
                <Coords points="1747,3080 1835,3126 1887,3076 1992,3079 2066,3125 2154,3082 2745,3073 2724,3020 2567,3019 2496,3059 2236,2956 2095,3028 1747,2972"/>
                <Baseline points="1754,3059 1803,3062 1852,3065 1901,3068 1950,3071 2000,3074 2049,3075 2098,3078 2147,3079 2196,3080 2246,3081 2295,3081 2344,3081 2393,3081 2442,3080 2492,3078 2541,3076 2590,3074 2639,3071 2688,3066 2738,3062"/>
                <TextEquiv>
                    <Unicode>Alßer befragt worden, worumb er die</Unicode>
                </TextEquiv>
            </TextLine>
            <TextLine id="r4l37" custom="readingOrder {index:36;}">
                <Coords points="1753,3151 1808,3182 1858,3135 1948,3188 2004,3156 2073,3196 2129,3156 2226,3156 2370,3204 2441,3150 2524,3152 2637,3189 2734,3141 2734,3092 2060,3126 2005,3083 1926,3110 1838,3055 1753,3096"/>
                <Baseline points="1760,3128 1808,3133 1856,3138 1905,3142 1953,3146 2001,3148 2050,3150 2098,3152 2146,3153 2195,3153 2243,3153 2291,3153 2340,3153 2388,3152 2436,3150 2485,3148 2533,3147 2581,3144 2630,3142 2678,3139 2727,3137"/>
                <TextEquiv>
                    <Unicode>14. tag wylen er by imme wirt, zur</Unicode>
                </TextEquiv>
            </TextLine>
            <TextLine id="r4l38" custom="readingOrder {index:37;} place {offset:0; length:7;}">
                <Coords points="1762,3257 1833,3213 1981,3248 2079,3229 2123,3265 2216,3229 2271,3257 2329,3216 2420,3269 2514,3216 2677,3245 2809,3221 2809,3171 2448,3160 2369,3204 2246,3160 2072,3196 2025,3163 1952,3196 1761,3162"/>
                <Baseline points="1769,3197 1820,3203 1872,3207 1923,3212 1975,3215 2027,3218 2078,3219 2130,3221 2182,3222 2233,3221 2285,3221 2337,3219 2388,3218 2440,3216 2492,3214 2543,3212 2595,3209 2647,3206 2698,3203 2750,3200 2802,3198"/>
                <TextEquiv>
                    <Unicode>herberg gewesen, daß centhor wo ergelegen,</Unicode>
                </TextEquiv>
            </TextLine>
            <TextLine id="r4l39" custom="readingOrder {index:38;}">
                <Coords points="1766,3286 1838,3321 1888,3288 2004,3326 2140,3299 2177,3332 2455,3277 2740,3289 2793,3265 2792,3217 2536,3253 2485,3226 2422,3266 2347,3221 2156,3265 1902,3215 1765,3254"/>
                <Baseline points="1772,3272 1822,3277 1873,3280 1924,3284 1974,3287 2025,3288 2076,3288 2126,3288 2177,3288 2228,3287 2279,3285 2329,3284 2380,3281 2431,3279 2481,3275 2532,3273 2583,3269 2633,3264 2684,3261 2735,3258 2786,3254"/>
                <TextEquiv>
                    <Unicode>alzeit beschloßen habe, und aber die nacht</Unicode>
                </TextEquiv>
            </TextLine>
            <TextLine id="r4l40" custom="readingOrder {index:39;}">
                <Coords points="1759,3343 1970,3357 2008,3393 2104,3354 2424,3383 2501,3342 2580,3385 2635,3336 2766,3344 2765,3281 2453,3278 2382,3323 2249,3304 2196,3332 2139,3298 2005,3327 1962,3293 1842,3323 1759,3294"/>
                <Baseline points="1767,3333 1816,3338 1866,3342 1915,3346 1965,3348 2015,3350 2064,3351 2114,3352 2163,3351 2213,3351 2263,3350 2312,3349 2362,3347 2411,3344 2461,3341 2511,3338 2560,3335 2610,3331 2659,3327 2709,3324 2759,3320"/>
                <TextEquiv>
                    <Unicode>da er daß gelt verlahren offen gsin sye,</Unicode>
                </TextEquiv>
            </TextLine>
            <TextLine id="r4l41" custom="readingOrder {index:40;}">
                <Coords points="1618,3374 1891,3435 1933,3413 2006,3466 2124,3416 2197,3448 2343,3410 2413,3451 2727,3390 2727,3357 2657,3338 2546,3379 2499,3343 2438,3383 2266,3352 2009,3395 1971,3357 1619,3329"/>
                <Baseline points="1625,3363 1679,3376 1734,3385 1789,3393 1844,3400 1898,3405 1953,3409 2008,3412 2063,3414 2117,3414 2172,3414 2227,3413 2282,3411 2336,3408 2391,3405 2446,3401 2501,3398 2555,3393 2610,3389 2665,3383 2720,3380"/>
                <TextEquiv>
                    <Unicode>antwort, vrmeldet, habe alzeit ein großen stkin</Unicode>
                </TextEquiv>
            </TextLine>
            <TextLine id="r4l42" custom="readingOrder {index:41;}">
                <Coords points="2583,3540 2606,3532 2626,3509 2640,3507 2645,3511 2651,3506 2664,3509 2671,3503 2693,3503 2684,3417 2673,3418 2645,3402 2605,3442 2588,3445 2574,3455"/>
                <Baseline points="2585,3488 2618,3485 2651,3480 2684,3479"/>
                <TextEquiv>
                    <Unicode>für</Unicode>
                </TextEquiv>
            </TextLine>
            <TextEquiv>
                <Unicode>39
len e  n an
beuche, habe er vor ungenahr 3 wuch en in
deß herren autenburgers appateck ein
vierling gefft, so man arsencum nam bße
gekoufft und sonst ein vierling an einem
anderen orth, uß welchem er müßen züg
nechr und verkuffe
Senne bekhent er daß er gerumpt, habe wol
für 100 g kalch und amermal den lüthen
für müßen zügk verkoufft, sye aber arsenenm
daruo Bucht zsin
Wirt auch bekhandtlich daß er gredt waner
5
einem wybsbild die brüst herneren möge
so müeße sy seines willens gleben und
gehorchen. habe es aber niemalen gethan
daß er welle können verschafften, daß wo mir
6.
zwo müß syend, alß bald 200 sy müeßend,

da er gefragt ward, worumb und wie er
die metzgerin durch sein schwartz kunst
eh
nötigen welle, daß sy nie den bewüßen.
batzen wol wiederumb geben müesse er
geantwortete habe nir uin batzen kinder
halten, da er gesagt, wan sy mir denselben
nit gebe, so behalte sy imme daßung, sonsten
er anders nüt gerabt,
7.
daß er sölle 30 l by ermeltem wirt
verdert haben, sy esnit mehr, dann5
g hins

Alßer befragt worden, worumb er die
14. tag wylen er by imme wirt, zur
herberg gewesen, daß centhor wo ergelegen,
alzeit beschloßen habe, und aber die nacht
da er daß gelt verlahren offen gsin sye,
antwort, vrmeldet, habe alzeit ein großen stkin
für</Unicode>
            </TextEquiv>
        </TextRegion>
    </Page>
</PcGts>
