3024 4032
701 406 1609 738 et lichle
681 536 1620 809 hernach wie man von Eimpach nach Etzikofen
675 602 1577 862 gange in einem soltz uf dem trützweg
693 707 1641 942 in einem grüenen kleid erschinnen, habe geißtfiß
674 745 1625 998 yhan. sy s leider) alda beschlassen und alß sy
671 826 1627 1060 verspürt, daß er nit warmer, sonder kalte
670 902 1587 1111 Nacur geweßen, habe sy gesprochen fesus
656 999 1600 1212 Golte wie biste so kalt, daruf er ihren ein
675 1072 1594 1258 multäßen gegeben und damit verschwunden.
675 1154 1309 1318 oder von ihra gesprungen.
592 1346 1576 1552 Iter habe ihren anhentlich der böse Bbeist
676 1491 1591 1619 in einem trinkli schwartzsamen und halben
668 1558 1583 1708 geben, Der sames habe sy gegen aben uf die
667 1627 1618 1786 weid, da daß vych gangen gesagt und befragt
660 1720 1597 1850 wie manhs haupt vych y glychwol verderdten
676 1778 1599 1898 sy w��e es nit, sy vermeine, aber nit mehr
674 1863 1577 1979 alß zwegehaupt, ie salben aber habe
664 1923 1588 2051 sy zn bach geworfen und sich nach sollothurn
652 2020 1570 2145 begeben, alwo sy ( damit sy vogem bößen
625 2089 1587 2213 Boeist ruw habe) St. Johanß Sägen über
640 2163 1569 2296 sy sprechen laßen, dan sy seige (nerwol
616 2243 1557 2367 der bößt ihren angehalten gottes deß
627 2319 1557 2453 herren zuuerlaugnen) stehts ein durh
637 2393 1560 2535 gehëpt und soliches nit jahr thun wöllen.
599 2643 1561 2805 Sonsten hat sy alte schuld ihres erseilt,
624 2733 1537 2901 uf ein gewüße zu Lempach wohnende
605 2785 1545 2974 wybspersohn, weliche sich wie obgemelt
591 2885 1531 3071 laudene namset, geworfen, dieselbe
592 2917 1565 3158 habe sy anfencklich yngezogen und seßüstn
603 3004 1582 3251 sy begert zu lernen daß segner weh zuteen
589 3097 1571 3300 weliche auch mit dem samen und halben vo
575 3148 1573 3423 gangen vnd die gesagte Klandene nit für
2773 213 2889 314 45
1786 408 2855 751 dentei er dante
1806 487 2873 813 enengmnnt
1798 561 2926 876 deß sych sturm werden oder niderfallet müße.
1806 687 2868 934 man waßer uff daß vych schulten, alsodan
1786 768 2865 1012 konne der bäß Geist und gebe demselben den
1786 967 1950 1095 tats.
1829 1102 2851 1289 So sye sy auch, nachdem Ihren Ehman, vor
1784 1160 2819 1373 dißem samen in einer strucken, hider ihren
1791 1237 2845 1459 gefunden und der sach nit wol getrüwet
1792 1322 2852 1531 gantz übel geschlagen und tractiert worden.
1786 1402 2836 1595 und habe derselbig sy Ihres Lebwesens halb
1775 1558 2084 1687 beschalten etc.
1772 1644 2740 1810 Bildet gotts und ein gonedige oberkeit
1787 1760 2746 1890 umb gnad und verzëchung dißer ihrer
1777 1847 2412 1973 begangnes mit sethat halben
1759 1979 2826 2117 im mit dem kl stein und i m mit
1771 2088 2588 2209 dem andere stein uffgezogen worden.
1759 2297 2856 2418 emnach) qd an lievorgemelter
1687 2357 2822 2502 Margreth Schiferli ersin velmütigkeit
1767 2438 2835 2562 nit komen, wif kon Sonders vilmehr ein
1738 2521 2841 2670 Runde und eigentliche bekentnuß von iren
1750 2607 2876 2732 haben frallen, derohalbe wo lermelt Iig
1738 2671 2853 2809 kür gut angesehen. H. viel Lanbach doß
1756 2738 2858 2882 bleicgerath mit bei zu thun eines geyst
1761 2832 2838 2988 liches Herrh vernans sube felches, gedachte
1738 2895 2785 3060 Schiferlinen nachmalen alleßleresten zu
1749 2986 2740 3126 examinieren und wo müglich sy zu
1781 3071 2666 3189 seundtlicher bekantnus zubrengen,
1724 3135 2749 3281 Welicher dr gdi beurlich lefelch ufgüt
1737 3223 2741 3344 Den 17. augusti d s 167 jarx sa
1757 3303 2772 3441 waln draben in der pffangenschafft, als auch
