3024 4032
401 1075 497 1169 10
437 620 484 699 9.
556 365 1570 682 senn zu euten
548 454 1018 595 sein bugner seih.
548 558 1573 878 Eeft inde lt
558 700 1564 947 leißet werden, Es sye aber sehr pfarlich
553 779 1581 1032 das es sich lychtlich schicken uelähtt, das ein
579 868 1512 1101 mit der ebarheit müse dahiden schan
561 1075 1538 1290 Der oberkeit hab rechtmeßigen gwalt
584 1172 1541 1359 an täben g'straffen. Sy wern ab
563 1257 1460 1447 Gott wil niemand unrecht thun,
510 1338 1541 1579 Befragt, war sie mit brider synd seigt
570 1494 1528 1641 er saz er wolle sy nit anelagen, unah
579 1573 1546 1703 wüße sy, wol er buteih mah nits
565 1631 1547 1813 streng gegen jnes Parrn wellen sy kheit
576 1715 1544 1877 nit ables versthad, wie es jurz erelärt
580 1789 1544 1967 werde, Elb das Chrts betolen habe,
554 1890 1522 2042 so strang gegen lüten pfarre, die ein
570 1976 1529 2126 sach eitkonent faßen die afosteb
547 2059 1542 2216 habind angehalten vermant etc. und die
550 2144 1458 2300 so nit wellen folges laßen faren etc.
486 2277 1533 2435 Als uf danstag de 13. jan 1646 Hans
499 2373 1541 2515 Stenz und Martin Gurger, absönderlich
541 2453 1541 2586 irer endtlichen meinung halben, und ob nit
485 2520 1533 2686 sy sich widerumb in unß zukeren begueng
448 2607 1211 2760 wreltind befragt worden.
522 2640 1545 2822 Hab Stänz vs antwort, zn kömne sein men
539 2742 1538 2879 nit laßen fallen, welle by sein en glauken
457 2823 1515 2966 verblyben, Vnd ehe alles berschehen, Ja lieben
478 2886 1523 3052 das blut laßen, Was ihr golt die gnad
511 2954 1531 3187 geben, das er willig darzu seren En bute
518 3042 1522 3224 aber ein pnedige oberkeid, das ime sugen
512 3146 1496 3333 herzerkeit erzeigt werden,
470 3220 1501 3441 Martin Burger gerneldet, er besere
489 3308 1495 3560 Eblyben was by dem, was Ime Gott
1580 3130 1635 3222 1
1674 686 1749 809 6
2721 281 2843 376 28
1738 417 2833 691 zuerkennen geben und sölte es eosten wras
1758 504 2825 733 swillen und begert aber darby auch der
1755 573 2825 830 gnaden und sagtwyters, das er erwünschen
1759 655 2830 852 möchte, das die hr examinatoren des Stände
1752 739 2840 932 heöten predigen, er läße die predigen nit
1727 784 2827 1006 noch auch die gebät, daseinen er der vler¬
1737 866 2815 1077 but als irer schermeain yngedenkh sye,
1720 941 2812 1138 unn solte Inen zulaßsen, Ires GottsStenst
1728 1050 2797 1216 rentlich in der kilchen gleich wie mans
1736 1125 2785 1301 as etlichen orten den mäßpfaffes gestatte,
1732 1205 2821 1369 zuuerrüsten. Dywellicht uns hern laßen
1714 1296 2764 1475 zulosen, und danzmalen die kilch vobn
1666 1382 2497 1531 unsertwegen nitmößes etc.
1650 1617 2815 1777 Vor ohiget beid Latzkorsfen dr wüsser
1663 1726 2784 1847 halßstarigkeit wegen und daß sy von pro
1680 1794 2740 1914 gt und meinine nit faller Joch sich be
1714 1873 2767 2010 veren wollen, Sind srelen 16. Januarii
1713 1952 2783 2096 ebr8 wiewol migh deliberiert zsei
1683 2023 2757 2155 uffs mehr ze schicken, doch zu verschonunge
1728 2111 2738 2245 er stel) In daß zuchtchuf gaht
1674 2166 2446 2307 Zürich uberschickt worden
1722 2545 2594 2740 Maria Sonfeiren ußen
1901 2662 2361 2801 Bischoff gebiettn.
2016 2799 2060 2878 5
1679 2827 2719 2958 Dieselb ist zu Beligkofen mit werege3
1679 2883 2697 3044 buben Soleß gerißen ergriff, vnd den
1698 2952 2709 3111 3. januarii 1648 abermalen, doch mit
1682 3009 2721 3191 fürerant der nit so sich zeter nambset die
1672 3075 2761 3259 Eie versprachen) wie schiener der es Im Jumo
1695 3173 2739 3323 164j beschehen alß ein verdächtige psohn
1711 3243 2806 3439 ohwar keiner unthatt berantlich sein wollen.
1701 3301 2752 3504 auuf dem Eyde vaß s. ich Statt vnß Landt¬
1681 3371 2153 3505 vweißen worden
1685 3480 2136 3609 Jeer an wil.
