3024 4032
674 300 1648 570 aber Jra die Ehe versorachen, vnd In Spe
693 380 1613 617 enburg sy zu kilcheß ehren wellen
681 429 1643 681 aberer damald demsch prediranten
648 513 1656 761 kein schyz fürwyßen kannen. syents
677 607 1647 835 abgeelißen worden, Nach Iten abe
682 695 1646 903 besagte Peter nach husgangen, ein
660 773 1660 1023 sehlgo abzuholen, dahbe sich inzwüsen
662 848 1645 1053 Ite erfardung gebrachte, das bemelter
682 921 1659 1152 Peter gezbothnet, sölliches auch an ine
694 1010 1659 1204 erselchet S Sy mit sime, von diser vo¬
692 1111 1660 1285 auch wegen kein kilchenrecht nit thun
684 1187 1655 1390 wollen, dahar das Kind vnehelich
673 1239 1216 1380 taufft worden sye
607 1402 1657 1570 Dene, habe sy zu Seych enner von Win
670 1511 1667 1647 zum psonstegchmuß ein leib brot und
642 1600 1636 1750 renerentter en alts bar ihn ge
685 1667 884 1756 nanen
596 1782 1642 1936 zu Brentzigkotes, mit hilf Elßbeth
667 1878 1633 2017 Bütigkofer sonstgenampt Bfleberg
651 1953 1568 2100 Elßen Habe sy ein käß entragen,
649 2098 1653 2257 Vstem lengenbergsymit und neben einer
699 2193 1647 2328 alten froüweß uß einem offnes Keller
682 2284 1481 2414 etwas wendig obsches genammen,
653 2420 1619 2585 Item habe sy hurigen Jars von einem
670 2515 1640 2686 WelfscherpPeitli und dreyen gsellen
648 2585 1639 2766 vf diesergonwer guttung bekleidt, Sol
680 2648 1649 2855 denselbes meitli warels 3 rök jedth
658 2729 1652 2935 p 1. gulds und  Gippes umb 1 lr
669 2808 1637 2997 kaufft, doch söliches nit volkamenlich
685 2891 1641 3072 bezalten. Hernacth aber habe syn ein
644 2952 1645 3147 maß angetroffen, so wräsenberantz
684 3009 1645 3236 welicher jra sölihhes alles wideru
696 3079 1636 3322 abgenamen und ffürgewent imed
701 3183 1494 3387 selben gestolen werden syen,
2827 119 2893 210 5
1735 222 2930 583 d
1749 290 2918 641 end
1736 369 2886 727 geo bees
1788 476 2843 726 nit geholffen, köne auch icht sageren war
1777 531 2801 809 zlichen gethan, alleie, halbe sy wol
1772 589 2897 872 gehlate daß Werlans Wyßer hußfre
1766 658 2856 959 allmenangen zu einer anderen alten
1726 735 2882 1020 umbschweisendel frauwes lliche
1774 812 2826 1092 sich sohnsten glußaumen nambset, geredt
1764 901 2834 1129 und man chilf gette, manahende in sein
1743 983 2911 1207 schindlers stüler, veil zugs zu finden were,
1734 1048 2834 1296 Dselbig sye aber glas wol versicheret
1776 1142 2809 1385 alß das aafz fals man nit welte, ver
2539 1230 2678 1307 deselben
1747 1224 2867 1435 eundtschafftet werden) die Lürenscherbören
1764 1316 2909 1502 müsten und wan schon den pur schon deßen
1764 1401 2808 1604 gewar wurde. Sglörffte er doch nit
1740 1485 2798 1665 herußkamen, sonders machte ehemit
1757 1568 2829 1711 do wüchtes heruß schießet, wüße also
1736 1650 2806 1790 volgen faß gemahte Glußanm daß
1755 1727 2868 1865 jnges schwartz buben, wan denen sy die
1738 1807 2873 1947 Röck gekabfft habe, alle anleittung gegeben
1753 1909 1900 2044 haben
1763 2105 2793 2320 Vn diebstals der kleicki zu Martzzili
1762 2233 2883 2401 belanget. Ist sy bekantlich, daß sy denselben
1774 2314 2883 2479 it helt lbeth Bütigkafer und Ghr�rg
1725 2377 2892 2551 Bishoßf shiugr gemelt gehalfften verbringen,
1758 2465 2878 2631 Wriveil aber jra aellen für iren drit
1740 2520 2840 2707 theil worden, ye ira nit eigentlich c
1733 2601 2872 2787 meüßen, das sy es nit geleßen, allein
1744 2654 2870 2867 habe ein jedes under jnen dem anderes
1748 2740 2852 2948 beiden pellen, gegeben, dargegen sy fron
1748 2833 2848 3063 20 strangen gar3, so auch uf der Bleiki
1742 2882 2831 3118 gsin geloßeß, faden habe ein jedes
1726 2952 2838 3174 Aru Strangli bekomen, ußem stuch
1743 3053 2881 3289 das helge sy ein kindtssake ein dack beth.
1758 3120 2839 3362 iehli k kräge3 ein söller gemachte
1723 3191 2894 3461 vnd sye Ira nach zwoselbn dauon vber¬
