3024 4032
806 296 1722 626 eit et vende
773 417 1730 682 gemuelten gweltt vn heuf teg anend
822 483 1743 777 a ts setaen
756 563 1746 832 und daß jme sby verlierung seiner
745 633 1728 912 Seligkit, soliches wiemahnn us seinege
791 712 1725 988 len senten en e
802 819 1678 1032 mehr als deümal mit gesagtem
791 875 1738 1119 Uli Hänm geredt haben und wornnd
807 973 1745 1223 er letstlich by untlysen, hatte er si
785 1032 1728 1271 2. f�ll sie gehrbeo zuetrafen, anderti
794 1148 1368 1296 nist ergangen sye.
675 1251 1746 1496 lachdem er aber auch befragt kon
732 1379 1699 1569 und ußwas ursachen, er sraff disem
747 1459 1707 1653 Lußehnr gefecket und hernacht uß der
712 1551 1705 1718 Herrschafft Eidlich verwißen wrorden
723 1619 1738 1805 hat ehr geantwortet, darumb sye si
743 1713 1706 1871 geschachen, daß er dem herr 6 Cillige kösi
670 1803 1692 1962 Sd demß alsinger haselbstih hußden
739 1893 1688 2047 etwas wengig fleiches sampt 3 müten.
689 1968 1669 2118 Korn u s ehem spyhfr irie aucht
719 2055 1650 2195 Sadel 6 lb wüllig garn genamen,
714 2134 1671 2247 habe Sitihar aber habe er sich I
682 2217 1659 2355 Oballis mit arbeit ehrlich erhalt
702 2290 1654 2432 sye sezundt sinnts und teillens
713 2374 1666 2542 sich widerumb. Nacher Uwrenburg
715 2458 1639 2591 am sein zum h oberst Lütrnafnrtn
671 2523 1633 2695 alero er zunabe auch fin zeit lang
676 2602 1688 2754 für eines kürer gedonet, Ich dense
682 2689 1663 2885 begeben und sich alhier mir anderst
676 2781 1472 2980 zu bekleiden uffhalt wollen,
655 2918 1666 3112 Alß er aber auch zu red gestelt worden
648 3009 1652 3179 wo und an welichen ort er die feie
653 3050 1658 3299 by sich gehepten drü ein lach bekanet
606 3145 1653 3358 und war ime die Lnder a Freyweisel
619 3248 1523 3493 ligenden 3 t gegeben, habe
2936 489 3029 580 65
1874 538 2976 689 antwort, er habe die 3t umb Wallis
1915 633 2925 752 gelt gewachslet unnd die Lynhacet
1899 685 3015 829 auch umb Sallis munh brkanfft, wliche
1924 750 2937 858 er erw�ßen welle, söliches gelt habe er
1889 812 2979 933 daselbst zu Wallis mit artbeit gewrunnen.
1919 880 2916 1016 und panleßwegen. Wyls er wall
1915 935 3000 1097 quittieren wollen, söliches gelt anderst
1918 1015 2996 1156 er sonst nit verbruchen könten etc. A
1907 1087 2180 1202 1
1858 1110 2802 1273 Wies also rüse umb verzyhang etc.
1885 1316 2941 1478 Den 23. dcembris liß obstenchen jars. ist er mit
1888 1433 2934 1542 Hanm mit einer glükt an sydes stath
1821 1496 2928 1630 von ir gden statt und landvverwises
1900 1567 2928 1693 und ime en monat seine sach an einarten
1897 1632 2666 1781 jonache verwiffst wrd.
