3024 4032
697 371 1710 735 au en
713 495 1720 829 snre
709 598 1709 922 end e
732 700 1694 984 n sa e
515 846 716 993 utken
706 812 1696 1069 5. Roß und den kandtbuthen Mil undere
525 926 613 979 vnd
752 889 1691 1144 idenliche roß sraiert, Vnd auch 1
704 959 1674 1215 jahr im oberen spiltal zu shrichte
710 1073 1698 1321 geweßen, Jetzundt aber halte er sich zu
702 1161 1706 1415 Merkelchen uff und züche sein wyl
698 1235 1698 1483 mit 3 khinden, sich alhie an der schöli
720 1326 1677 1556 daßer zu, sein eltesten schy aber erhalte
658 1432 1691 1614 sich mit hächlenetc und dergleichen arbeit,
654 1659 1632 1837 Den 6. ocembris 628 ist er zwyhant mit
703 1797 1667 1929 einer guten enfur sich deß versägnens
665 1845 1680 2021 Iemußigen, Ins Sthallenwgerk gefaßlet
669 1932 1101 2071 worde e
797 2328 1550 2482 Dausi von Caucl
809 2442 1568 2583 Von Ang Oberg der lamtschofftn
994 2538 1173 2666 Aschl
630 2644 1654 2838 Den 13. ocobris ao 1648 ust ing h nd ob
639 2759 1630 2925 beuelch. Ist der verehensen stacen von
604 2819 1643 3015 Frutigen sy sencklich solhar gebrachte such
612 2900 1640 3082 von Känkl von Angelberg ß der landchafft
598 2978 1640 3185 aschi durch mnyne hochehrende herr e schnekh
574 3056 1647 3291 her deß kleine raths und ern spitaln
395 3170 1615 3394 gburgn kerberswegen derselbig nit allein zu
589 3203 1647 3492 dreyen underschidenlischen hauptlüchen zungt
2881 363 2990 458 62
1859 489 2929 730 vnd seinem Niemalen gehalten, Sonders
1881 604 2945 771 auch ganz verdechtig Wyl er vilenales
1846 678 2899 873 dem spiles nach gezogen) alß solte erl
1891 727 2936 911 mit anderen sengeburlichen mithenmehr
1802 822 2946 992 umbganges sein, deß einen und andern
1733 864 2915 1111 Hanngthalbeg mitt amlich marter hecken
1845 956 2929 1151 Rollen, Welicher dan volgender
1839 1036 2879 1202 sthiken und anders nüt bekantlich
1873 1190 2044 1271 ord.
1824 1205 2958 1389 Namlichen waß sein begangenschafft jez ein
1764 1299 2954 1449 ggute Zeit dahahe gewesen, bestreffen huge
1720 1379 2951 1514 Winmah  er ei und harsden Wariten nachge
1725 1487 1805 1553 n de
1880 1444 2940 1580 zogen und sich mit würfflen und spilen
1840 1524 2958 1666 beholsfen und damit zum zeiten etwas tl0 t od
1924 1625 2282 1714 e gewunnen.
1876 1637 1924 1698 12
1926 1667 2091 1729 Siach
1713 1681 1842 1749 köne er
1719 1629 2904 1789 vnd sodtem shabeger zu weyen Hauotlühen
1708 1729 2890 1864 einals znn h hauptman Michel s in
1833 1801 2973 1932 Hauptman Drey, deme er seinen flützen namen
1858 1873 2947 1988 angeben und sich Christ Tauber genamset
1854 1945 2881 2080 und letstlich zu  sauptach zeiner
1856 2033 2919 2163 gedinget und von jedem h handu die
1832 2098 2953 2253 hand empfange. Imen aber nüt gehaht haben.
1825 2224 2909 2398 Dieb stäles halben, habe er seinem Vettern
1829 2328 2923 2447 Hanß unß Känel sein Geißli oer hernach
1864 2395 2383 2526 mt behalt genamen.
1816 2470 2919 2615 Hanß Schären von Stietz i Keßheli Rudolich
1819 2550 2869 2712 schulfn erkäß von Uschen  Kyß Stäffas
1758 2636 2901 2778 Steiner zu Müllinen 1 kragki und letstlich
1821 2704 2819 2859 Stäffes gBären von aschi jas einem ges
1827 2780 2852 2917 knuosten Dahenlunern, darin 1 t ghm
1821 2852 2895 2990 welicher gesagster stäffen trunkner wyß ne
1724 2870 1794 2948 geben.
1680 2929 1856 3047 Maser
1856 2935 2827 3065 nach gelt, zu einer ene beuolch daruß e
1857 3018 2808 3137 kemen, weliches er gethan, vnd damals
1804 3071 2691 3215 den nasenlumpt p. dahrmit behalten,
1828 3125 2820 3268 dernerf und wyters habe er keine dieben
1827 3214 2763 3335 stäl nach andere unthat nit begangen.
1825 3293 2756 3427 wellen garthin sein läben enders und
