3024 4032
770 297 1729 680 vn
779 435 1672 700 se
754 498 1726 789 vbelten
758 579 1742 875 erel ntigen
725 675 1532 928 vnbperregen.
727 766 1636 1045 e i en eneen
706 890 1573 1147 Sesen Sshes ag
1566 1036 1642 1162 ß
931 1160 1674 1421 pnulivondnnl
1053 1353 1444 1472 hirvorgemelt.
763 1441 1727 1638 den 13. octobr. anno 1646 uß mahl
709 1550 1705 1706 und oberen beuelchis e, verschindt.
732 1614 1701 1779 tagen von frütigen sy sennklich alharge
736 1686 1695 1867 brachte Pauli von Klanel von Anselbeg
742 1769 1687 1912 uß der landschafft Aschi durch ahre
715 1839 1703 1987 hochgerseten err herrn Burckhart hehe
739 1925 1701 2071 f kleines raths und h speitalmeise
702 2013 1697 2140 Kerbers der Burgehren, wegen Ve¬
743 2081 1694 2222 selbig vor etwas abgeloffner Jartz
735 2178 1686 2305 nit allein zu dreye vnderschikenlichen
706 2249 1685 2398 hauptlüchts für einen soldoften genügt,
643 2343 1684 2477 und keinem nit gehalten. Sonderssach
687 2431 1673 2547 wylen er steilmahen dem Stelen, vnnd
704 2502 1668 2656 lergleichen lychtfertigkeiten nachgezahen.
701 2589 1682 2767 gantz verdächtig sich gemacht als solte
1453 2667 1543 2738 sah
615 2687 1658 2838 er nit andere ungebürlichen wehr
673 2742 1673 2930 umbgangen sein, deß einen underanderen
688 2828 1661 3023 ernstlich erfnnmert und zugleichmt
679 2911 1640 3109 zim licher marter hecken laßen, so
671 2999 1669 3248 ußelicher das alß volget verzächen und
683 3164 905 3317 bekent
652 3151 1654 3392 nnamlichen wie nit weng, das daß
676 3247 1666 3466 er Jetz ein gute Zeit dahar kein, auße
1666 3309 1763 3407 d
1656 3388 1779 3494 vs hilh
1900 483 2941 691 begangenschafft geherten dan hin und har
1895 575 2887 742 draben jm landt dem spiles unntn
1890 647 2877 810 Würsflen nach zu zuch, mit weliches
1916 684 2938 862 mitlen er bißwylen etwas 10 a 12t
1891 766 2922 940 gewunnen und manigemal, darumb
1867 828 2909 1001 vor einem corgrnktdaselbst in äschen
1881 916 2953 1106 gezüchtiget und abgestrafft wwelle worden
1876 1052 2987 1232 Janethin, so könne er auch nit jnaberd
1890 1134 2987 1281 sein, dan daß er zum wreyen hauptlüthen
1873 1193 2989 1351 alß zum haptman Mühel s zu Jmey.
1840 1249 2962 1415 und letstlich zum Hauptman jnker und
1855 1343 2922 1487 das er dem J. hauptman Meyen diener
1862 1425 2963 1566 der inne gedinget einen faltschen namer
1824 1498 2950 1641 Namen angeben, vnd sich Fristen Lauber
1863 1574 3006 1742 genamset habe und auch von jedem capitari
1815 1657 2995 1806 15 uff dee hand empfans keinem aber
1878 1732 2896 1876 nüt gehalten, sonders sy umb souil
1857 1818 2770 1966 betrogen, vnd dargesehzt, habe,
1785 2013 2938 2146 Diebstalen halben, habe er, anders nüt,
1827 2102 2918 2235 dan Hanß Von Kauel seinem vettern
1847 2181 2977 2325 ein Geyßli, so er ime ouch behaltn genomen
1810 2269 2827 2448 Hanß Schären von Spiez ein Koßeli
1830 2375 2920 2544 Ruß Suler von Äschi i käs Stäffen
1811 2457 2905 2614 Steiner zu Müllisen 1 Kragli und
1828 2509 2884 2703 das stäffen z'piären von aschi ren
1823 2587 2977 2795 uß seinem nasenlumppen, darin e t gsin
1816 2670 2954 2868 Welscher gesagter Stäffas trunsenenwyß
1746 2740 2890 2926 zur gegeben, gelt zu einer maß wynk
1736 2824 2965 3012 beuolchen doruß zunemmen, so er gethan
1800 2919 2959 3092 den Lumppen alsfr sampt dem uberest
1814 2989 2928 3161 deß helts ime nit ofestiturert sonder
1815 3085 2967 3246 beshalten sonsten hatt, er höchlich betüret
1825 3155 2871 3332 sich mit einen anderen die6 stäle
1813 3224 2913 3465 und unthatten nit vergriffen haben etc.
1771 3302 2902 3553 Bittet umb er de umb 4rzechung
1809 3406 2872 3591 das er sein läben, furthin anderen
1802 3469 2408 3652 und bßten welte
1789 3547 2916 3765 Ist 1 m1 fär und 2 m mit dem helen stein ufgezogen.
2632 3717 2926 3823 worden
2914 362 2995 441 63
