3024 4032
662 346 1723 679 denchtland e
631 453 1694 733 und deß Msetzins, darinn gute vnd fule¬
701 530 1696 809 Fisch gefangen werdent etc. Hab er zur
735 628 1695 884 antwert, er laße disere gleuchnuß
732 725 1714 969 ampt sres ueßlegedigen gelten und er gluen
703 807 1698 1038 das wir und sygliber syrnd derseßn
738 891 1694 1108 ichbaren kilchen und sy habeit sich nun
716 972 1707 1199 van schlechter Disciptin und nit haltend
704 1064 1676 1282 haltens wegen, deß Hans von unsge
703 1140 1686 1355 künderet, man solte den aßneo sunderen
723 1278 1708 1474 ein harters sois ynthan, als nit beschehen
700 1344 1686 1538 undeles apo stolische Ban wider die trunken
687 1430 1550 1599 Bölz hurer ehebarch erbruchen,
687 1528 1694 1743 V Pfßernens fürhalten, das auch fre sunden
697 1664 1693 1821 sysens tacite zusfules fischen erkent und
726 1746 1684 1914 gleichsam der christlichen liebe zuwider
671 1826 1671 1964 verdampt, antwortet er nem, daruar
710 1937 1673 2059 solle inne gott behüten, er wüße ein
706 1997 1684 2132 karliches die fulen, oder guren fisch syand,
697 2080 1684 2219 er laß er an holt, den sy am jüngsten
677 2161 1291 2299 gricht sonderen werde.
668 2253 1681 2409 Befragt, ob grobe Lastern auch under
693 2360 1600 2487 brüderen könnt compqriert werden.
651 2436 1699 2552 Antwart dei, sonders allein die geringen,
671 2520 1679 2644 da ein bruder wider eh anderen hündige, die
689 2590 1670 2716 anderen wedit aber werdeet Imediate
673 2678 1510 2817 durch des offnen Bahn gestrufft.
650 2748 1687 2987 befragt, was er in der pfals oder an and
685 2876 1667 3041 orten, da der Banj ubesig gewesen und
695 2950 1683 3129 noch ist geseßen gsin welen, ob sauch von
673 3014 1694 3212 demselben er sich gesonderet haben wurden.
637 3106 1685 3319 Antwart weisen und beschechne roslic aber
674 3212 1672 3401 daß daselbst es eben so übel oder weillicht
2882 258 2999 368 26
1892 391 3029 632 nach erger, als alhie zugangen syn, vnd nach
1891 478 2996 731 gangen sagt er iu, so weren nicht hauuch daselbst
1851 628 2162 803 nit bliben,
1840 686 2906 909 siters eine fürgehalten, daß der aportet
1844 786 2957 956 Crotuo die Gmeind, abweliche er geschriben,
1867 863 2929 1020 heilige gmeinden situliert, da glleichwol
1865 877 2996 1106 Mütschendem und andere casterhaffte lüth
1863 991 2926 1162 vnder Juen gewesen, Item das It deb osfens
1872 1067 2969 1241 harung Johis It des 3. ersten Casillea die
1870 1167 2959 1314 gmeinden Asræ viler stüden beschalten,
1848 1244 2898 1385 und aber nichts destowenigern mit gar
1835 1308 2923 1457 fürtreffenlichen aiflen geehret welrdent,
1831 1389 3011 1551 Haußelaz heiter abzunemmen sye, das Gotts
1847 1477 2936 1608 will und meinung sye, die ghuten und die
1859 1533 2979 1677 bißen ungesunderut by und under einanderen
1846 1628 3007 1775 vylaßen und die sänderung biß uf den jungsten
1829 1723 2455 1873 ag ustzuhaaret etc.
1824 1813 2971 1982 Anteort, es laß sich mit denes dengen nit
1863 1924 2978 2061 bochen, er läße dlie gmeinden as ihrem ort
1831 2000 3000 2147 verblyben, vnd wolte sich In die Ofenbarung
1830 2076 2981 2218 Josis nit laßen, strag mah so starek an die
1843 2160 2957 2321 laserhafftes lüth solte seyhed, alß as sy
1840 2230 2949 2432 wurde wol ein beßerung ernohgen, pr
1855 2323 3008 2495 säche wol wo es uß lände, er welle sich nit
1849 2405 2979 2591 neyth zulaßen, es syend der h parseil
1830 2501 2982 2695 wir syend doch auch vron der köndischen kilch
1845 2574 2974 2770 abgestanden, Ob wir das auch neinend, das
1814 2651 2983 2889 Sogarr kein guter fisch und inen sye. Nach
1801 2732 2982 2987 Den er aber die ufsaches unserer sundung
1839 2838 2970 3042 von des dapist verstanden, hat er eitlich
1828 2887 2991 3124 bekent, daß Jad vnder sheid zwuchen der¬
1846 2981 2910 3228 selben und irer sundehrung sehr groß
1845 3057 1925 3137 sye
1840 3123 2955 3401 vßbereen anzugsten den sAmpt d. Leeroren,
1817 3207 2951 3460 das sy auch die bösen, duldes müßind gab er
1826 3272 2932 3526 Ir andwart de söllent die bößen mit
1826 3350 3035 3664 sanffmut zur beßerung wyßen, aber er habe
1832 3484 1993 3605 kamen
1832 3432 2899 3739 wolgedacht, man wurden mit disem anzug
