3024 4032
686 362 1646 615 weliches Bendicht Peter zu Fheißwyl
677 415 1635 698 dene sal etee
693 501 1624 758 sy nuth zu schwakgenkung zu haben
695 595 1658 846 dna die ehle versprochen und in schwah
696 662 1621 878 burg zu wilchen fören wellen, wylen
697 742 1613 960 aber er damald dem hr prediranten
666 807 1657 1076 kein seyn ahürwyses können, syent sy e
689 903 1659 1147 geweßen worden, Nach sein, er Pter
673 1015 1636 1241 nacher huß gangen eines schyn abze
667 1087 1653 1299 holen, hake sy inzwüschen Is erpan¬
663 1191 1647 1369 gebracht,. daß gestegter Peter gezeichet
684 1249 1638 1449 auch söliches selbs gesechet. Deßwegen
686 1328 1656 1558 sy kein kilchenwechk mit jme nit thuen
655 1442 1645 1646 dahar das kundt uiehelich getaufft worden,
686 1550 809 1637 we
627 1693 1644 1869 Item habe sy zu Spych knner von Wynn
655 1799 1644 1931 zum gfraften hinuß ein leib brot und
650 1875 1349 1998 ein alts barschu genommen.
640 1993 1620 2154 zu Brenbzerkofen, mit hilf Eißbeth Püti
660 2112 1631 2212 Kofer Selpper Els genampt habe sy
1340 2158 1454 2229 Käß.
646 2173 1630 2314 uß seinem obergadts ein mans entzucht
598 2336 1644 2487 So habe sy Hürigen jars von einem welte
671 2430 1629 2567 meitli und dref gsellen uß die argauwe
661 2488 1634 2655 hattung bekkeidt so by demselben wahren
582 2568 1618 2750 3. röteijeden et stgulden und e jagnen
601 2651 1605 2825 umb 45 erkaufft, hernach aber habe
658 2721 1613 2912 vn mahn, so tralenbekant angetroffn
641 2842 1633 2995 welicher Ira soliches alles abgenamen
570 2890 1626 3092 und fürgewent, iro dieselben entzüht
639 3036 1066 3187 waßen syen.
1750 362 2833 624 Den Diebstal tefeler bleibi zu Marzi
1781 396 2907 690 belanget, ist sy bekantlich, daß sy denselben
1787 506 2842 749 mithilff dr beiden vermelten versehnes
1788 572 2834 847 gehölnen gholffen verbringen, wievil
1726 642 2858 908 aber Irm an ellen fur ires drites theil
1796 686 2898 958 wanden, sye ira nit eigentlich in wüßen,
1878 772 2949 1010 eb nit gemeßen, allein habe sy jeden
1780 859 2913 1118 des anderen beiden, 7. ellen gegebet, dargeg
1782 952 1885 1057 das
1796 963 2847 1198 jra 20 strängen garn so auch ufder
1722 1042 2880 1284 blnki gsin gelahben, Faden habe ein
1770 1126 2908 1375 hdes deu Stfangli bekommen. Ußem tuch
1774 1229 2900 1431 das heig sy ein Kindessack ein darkbeth¬
1771 1295 2879 1502 ziechlih kragen in gölller gemacht und
1772 1376 2884 1577 sie tra nach shwo elles danan überkliben,
1743 1479 2897 1641 Buß oberg einem Hartzer die ehl etc. 2 b.
2212 1567 2578 1663 adher
1732 1612 2033 1737 verkhaufft
1723 1702 2808 1878 Gitte Gatt vnd ein hoche aberkeit,
1717 1829 2665 1964 umb gnad und verzychlang
1854 2523 2571 2722 Christen Maria.
1969 2640 2702 2841 den satler, so m bösem verdachten
1661 2753 1706 2839 ub
1653 2701 2866 2985 vnhach dem derselbig den 19. Augusti diß
1774 2782 2877 3074 1647. jars Vermag und gden befeln durch
1715 2850 2864 3147 ondicht Manti deß leinen j Brath
1743 2919 2830 3221 Ludwig wer deß großen raths und s
1719 2990 2839 3312 Grosweibel bes sßunstenbergers
1727 3114 2835 3538 aagen
1735 3180 2843 3622 veen
2863 168 2924 239 3
