4000 3000
80 64 172 125 10.
222 30 1023 148 Here (der sic hrach heneß gerenft Vagnier
234 165 1037 287 ranevokit
216 267 822 381 by Berchier
240 404 1005 522 Pff Meintag den 21. Juny 162
204 474 1055 575 den gegenwürtigkeit der fromen, fürnommen, wys
212 532 1056 633 Herrenn, das ider amnans deß zhatts habins wyr
202 588 1053 693 mans der Burgerenn unnd dalbid von Büren
198 653 1053 754 Droßweybels, hatt Vierre Vagnier von Ruein
211 718 1043 818 by Berchien sines alters ongefharlich er oder
204 784 1054 889 14 Juric, daobenn vn der Mannenkef feyweille
208 845 1016 959 Wnnd ihnemarter bekens band berführen
206 915 420 1023 wie folgett,
210 1018 1055 1126 Namlichenn, vnnd dos erstenn als wor nach ston
216 1105 1064 1205 abgewichnem horpf in gefangnens vatter Ihme
219 1158 1038 1272 den ein holtz by Rueire getragenn, sye Ihne
221 1231 1048 1323 der böße geist in schwarther gesthalt mit hörnac
227 1291 1061 1399 und füßen, so eins ochsen füßen aliigen geschienen
232 1350 1048 1459 h sehtein  ghen seien ghan, ebettlich der böse
224 1415 1028 1519 et  i gan   ir gehen
237 1482 1052 1588 ge zeischwe  das dad das zu ehren schynbar ud
242 1549 1047 1655 Vnd hab Ihme daby geshröüwt wan er gefange
228 1604 1041 1731 seiliches Jemandts offennbare, so wöll er Ihn
234 1682 1041 1787 schlachenn, Vnd als er es hernach denn luttenn
225 1750 1055 1870 gsagt, hab der böß geist ihn gschlagen. Und als de
222 1833 1046 1947 bößgeist ihmne gezeichnet, hab er ihme ge-
210 1890 1043 2009 raugnen  sines bedunckens gelt geben
204 1966 1050 2074 Das habe sich aber hernach nur eychlaub syn befund,
201 2067 1062 2211 Dammathin sye ihm der böse geist diß fars zweynt
221 2169 1046 2266 zu Pätterlingenn ershienen, unnd hab ihm jah ein
217 2224 1034 2335 mal ein büchslin voll schwartzer selbenn und ein
222 2274 1043 2402 aufenn gebenn, mit betbelch, luff vnd wych damit
229 2339 1058 2453 zuberderbenn, wan er das nict shuge so woller Ihn
243 2424 1035 2524 shlachenn vnd als ir seinliche salben, vnd gufen an
227 2474 1049 2601 ein gwüßortt ghalten, habind die kind vof der gaten
215 2540 1059 2668 deßenn vohargnommen, und es darnach vun ein bithe
222 2632 512 2736 gworffenn.
1936 53 2047 137 11.
1184 156 2075 288 Item der böse geist sye sonnst zu underschidenlichen
1219 244 2073 352 malen zu ihm f�ten underleylen sy eines menschen
1219 305 2064 413 Underwylenn aber s reverenter vmelden) ien
1223 358 1688 456 eines schwynns gstaltt.
1226 431 2044 563 Vnd ufein tt haber ih weredt, uo n
1230 513 2033 622 zuche keynn ob einer eyn, Ja hab er aber nur
1230 573 2081 683 mit guns zmalden) bruntz darußzogen
1227 641 2069 769 Iom der bösegeist traffe Ihm stulle an wan
1234 720 1736 802 er nit by dem lütenn sy0.
1202 791 2063 928 Iem als er gefangne einest zu Nüwerburgam
1241 874 2045 981 e geßenn, ye jer bößgeist zu ihm komenn
1212 935 2069 1038 Vnd hab Ihn eingufenn gebenn, Vnd gls en die
1223 988 2048 1100 ann einer katz geprobiert sye sy am Tag darnach
1222 1060 1508 1143 verdorbenn.
1213 1100 2084 1238 Isam dar böß meit hab ihm snnß mber zufrnm
1235 1197 2035 1301 gebenn und darn die iun ef gworffen, hab i
1232 1243 1856 1361 Böß geiß ihm drum gschlagen.
1211 1328 2078 1471 Dsem als in gefangne sich umb 8 fubin umblar
1239 1410 2092 1525 enthaltenn, hab Ihm der byß geist zu Vnderschiden
1223 1479 2074 1588 lichen malen büchsline gebenn, Die hab er aber alle
1223 1548 1667 1649 hinlorg gworffenn
1212 1601 2068 1743 Endtlichen halber bekennt, dar böse geist hab he
1211 1694 2061 1796 Diß fars samer pulber gebenn mit betbelich es in
1223 1751 2088 1867 unnd hars fun den mallen zu seyen mit vermalden
1209 1810 2096 1917 Wan ers geye so worden trth unnd wych danbon
1221 1874 2049 1993 verdärbenn er gefangne aber habe seinliches
1224 1948 1764 2061 pullber Ins waßer gworffenn
1218 2052 2084 2176 D 22. juni Ans obsatt hatt abrmelter verfanget
1225 2151 2101 2254 dem s Großweybel sonderbarlichen bekondt, Namlichen
1246 2204 2037 2305 als der böse geist uß einer eych (wie obberlütfert
1234 2268 2081 2362 an statt weyns (treverenten zmeldenn) beuetz zogl
1202 2322 2097 2433 Da sye daselb son an einem brtthpiß ein kind und eine
1226 2383 2094 2499 schuff gstacket, und hab er gefangne den woiß kmbhis
1205 2452 1550 2551 Ienn müßenn.
