4000 3000
70 43 164 103 116
188 77 937 201 derglychen vngeber hiemit desto mehr haben zu
195 131 934 239 huten unnd gannter, ein stundt lang an das halten
189 173 924 303 gestellt unnd dem nach ihm ihr henet gewißen
197 225 419 300 werden sölle.
165 249 945 383 Dißer Uetheyl uff uff Dontag den 26. januus
205 323 860 427 B 5. jars an ihra erstattet wordenn.
191 481 944 691 Cunradt Schneicer
345 626 794 744 von Massmünster.
84 924 969 1036 Demnach minen gnädigen herren und ober
219 1007 969 1082 von gwüben orten har bericht zu khommen, was
216 1048 978 1131 Vngebürender maßen gegenwürtiger Einradt Sehr¬
218 1099 976 1185 sines handtwerke ein blaßbalgmacher uß der stat
211 1146 987 1229 Maßrünster bürtig, sich ine sinen täglichen reden
92 1196 954 1277 thaten en annge schushen verhalten vnnd verzeigt Inn dem
228 1247 973 1322 er namlichen Vngeacht vilfaltiger frundtlichen ab¬
231 1289 975 1384 manungen inn einem rychtffertigen fluchen, schweere
225 1338 975 1432 vnnd Gottslesteren (welches von Imme vast Im
232 1395 973 1479 allen men reßen gehart werden müßen, auch miß
232 1440 948 1517 bbruch deß thuren namens gottesund siner
214 1482 975 1557 heyligen sacramenten, jinmerdar fortgeschritte,
229 1534 957 1609 vnnd mitler wylen gegen mengkklichem So Ime
228 1583 966 1643 von siner unsaglichen gottloßheit mit wotten
228 1631 969 1698 abgehalten, in sölche schmach und tiönwirat
228 1668 974 1738 ußgebrochenn, das niemandt vor jeme rur
232 1710 977 1774 sicherheit haben mögenn, sonders dnn gefhar leen
225 1759 971 1836 lebens und habender eheren seiethalb stahn müße.
224 1797 985 1894 knnd es nit by dißerem beruuwen laßen, sonder
216 1855 966 1941 vor etwas abgeslarffenen zyt, als man uß
228 1909 972 1987 anlaß von der muntz vnd gehalten, er vnder
219 1950 966 2028 anderen woten mit lauffen laßen, die vom
188 1998 971 2086 Bern machit fule müntz, dann an iren krützere
224 2040 965 2139 sie bloß kupffer vnnd gar kein silber, vnnd als
205 2097 965 2188 man ihnne ermandt solcher reden zugeschwygen
209 2150 977 2240 er therners so wyt ußgebrochten, das er gered
203 2199 973 2288 habe, die herren von Bern syendt schelmen un
200 2237 977 2339 diebenn. Neben dem sich auch vermesigken laßen
206 2290 969 2376 wann er einer wybsppersohn zwen einger uff
213 2337 975 2424 die bloße hut brangen unnd die brüff betasten
210 2382 975 2460 möge, drselbig sines willens mit junne pflegt
211 2438 984 2506 müße, wie er dann albereit ein sölliches ers
195 2473 984 2575 gwüßen wybspersohn angemutet und mit jmme
197 2531 956 2625 darzuon ze züchen angewißen unredlichen un
196 2575 467 2647 Biebischer wyß
1838 64 1920 128 117
1075 89 1955 225 nd über Jac gehhab sichs leiten) nachso wyl vor
1091 161 1943 263 geßendt, daht er fur die erschrockenliche, abschüchliche
1084 217 1940 303 verzwyfflete vnnd mehr dann tüfflische
1088 257 1975 344 unsinigkeit gerahtenn, das er wider alle sgör
1089 301 1928 385 lische unnd mentschliche eatürliche, grystliche unnd
1084 346 1919 433 wältliche gsatz unnd ordnungenn die hoche unnd
1091 388 1940 478 hseylige masistat gottes unßers schäpffers unnd
1088 433 1946 522 erlößens wise auch die reine zum gfrauwen mariam
1072 481 1922 570 hinsmuter der gstalten mit siner lasterhafftenn
1086 524 1882 615 jungen schandtlich verlesteret unnd geschmächt
1087 572 1979 658 das es von einer kerblichen creatur und sindthafften
1092 615 1976 696 mentschen mit nichten inn sein genommen vil wenige
1083 662 1972 757 ußgesprochen unnd geredt werden söllen und deßwegen
1082 716 1931 792 vor fnentschlichen ohren als innall weg zu hören
1093 760 1947 853 unwürdig unnd abschüchlich, eßer zuverschwygen
1087 814 1928 888 wedes aber zu offenbaren. Habeit hochgemelt
1076 860 1921 957 hhr Ezu uff söllichen empfangenen bericht uß
1076 904 1965 1002 schuldiger unnd von Egogt dem allmechtigen ken
1095 960 1913 1035 anbenolchener pflicht keiner gestalt underlaßenn
1092 1016 1907 1096 khönnen sollen noch wöllen dißem grüwlichen
1087 1048 1906 1149 grüwel unnd bißhar unerhöten gottlesteinig
1088 1097 1910 1180 eigentlicher nachzeforschen, vnnd den grundt der
1101 1146 1839 1226 warheit wol unnd flyßig zuvernemmer
1095 1191 1947 1292 Wyllen dann haruff im gwüße ertharung gebracht
1101 1251 1939 1332 wordenn und ußen acht redt eher unnenworffner
1100 1304 1981 1383 mans, wie zu glych auch fünff eherenwybpprsonen
1103 1346 1889 1429 gegebnen khundtschafft sag sich heiten unnd mehr
1088 1400 1967 1472 dam gnugsam bekedt, das ja solche grüwliche
1101 1431 1973 1519 fluch unnd flasquemeae uß gemelts  schmitters
1094 1486 1943 1572 verflüchten mundt eheinergeßhner wyße ußge
1106 1529 1847 1614 schlagen unnd volgendts erhönt worden
1100 1581 1974 1653 vnnd er hiemit deß einen vnnd anderen mit khundt
1112 1627 1976 1702 schafft überwißen. Deswegen er dann verlucht
1108 1688 1968 1759 scöttlichenn wrorts unnd aller politischen welt-
1101 1735 1901 1819 lichen rechter unnd satzungen sin lyb vnn
1106 1784 1424 1858 leben verwurckt
1534 1774 1941 1868 Als habent hoch unnd
1112 1832 1941 1916 wolgenandt nun gnedig Herren vnnd Oberen
1102 1889 1971 1965 schuldtheyß rhüt unnd burgen dißer loblichen
1101 1938 1904 2019 statt beren uff iren gethanen eydt zu
1100 1996 1667 2075 Recht erkhendt vnß gesprochen
1081 2026 1931 2134 das man inne dem raschrichter beuelchen der
1101 2102 1941 2183 Imne oben uffuff gewohnliche richtstatt thunen, imme
1119 2141 1986 2234 allda beuoldertt sin lasterhaffte jungen uß sinem lesten
1113 2200 1941 2257 mundt mit einem mähen scheyden, dieselbiget inn die
1110 2232 1974 2328 angesicht werffen volgendts sin haupt abschlachens
1112 2278 1974 2356 unnd gsyn mit dem schweidt von leben zum todt
1106 2342 1801 2422 nach keyßerlichem rechten richter sölle
1066 2402 1969 2526 Dißere Urtheyll ist uff sambstag den 25. januarii
1101 2470 1836 2563 615 jaro an imme erstattet wordenn.
