4000 3000
74 47 179 123 36.
233 112 1049 264 widerum hinweg gefragen wüße nicht whin
225 199 1025 315 zu Iistem Diebstal aber habe er gange, Wun
224 263 1027 392 gar mütt gholffenn, dan er gar Frnncken
225 332 1032 447 gsin. Ertroffend die klägenn, so de
235 402 1035 518 jungen Wötten bach enbrucklh worden, habe
227 467 1011 583 bemelte zwerknechtenn dieselben Im
242 534 1015 655 einem fack und ettlich zur Böglin gham
236 604 1027 713 Vnder vnselbenn habind sey heen frägen
231 668 1024 798 da gusenn. Ey gefangne hab vmb dise
231 744 824 867 Pach ouch anders nit gwüst.
225 832 1017 977 Sakt keinerandernn mißhandlungenn ge¬
221 920 778 1037 steundig sin wollenn
366 1613 1047 1720 a t 1
1046 1821 1176 1894 smit
1052 1872 1186 1931 sunst vor
224 1842 1212 1992 ff Donnstag denn 4 tag Win zusterlichen
221 1943 1206 2052 vormonats diß 1613 jars dum gegenwir ihrem somel
229 2001 1140 2093 figkeitt, vnnd anhörenn der fromenn, furmeidtenn
236 2060 1032 2164 Wysenn herrenn Jacob Bormans, daß Rhatt
235 2108 1047 2232 Brundicht Walthartts der Bungerenn un
229 2174 1056 2305 Datbid vbon Buronns, Großweybels vnd
239 2239 1062 2362 elllicher weyblenn miner as herrenn und dr
223 2292 1047 2426 Dienorenn Hatt gegenwürtiger Christen do¬
245 2360 1056 2473 vom vbatterwyl der kilchore wenenn pürs
251 2423 1057 2544 nachgelietforte schwäre mi shandlungen zu Matt
228 2496 1056 2613 bekentt, verPährnn, auch mit der marvor ghat
1113 2533 1201 2641 A
236 2593 583 2680 vnnd bestättigett
1934 17 2053 111 27
1141 163 2083 330 Nemlichenm vnnd deserstenn haber elichenn
1168 244 2050 393 personenn falschlich fürgebonn, wie das Ihm der
1174 282 2068 442 he Vogt vom Torborg ein schrifftlichenn schigen zu
1171 369 2028 524 gestelt habe, daß Inhaltest da man Jhme Bordi
1177 425 2058 572 ab Jedem gutt zwey mäß korn mitteilen vien
1185 510 2007 618 stüwen sölle, vnd, als sy sich gewidngette
1154 575 2076 704 Vob eeiste ettlicher gstaltenn Parzi owingenn
1163 678 1334 775 wollenn
1138 741 2067 905 Dannaßsin hab er auch seinen Nachkurenn vndt dem
1194 802 2079 960 biel getröüwt, aber sy habind ihm besach derzu
1179 928 1446 996 nebenn.
1862 943 1925 999 e
1595 936 1656 1007 ß1
1174 988 2085 1131 Iem, so habe er vnderschedenliche perstnen geschelt
1191 1070 1797 1171 Vnndan dwein ehren berleßttt
1235 1159 1345 1231 I
1174 1148 2085 1294 entlichenn hatber bekont, wie whar seye, das e
1177 1252 2103 1357 Vor ettlichenn Parenn (wüse nit, wielanges s
1193 1300 2107 1413 Ieuar synn nöge) als er namlichein zu Whattenn
1177 1364 2093 1478 wyl dun Vogelshaltenn fichen Galtenn (wüße
1224 1446 1377 1499 peygenlich
1208 1425 2099 1539 nit, wie lang es fider darsyen möge) durch ein
1216 1501 2094 1613 so zuordenliche, scheidtliche, vand vnworschliche be¬
1209 1568 2115 1670 gind sye ingenommenn wordenn, das er kieh sleider.
1199 1624 2091 1728 Gyttlichenn Naturlichenn, vnnd Weltlichem
1205 1690 2101 1801 gesathenn, vnd also allenn groffenn bareten Recht
1211 1760 2124 1868 unnd ordnungen zu widersbend engegene
1220 1820 2112 1928 Im sines vatters stall mit einem vottem kalbeli
1232 1890 2114 1979 s sindes vatters gin abschüdklicher unnd bnchister
1223 1949 2127 2069 licherteys beflecket vnnd vergestenn habe. Vn
1213 2018 2086 2126 sye er gefangne Josmal angefarlich hochenfärig gsin.
1220 2096 2102 2222 diemebenn hatber auch bekentt, Als er hievor der
1216 2176 2097 2302 hieigenn gefangenschafft ledige worden, sye ihm f
1231 2230 1360 2282 zushehbe
1216 2243 2094 2347 dem Bolingenberg siner Cathbaren einer
1212 2303 2062 2419 begegnett zu welchem er allsbald gespprochenn
1202 2353 2125 2498 er habe wider Inne gefangnenn falsche kundtschafft
1205 2416 1313 2513 grob.
1203 2519 2098 2649 Item als er vor etwar tytts allhie in dr Gnademn
1204 2614 2083 2722 banden gelegenn, vnd vef ein Aurch duno geschworenn
1209 2668 2133 2797 Urphrnd ledig gelaßen worden. Habe er seinliches brphren
1208 2723 1890 2836 vbersechenn vnnd Jarwider gehandlett
