4000 3000
73 4 177 77 18.
212 77 1072 219 alle den gfencklich dezogen, Vnd nach demfelben
215 168 1078 267 zu Vnderidenlichen malen pynlich befrngt word
197 218 1071 328 Da den elbemelte Ehßbett Fiekand nit allein si
218 283 1062 395 Vff obbemelter dres anclegtt styff Vorhatolt
206 334 1066 446 sonder hatt ouch folgende pundten ohne trauch
216 394 1071 505 mit der marter erhalten, Namlich, dz, als hr Pete¬
222 455 1080 575 Miyshanen (zu Vstistorff kranck glegen, eines
219 520 1062 631 gedachter Bucher zu Ein kommen, vnd Ire de¬
233 581 1068 710 schlüßel ghöüschen, so zu des hr s huffer hörte
236 651 1053 770 shan, und dazial daniden zu bitzi orf de
224 722 1071 843 Wietshuß an der wand ghanget den wellichen
219 779 1062 894 bufett der Jenig schlüßel gsm, so zu dem ro
221 841 1062 963 ghöitt halb darium hu Wyßhanen den gstell¬
233 913 1058 1029 schafft ein Mezrgeren gebt gheuligen, sich er
218 974 1034 1094 prettende wan sy Fiekandin Ihm dißem
237 1032 1071 1152 schlüsel gebe, wohle er nachtt hinlfl gan ke
239 1092 1062 1205 wandlen, dergstalt, das er moggens widerum
233 1154 1053 1276 möge mit dem Schlüßel zu Cppistorff synn
233 1224 1056 1327 In wellich fin begären aber sey Firkardin im
239 1291 1058 1375 willtharenn wollenn, Item, der obbem
230 1346 1055 1456 trog vnnd zug sye Ihme Bucher off, vnnd
229 1403 1065 1515 diek abgekorderett worden, er hab ihre aber im
227 1476 1064 1577 malenn weder das ein noch ander widerbefe¬
233 1532 1073 1630 wenn wollenn sonder sy letstlich mit böt
230 1593 1065 1702 bscheid abgwisenn. Item Bucher habe sy
235 1655 1062 1771 ein zytt durch ein awäg dnn Brengarsem
229 1722 1068 1850 gfürtt unnd daselbs bbegracht sy nit hurdi
224 1793 1070 1917 gin, bschlaffenn. Bomen Bucher, vnnd alle
224 1863 1065 1978 melte Küngold Loüpscher habind sy friehar
228 1926 1058 2046 stäthes vffgwisenn, sy föhle von dem golt
231 1999 1065 2132 Wyshenen ir herr sdrapswan geben, dn
223 2048 1065 2191 kruffenn, etwas bhalten, dar herr sye guts
227 2131 1059 2248 mögenns, mog ihm nütt schaden, In welchem
212 2205 1065 2319 Ihnen gfolgett, vnd also etwas golts zusamme
221 2273 1054 2387 gwatt. Item sy Loupscherin habe gedachtem s
226 2328 1072 2473 Wyschanenetwas wärchs und ettliche si
224 2423 1074 2532 hußrhatt ensfömbdet: hatt hieneben auch ande
218 2468 1072 2617 Vmbstand anzeigts, daruß stharck gemuttmase
2006 48 2067 110 19.
1247 96 2115 257 dr Bücher unnd in frawe Unrechtfratig gut
1253 191 2092 283 zusamen glegts, unnd wol so bald ufe geagts
1245 243 2083 359 Wyßhanens (gutt etwas erfleömbdes he
1237 323 1332 390 bind
1251 381 2080 525 Wiewool nun gber dem allen also vnnd neben
1241 478 2085 589 dem Vnder Buchers Jufabal lyntadt eitliche
1236 541 2082 634 Zwähelin, daruff sampt einem schuezz, daram
1246 597 2094 721 Wyshauens (zeichten, namlich ein nestellöchhe
1247 656 2106 768 zusechenn. Derglychenn zeichen aber doch es kuche
1244 713 2091 824 zuvor verneinet, hinder ihm zu finden syne
1232 787 2081 895 Ihem das vnder sinen schriffen, vnnd gwarsamen
1245 848 2061 970 ettliche handschuffenn, vnnd ander bueffenn
1248 905 2109 1035 sind runden worden, die abglößs und zalt sind und
1232 978 2072 1104 aber eßzen vngeachtt nit cancelliert, auch kein
1255 1051 2078 1167 solvit daruff gschribenn. Item, dhm Gneineth
1245 1105 2109 1220 hatt, das ein andiser wybsperson in silberin bächer
1249 1173 2077 1287 pfandts wyß hin dor Ihnn glegtt habe, Ja aber
1249 1241 2054 1353 ganfiechte hinder ihm funden worden, welche
1232 1300 2056 1428 heiter bezugend, da u selberin bucher gare
1237 1375 2090 1483 jhrne bucher syend uff die gand gethan worden
1232 1439 2073 1551 Wem das er Bucher Vnnd fin Inßfrouw In
1246 1503 2099 1615 sonderbarnn umb tänden nit mit einanderenn
1253 1552 2100 1667 Vbrr eingestimbtt: So hatt doch Bucher, Vin
1256 1634 2100 1734 in frouw keiner mithandlungen gstendig fir
1232 1688 2100 1806 Wollenn, sonder das sy beschuldig yend es müte
1237 1752 2109 1865 nacherlutfenser marter erhalten. Jargegen d
1235 1817 2106 1933 gedachte Firkandin vff obstennder dier anclegt
1252 1885 2113 2004 styf vorherrett. Derwegenn dann Bucher vnd
1237 1952 2099 2065 ein freug f 2x Jaly 1613 vom der Statt
1246 2014 2126 2128 Verwisen gedachte Fickendin aber vff dem 28
1242 2076 2131 2189 bemolts Monatts, vnd dars Inn Ie heymet gwisen
1224 2148 1352 2254 warden.
1223 2214 2117 2334 Bemeltor Bucher Oß das erßmnl zu Mirzile
1237 2303 2109 2396 einestlau vnd bum anderen mit dem kleinffen sein
1244 2352 2111 2459 vfzogenn worden. Wie dann ouch zum anderenn
1244 2406 2097 2504 mal beschechenn. Vnnd zum ditten mal dt er mitt
1239 2465 2108 2572 deyenn steinen bfzogern, vnnd endtlichen Inn
1228 2523 2013 2634 Dielingers thum Vl die brachenn glogt worden
1231 2581 2112 2696 Im tromo Ef restlich mich dem Vnmysenn vnnd
1214 2653 2123 2751 do darnach zu Matzili einest läg zumanderen mitt
