4000 3000
74 15 170 111 6.
239 63 1107 275 . Mab s Soltrhher Hnd kung
227 169 1078 299 Auch die komen Rutnommenn wyfenn derornn dacob
227 219 1089 367 Torman, deß Rh des, Adriann Vonner der Burger¬
237 278 1072 402 vnd Sebanstiann dm Hang, als verwäforenn deß Heri
225 337 1060 454 Großweybels vber gezigke diebstul zu Mardic¬
227 395 1083 525 befragt wordenn, Hatt aber keiner anderenn mißsind
225 452 764 552 lungenn gständig synn wollenn
243 536 1094 727 ff 3. mi 166 is diser Hans krnpß e
234 650 814 746 pin censur ledig glaßen wordenn
243 912 1065 1061 asg 1
262 1005 1065 1122 dees Brouain, gebendere.
253 1216 1055 1376 6f 1. may 1613 imn gegenwüntigkeit der
224 1321 1081 1414 frommenn fürnommenn, fürsichtigenn wysenn herren
212 1375 1056 1456 Sammel Holters, daß Rhatts Niclaus Ponnors, der
234 1437 1068 1532 Burgerenn vnnd dalbid vonn Bürens, groß¬
200 1486 1082 1599 Miee sich hhhe Krah Rheteh Prohmen, ge¬
237 1561 1073 1668 brudow, vonn Balire by S. Beonhartts berg pür,
219 1622 1074 1737 tig vber gedigte diebstal zu Mardili exaniniert
246 1696 1089 1804 wordenn, habend aber durchlbß köiner mißhandlung
218 1742 713 1846 genn gsteundig sie wellenn,
238 1834 1073 1946 Vnnd Ist bemelter Hans einest lär, vnnd das annder
245 1906 997 2012 mal mit dem kleinstenn stein vffzogenn worden.
238 1965 1103 2098 Vnnd diewyl sy nun anders müft bekonnen wolle,
229 2065 1065 2175 So siennd sy vof ein censur geledigett vnnd Inn
223 2120 708 2230 ihr hiemah gwißenn worden.
2017 81 2077 160 .
1247 255 1896 385 ulius nolie
1333 356 1916 466 BonMeiei purtig
1347 495 2102 636 einnach Nicbaus Rolli Bonr
1255 580 2115 694 Muri Bürtig vor etwas tagenn dnn gekoncken
1239 645 2069 762 liche Vorhafftung kommenn vnnd vff seinlichen
1247 706 2090 812 Vß die Guedenn bebolch 16 P 3 Juny 16
1242 779 2111 877 Auch die Prorten, furnemmenn, wysenn herrenn
1244 843 2120 931 Datbid Amsann, deß Rhatts, Peter Vorman der Bur¬
1250 893 2096 999 gerenn unnd abid vonn Burenn Großwen
1256 947 2068 1052 bel Inn der Mantzenbefi sines ein zytt dahar
1248 1013 2115 1129 gefürtenn wandels, als ouch finor schulden, ban
1251 1078 2099 1181 gegennschuldenn halb, mit ernnschafftem wortenn
1258 1139 2127 1246 examiniert unnd befragtt wordenn, hatb er fole
1257 1203 1767 1319 gendenn bscheid gebenn
1223 1324 2108 1441 Erstlichenn betroffennd die Jäniar wybspersonn
1251 1394 2129 1495 Anna Rychard genampt, sye dieselbe nit lenger by ihr
1259 1463 2128 1552 gsin, dan ein monats lang bnnd ihs inn dien tswyß
1244 1510 2094 1611 In welcher sytt er sich mit dra vergangenn, darum
1256 1566 2139 1669 er aber abgebüßt habe. Und do man Ihn gfragt, was
1258 1621 2100 1713 er Ihra Slhon geben hatter vormeldes, anders nütt
1259 1680 2162 1787 dan Creverenter smelden) ein paarschuch, betresfen
1260 1733 2104 1831 das such zum rort, hab e ihr daßelbig umb bien
1250 1792 2106 1885 verkouff, daran sy ihm ein teil behalt ein teil nitt
1250 1854 2108 1957 und ob sy glych wol möchte gelt ghan han, so hab er doch
1247 1914 2108 2017 dra keins gebenn Das er aber gesagte Anna hinab
1258 1974 2133 2073 gan Sollotharen bscheidenn habe, das sye gantz nit
1247 2035 2121 2129 sy möge wol vonn dhm lürgebeun habenn, was sey
1235 2082 2126 2198 wölle, glych wie sy vben anderen auch sachen grott
1251 2151 2124 2261 die nit wharhafft. Er sye nit von Irentwegen gan
1259 2198 2167 2327 Sollothue zogen, das er mit Ihr zum Land hin vß zuge¬
1250 2286 2120 2398 sonder allein darim d er sich daselbs ließe schnyden
1247 2338 2156 2467 unnd arfrnren. Und do er gefragtt wordenn, ob er
1257 2414 2170 2540 sonnst kein Chäler mher begangenen habe, hatt er gsagt
1247 2470 2170 2585 Nein, dan allein noch einenn mit einer keßloom t.
1250 2537 2092 2644 die erglychfhalb gedinget ghann, syn frouw sye
1242 2595 1989 2708 Ihm aber schonn dosmal gstorbenn gsein.
1236 2659 1514 2769 f Elsi gerauff
