4000 3000
34 52 147 129 114
109 1441 159 1509 2.
169 37 951 187 Deme habet er vnnd in gesellen zu Melliger e
185 108 973 260 fleder, als haben. Ssy rock und hanbde alsi
185 157 592 240 unnd demnach verkhaufft
164 211 863 303 Item haben sy beid zu Müllhußer neben
879 265 921 319 tl
163 262 881 345 daselbsten veruntrüweten kleideren und
911 278 951 335 ihr
871 307 965 411 syse
183 310 553 398 ein rols entfr�mbdet
148 344 966 480 Deme zu dasl si bid etliche kleine fuck daß
185 419 360 494 gestolcken.
188 464 930 574 uff einem seldt by Basel sy beid mit hilff de
200 523 960 638 inderer heidten zwey woihe, das ein bur, das
191 571 621 658 ander schwartz gestolen.
192 627 959 738 Wythass hat er bekhenndt, es habent er unnd nach
204 681 936 767 genandter sin gesell zu Touffenburg an einem
201 729 947 818 morit ein mit daspet gefüterten hut unnd etlich
204 774 962 866 mit syden gestickt par hendtschuch, item ein suc
191 813 591 898 samnat enttr�mbdet.
189 861 930 950 So syenndt mit sinem byweßen unnd hilff zu
185 916 967 1016 mentz durch ine unnd seine gesellen siber ros gestolen
193 972 328 1025 worden.
186 984 960 1088 Wythers habe er zu Hoffingen zwey beime 2oß
206 1057 684 1140 geholffen stälen unnd hinthuren
166 1110 968 1220 Im Luthringen by einem schloß habe er vorlanget
192 1177 975 1249 ein rot 2oß entfrömgdet unnd umb ein auder
194 1228 467 1296 ros vertusehet.
190 1269 966 1359 Br Jalis im Burgendt ein schwartz roße
219 1334 971 1407 gestolene unnd daßelbig mit ein em anderen hei
202 1380 711 1459 Banes genampt vertusehet
191 1419 945 1515 Item hatter bekhenndt unnd anzeigt, was ei
215 1485 989 1558 unnd sine gesellenn gestolen sye meheren theylst
146 1530 971 1591 unde kleider gsin unnd habnet sy deßelben und sonster
209 1573 969 1655 anderersachen so vil entfräüfbdet, dases de
202 1624 963 1708 zaal sichmt wüße zuerineren, dann er
204 1674 963 1759 vnnd dre anderen heiden anders nit gethan noch
210 1717 956 1800 handlent, dann stälen, als anne welches sy
214 1774 893 1860 sich nit erneren khömindt noch mögent.
203 1825 959 1905 Vorgemebten Opfferstock belangende khönnee
211 1874 972 1967 nit vernemmen, dan das derselben durch ine vnd
224 1919 971 2012 me gesellen geoffnet, das darin gewaßne gelt
209 1974 974 2060 genommen unnd volcgendt under tuen getheilt
207 2031 387 2108 worden sye
208 2053 978 2157 über das so habe zwar nn sinem byweßen aber
209 2107 974 2205 anne sin kilff einer siner gesellen einen andere
172 2160 971 2250 zu todt geschlagen, un en sein schnülen ver
197 2215 345 2279 graben.
155 2269 971 2374 Denne als vorgemelter Churman von etlicher
202 2316 986 2418 andern heiden ermördet unnd umbgebracht worden,
210 2360 973 2467 ge er zwaren nit gegenwürtig gsien, habe abe
168 2413 966 2498 darumb gewüßt unnd sye iume von dem gelt
194 2456 974 2568 man hinder demselbe fufiden by sachs oder soben
191 2498 975 2619 kone wordern, uß welchen er sich beklidt habe
184 2584 718 2669 Sin gesell aber sye nit sarby gsin.
1832 46 1927 98 115
1067 57 1879 187 senbelgegende den jeingen knaben, dem er dagen
1130 111 1919 208 bgenommen, sye nit weniger, dann das er den
1072 158 1931 269 ssolten mit einem stecken troffen, aber nit hart, auch
1082 200 1550 292 mit zu todt gesehlsagen habe.
1048 233 1965 375 Danthin hat er auch bekhendt, wie das er sin gesell
1081 293 1954 398 unnd ein starcker landtfharen zu Stüsliugent
1081 336 1964 441 Underthalb olten ein füßlin us mut willen unnd
1058 386 1952 492 das man dern kein allmußer geben wollen
1080 437 1765 530 nit thür angesteckt und verkennt habent
1055 471 1974 614 Ifent zu Lregtnouw änethalb unnd nach by Baderen
1058 544 1937 660 habeint sy beid unnd andere heider ein huß ange-
1080 605 1446 698 teckt unnd verbrennt.
1073 634 1953 769 vnnd endtlichen habent mehrgemelter sin gesell und
1070 717 1910 814 er mit hilff eines starcken landtthagers ihm
994 771 1057 829 dil
1072 770 1917 872 Thurgauw ein hus ansteken wollen, sörndt
1074 821 1853 914 aber Jacob verlagt unnd vertieen wordenn.
1015 907 1974 1007 Inb uff solche deß vorgedachten Flan Francois P Escme
983 960 1980 1049 zts bekhendte hoche unnd schwar mißhandlungen habent
1083 1012 1907 1092 hoch unnd wol genandt nun gnedig herren unnd
1085 1061 1932 1132 oberen schuldtheyß Rhät unnd brrger dißen
1080 1111 1909 1185 loblichen statt bere uff ihre gydt zu recht
1091 1161 1917 1242 erkhenndt vnnd gesprochen, das man  dem
1089 1203 1900 1303 rashrichter beutlichen unnd über gebenn, der h
1091 1267 1938 1339 oben us uff gwonliche richtstatt thüren znen
1090 1308 1951 1391 alda uss gnad unnd barm hentzigkent die höüpter
1095 1355 1959 1425 abschlachen, demnach dieselben sampt den corpler
1090 1410 1968 1485 iun ein führewerffen zu staub unnd äschen ver
1085 1467 1915 1530 breinen unnd also mit dem schwardt unnd thän
1095 1503 1971 1569 vom leben zum todt nach Reyßerlichem rechter
1101 1550 1293 1624 richten solle
1076 1606 1907 1673 dißere untheyll ist uff zinstag den 24. januari
1090 1666 1877 1736 11615 jars an inen albereit erstattet worden.
1120 1810 1758 1919 Anna Sterch
1334 1890 1689 1988 von Vechigen.
1018 1971 1957 2066 AAlstann Anna Sterch von Verhingen büntig sich so
1091 2042 1928 2111 wyt vergebenn, das sy ein ihr Vnehelin khiidt zu
1111 2084 1932 2158 ienstorff sehelich taufffen laßen, volgendts daßelbein
1100 2127 1977 2201 wider alle gebür und natürlich gesatz hindan gesetze
1084 2175 1938 2253 ihr müterlich hertz und pflicht) schandtlicher wyße
1100 2217 1967 2301 verlaßen und sich nachwerth auch unangesëttem
1094 2267 1963 2351 sy verfelt unnd lybsfrucht erzüget, für eine rme
1099 2321 1962 2397 magdtt und tochter bestinglicher wyße ußgeben und
1095 2349 1971 2449 dargestelt. habent nun gnedig herren und Oberei
1100 2399 1944 2483 Schulttheyß und sthat dißen loblichen statt Beri
1096 2444 1966 2549 erkhenndt, das sy von sllcher lychtfertigen Casfer
1100 2491 1968 2597 hafften that wegen zu wol keidienter straaff
1109 2556 1976 2658 manchem zu einem schynbaren exempel, sich vor
1781 2634 1972 2712 derglychenn
