4000 3000
102 121 164 179 30
218 142 1034 288 Das sy Ihn aber hemalen zu stälen angeleisen
237 229 1044 321 oder Ihn zu obbemelten huß gfurg, dhm das e¬
217 290 1046 419 zeigt, vnd Ihn gheihen hinzn ftygen, vnd das s
224 356 1032 477 er daselbst entfrömbden wurde, Fra zubringen
217 412 1031 539 Item, das sy ein schlüßel zu bemeltein stall R
232 480 1019 606 bhusung Iremalen ghan, oder Iermalen gstagt
230 539 1028 674 das sy in gedacht huß konnen könne, wan Ei
237 616 948 723 wölle oder das sy zn bemelchem huß gsin
962 621 1037 714 s
237 687 1035 784 oder nach weüße, wo es sye. Item, das sy bemelen
244 749 1026 874 Motsch gheißen habe, wöschen ab den feilernn
238 827 1042 919 nemen. Item einich ander Eynlachen dan obste
251 875 1026 984 oder ouch einechen mantel von Ihme koufft
251 944 1028 1050 habe, Iß könne sy in keinen weg gstrundi
251 1002 1032 1116 syn, dan es fyr nit joher, und begere, das sy
245 1063 809 1191 gegen Im confrontiert worde
222 1449 954 1594 Dann nuou.
245 1748 1047 1879 Alean Uff 16 destombr 163 obbomolher
239 1822 1035 1935 Daniel Möttsch durch die Promen, fürnemenn
255 1882 1028 1988 fürsichtigen, wysen hocken, dalbid Amman de
245 1955 1016 2056 Watls, Michel Stottler der Burgeron Vnd
261 2013 1046 2132 Mihel Fröüwdenrych sunan dm Rhatthuß, als
258 2082 1044 2201 Bwäsern deß hr Großweybels vbar gezigt,
249 2141 1062 2260 diebstäl aberalen zu Im Mannen ke f. exami
248 2204 1046 2323 worden, Ist er gentzlichen by bbönigem bscheid vr
255 2270 843 2376 bliben, Jedoch mit föllichem zu satz
208 2334 1050 2463 Das er den obbemelfen Rncken sampt der stucth
248 2423 1007 2543 nen blatten einer bure frouw vokouff habe.
247 2468 1043 2601 Item er sye nit von obbemaltem koßler, sonder
245 2550 1052 2662 von gedtachter Ifagdelain Countil gheiken vor
237 2613 1057 2721 das gesagt stuck faspets ab dem Pänlin zuryste
1977 47 2052 97 31
1208 147 2097 250 Dasem er habe neben den obbemebten beldigen Tischlacht
1217 212 2084 313 vnd Eynlachenn ab dem seil by dem Kalckeen finde noch
1219 260 1959 372 einlylachen und ei misenlumgen entzurklt,
1221 337 2090 473 Item vin huß nit eins, sonderzwey synlachen ge¬
1225 431 1338 498 nomtn
1211 464 2109 589 Diß alles, Wsgenomen ein lyrlachen, haben gedachter
1200 531 2066 646 Mlaedelairte Tkaufft, das seing ynlachen aber
1217 591 1874 705 hab er einer bättlee frouw tekaufft
1205 673 2087 811 Dannethin lab er an der Anskenwag allhie ein
1228 737 2092 853 leib brotts, vnd ein kleinen käß gnomen, und gäßen
1220 816 2090 950 Erflichen hatt er auch alles das seine, so er von
1230 889 2075 1015 gedachter Maodelamno Conrfil Kietbor furgebenn
1219 942 2099 1065 Woderum bestättiget, vnd mit der marter erhalten
1227 1025 1949 1150 Ist mit dem Junigstenn gefecktt worden
1238 1096 2076 1213 Vf 10. Sept. 168 Ft Jesor dainel Mils Jurs
1226 1186 2099 1282 Dit bättelvagt ihn der pfangenschafft mit rutten uoßge
1225 1234 1833 1339 schmeist und im sin heyrnat gwisen worden.
1263 1434 2092 1574 gnalenn onn.
1218 1588 2109 1705 dars, vnd tags ouch In bywäsen ob statt, Ist
1233 1674 2133 1783 ouch bemolte Magdelaine Courtil Vber obgeschriben
1229 1730 2094 1826 anclegten, gedachtem Janiel Motsch vnder augen
1230 1787 2146 1893 examiniert vnd befragt worden, die I Jurchl
1251 1836 2138 1957 Vff drem Verigen bscheid bachterett vnd, als tra
1239 1913 2121 2015 das junigster angestrubett worden, Halt sy jas by
1233 1967 2098 2088 dohe angestoßen, Also ds man mitt wylters mitt
1239 2104 2110 2228 28. sett 16e3 dst dise Mardelaine courtil dn
1234 2169 1641 2268 Ir heymahl gwisen worden.
