4000 3000
62 39 164 103 0244
201 54 1021 202 vnnd khinder, deren er fünste habe, Im der C
184 125 1031 256 gehalten, sie er hauff hinder gemeltem ziegelsto
203 176 1012 309 über dieselbenn garten vnnd manchen derselbi¬
185 219 1043 355 getigenn, biser endtlichen durch den Erten gante
174 264 1005 389 zit der katten khomme unnd dardrch gangen
193 315 1009 439 volgendts auch tag und nacht gereitet unsig
207 364 1011 477 er heimb ihme sie huß zu wyb unß khinher
206 408 1022 521 angelanget, da er dann stäts verharret sie
197 461 1026 594 Wyl aber er bis dahin wie auch noch zwentag
199 504 1000 609 darnach die ysehn an siner lyb ghan, habe er
208 547 1012 666 durch umb siner khinderen ein jangen by dem
197 589 1023 714 Schmid reichen laßen, vnnd durch mittel deselben
213 643 1034 761 also selbs die yste geöffnet, sich der loß genacht
219 696 1029 807 vnnd selbige biß alhat ihnn deße shrr e sen
208 747 1003 843 huss ihn sinen buten getragen, das man
211 788 1009 892 abber Vnderwegen Imne nit gesechen, sye die
218 836 1004 936 ursart, das es selbiger zyt mächtig under
206 890 1042 1007 ein anderen gescheyet unnd geragnet, der gstalt
226 941 1041 1034 das domalen nimandt uff den straaßen gsie
202 1012 1056 1105 dätte aber ein gnedige hoche oberkeit und benondet
232 1043 1029 1136 gott den almechtigen umb sölliches alles
221 1096 923 1195 Im aller demütigkeit umb verzychung.
180 1174 983 1272 Ist uff frütag den februarii 167
221 1247 995 1321 widerumb an das schallen werck erkhendt
227 1305 408 1385 worden.
339 1421 838 1551 e
98 1404 219 1552 1
308 1617 824 1704 von Esch uß der landtvogty
404 1665 771 1757 Sanete Bürtig
155 1739 1004 1855 Ac uff sestag den 21. Marti 171. Janu
209 1817 995 1919 Im gegenwürtigkeit der echrigbestag enc. herren
218 1874 986 1946 Damit Amans deß Rthats Hannß Heinrich Stoßen
205 1924 968 2003 Der burgeren unndt zuerkart Fischers eeß.
205 1947 1010 2044 Weybels Abrahan Minod Von Osch uß der lanndt
226 1999 1034 2108 vögts Sang Bürtig über nach gemelte puntig zu Mar-
205 2054 1031 2150 Itli alsie mit ermnsthafften wortig by beträürten
230 2098 1041 2197 marter examiniert unndt befragt wordun hat
209 2166 861 2255 dr volgeunden bscheidt vong sich (gebeng.
182 2189 1031 2335 Eestlhen alsmag ime befragt berntgerd,
225 2286 1037 2390 Wann er wölte künmte er zu Wegeng beingen
218 2316 1047 2431 imme ein tochter nach gag müste hhat er geottwortet,
219 2366 1032 2473 er wüße sich keinns wegs ze erinnern, das er
212 2438 731 2531 solches wort geredt haben,
182 2448 1035 2598 Hemnach afber befragt worden, ob er sich nit zu
217 2531 1036 2646 Werennder ehe sausgit wyters mit susema
207 2575 1035 2695 Etcod vegrungenn hat er zu Anntwort gebeaht
1884 37 1990 118 245
1105 45 1989 184 Dater Shwer den Lerigen standt sh nt Ire¬
1127 134 1961 239 fleyschlichen keinsiht, sitefrodes enverbelichet
1112 186 1992 291 habe er wyters mit drader gstelten nit zy thun ghept
1078 236 2010 349 Das er aber sicht har her sich allemne klichen enntzogten.
1133 274 1988 418 sonders bahra gsyo, sye die ursanh daß systells
1121 336 1504 411 nach Im geschickt habe
1117 374 1997 510 Vtreffunnt, das er sich veschworen, mit gemeltere e¬
1145 448 2009 585 cannt stzit zehur gehagt gehaben, hat er annzeig
1107 496 1911 606 daß er so llishes keinmlwegs gethan haben.
1079 554 2002 689 e fid frag, aber nit jets mit kahen und
1097 618 1993 740 en anndere weggespilet, hat er geantwortet
1102 675 2010 799 Wad er zwar mit eufteg vnndt so ensteg auch gespilete
1156 727 1997 865 aber stets vlorung auch krser uon zim scht sim efrl
1146 785 2003 921 gebrucht habe, annderen dad zieg ab eegwinnen
1127 843 1986 982 Wad aber das se schwerng deß Spilenns vnntriffte,
1143 907 1972 1036 Er daßelbig solle zuteit bos behalt uff h 14
1115 964 1968 1081 tag soter ein monat Lannge bescheeheg unnd vorgehmme
1145 1007 1480 1108 gehalten worden,
1102 1075 2065 1242 Stem als mar. dene befragt, ober niemalg fürd
1148 1149 1973 1264 genommen, an das hoach gesicht ze stygen, uff daß er
1150 1199 1968 1309 ein rinng bang eines lefftig forkommen mochte unndt
1158 1247 1970 1357 ob daßelbig nit gut ser de spylen, das eines
1163 1300 1954 1426 mit verlüre, hat er zu bschreidt geben, das er
1144 1357 1972 1490 Wor wos gehört sagen, das der glychem rung
1151 1411 1963 1537 Wang einer spyle gut syn sollint habe aaber
1169 1478 1928 1593 noch keinen nie maleg gesstellt noch auch einichen
1164 1539 1923 1660 g hag dil weniger einiig den spylen gebrucht,
1159 1615 1939 1741 Canrietsire befragt aber sich nit verlutn
1161 1703 1937 1803 laßeng, das er Eidnst vnnd Pruten wusße
1125 1768 1974 1869 Darmit die Eidden Iegmuter lyb v tribene
1169 1826 1978 1922 Werdeng, Eomindt, vnnd ober er solches nich
1176 1887 1965 1984 maleg de tun vnnder ffandog, Anntrort:
1181 1945 1971 2019 Er Thabe derglycheng sachmnh niemalt gebrucht, auch nie¬
1165 2002 1988 2091 mandts selbige angebotten: Jedoch so sye nit weniger
1155 2041 1994 2155 danz das er vor etwas zut alder oßeiag holzsgenent
1168 2109 1990 2195 ed Eschelle tes kommen, borgewelte sucamas Eotcod
1172 2155 2019 2254 imme begegnet gerüfft unnd vemeldet, wie das sy eines kinte
1179 2211 1998 2302 schwännigen sye unndt mit ira also bechafftg, das wo
1156 2265 1992 2360 man fra beit mit mitten zu hilff fhoter sy werde dß
1154 2318 1996 2405 dem banndt füßen. Deßwegen ime angehalten unndt
1151 2368 1995 2447 gebettung Woll er ein frut vff einen birg gehen
1266 2409 1292 2455 E
1148 2412 1998 2502 mousteus wüße, welches gut dar für syr, solte
1164 2465 2012 2556 er tra daßelbig reicheig. Ime Iemidt sölches r
1164 2513 2012 2615 thus Vier Crauen Iegebrih Versprucheng Vergracht
1166 2570 1994 2666 aber. deßen habe er daßelbsg zug keinen wegthun
1168 2625 2015 2707 wölln, sonnders syn vil mehr vermant, die fruchen
1156 2655 1484 2771 zu ehrosgezuchen s
1765 2683 1994 2786 test
