4000 3000
59 94 153 171 38.
82 634 145 692 d
127 1208 180 1305 3
228 178 619 271 . Doman Ihn gefragt 1st
206 204 1003 337 Item ale in einest vber ein roß so lb v
588 277 655 327 tar
203 287 1000 394 weid gsin, gschworenn, hab er die so Inne
219 332 999 441 abgerantt ein schelenn zucht gescholfenn.
212 399 939 523 hatb er tomoldett Er habe deß berein
217 432 1009 576 dorsflobenn genh kind gmeint, die Ihn suh
220 538 472 648 gschkten.
220 560 989 696 Wein einhabe dem Hanz Pbalthartt ein
234 655 970 738 Kornsieb gheißenn disen articul hatte
230 708 628 795 naschwärts vorfneinet.
217 727 986 867 Entlichen befragtn, Warumer gedacht
227 809 1007 921 Waltharb ein ahranm sieb gscholkten. Hul
227 878 1000 988 er zu bscheid gebonn, er hab Ihm ein schwy
236 948 1002 1042 Im Rcherumghan darumpe Ihne nit be¬
218 1001 1005 1114 Peiediget Vdnn Deßwegen hab er Ihn eine
240 1072 721 1174 acherumb dieb guamstet
251 1235 1011 1367 uff filliche synn daß gonampfenn feist
226 1318 989 1427 prdig bekente schwäre unnd abschüchlich
257 1383 1017 1485 mißhandlungenn habennd hochgenampft ein
233 1449 1002 1554 Gurdig Herrenn, Schultheiß Rhatt, vnn
199 1509 1019 1621 Bunger Jiste Loblichenn Statt Born Vff
241 1578 1022 1683 dronn eyd zu rocht erkent vnnd gesprochen
293 1750 1035 1861 as man Inno dem Nachrichter betelchenn
189 1840 1020 1934 Ihm ober lbß vff gewonliche Richtstatt fure
233 1903 1031 1999 Ihme allda uß sonderbarer ihme vonn siner i
227 1961 1029 2057 geund wegenn bewisner gnad sin haupt abschlachen
240 2017 1029 2123 Demnach demn pörpel in ein bromend füror were
251 2067 1033 2161 zu pultber, Vnnd aschonn vbronnen Vnnd also Iun
239 2138 1035 2249 Vbem läbenn zum Rodh nach Köyserlichem Rechten
252 2200 528 2297 richtenn sölle.
232 2291 1038 2440 pf 6. Novemb 1613 is di se betilandt
235 2396 545 2480 erstattett worden.
1492 99 2037 287 erenwach
1163 177 1571 313 pener
1151 282 1506 393 4 ler 19 8
1105 350 2026 509 Anduff 8 decembr 1613 bars
1099 437 2021 561 durch diefromen furnemen
1126 492 2020 612 fernemen fursichtigen wysen
1159 559 2055 682 herren Jacob Torman deß bhat
1115 615 2010 730 vnnd Machel Frouwden sylh
1032 669 2058 796 Verwäser deeß Rhatthießes, gesagen
1135 717 2043 837 ter Dyrenwachter Inn der
1105 787 2029 889 Mannenbesj mit wortten
1093 845 1985 950 Exammiert worden vnnd
1114 880 2055 1000 alls er befragt words, worumb
1121 970 2048 1092 ersiich den Eydt so Imn der gr
1051 1025 2041 1137 iogs von Louppen innomen
1054 1090 2019 1207 Vnser 8. vnnd Oberen der
1106 1131 2080 1264 Nwgemachten Reformation
1558 1216 1592 1253 1
1138 1194 2024 1336 halben zuthun angemutten
1061 1253 1118 1315 r
1073 1261 2069 1364 e gewedrenen Gab zu Ant¬
1087 1342 2011 1425 wortt, wie das Iren ettlich
1159 1392 2022 1491 allein ein uffschlag begart
1049 1457 2022 1554 oondersich vnder einanderen Zube¬
1069 1521 1573 1608 in greth schlagen
1093 1605 2062 1741 oItem alls er befragt worden,
1172 1711 2040 1792 ober nit zu Hanns Zietern
1181 1754 2044 1845 dem amman gsproden alls
1181 1811 2028 1906 in zen gefract ob sy aner
1186 1878 2061 1962 dem waßer den byd gethon
1159 1918 2049 2018 unnd alls er aman ju gsagt
1174 1994 2072 2072 ergsprochen, sy hutee sollies
1165 2043 2054 2137 wit thu söllen sonder zu
1166 2114 2020 2197 vor ettwan rathspflegen,
1148 2154 2040 2251 Ist deß, das er sölliches greb
1121 2204 2061 2305 habe thun keinen wbg ge¬
1104 2251 1440 2327 sendig.
1160 2302 1972 2435 Diser if vherlang 20 lb ze beß bund einn
1184 2380 1822 2486 censur ußglaßene wordenn
