4000 3000
33 13 167 95 144.
226 80 873 210 Hans Köferli von
275 155 868 286 Lengnouw der Grafschafft
381 216 686 290 Baden bürtig.
111 310 961 474 Uff zinstag den 3. octobris diss 1615 jars
143 384 951 510 inn gegenwürtigkeit unnd anhören der frommen
165 436 944 539 vesten, fürsichtigen, fürnemmen und wyssen hrn.
158 481 933 592 Samuel Holtzers dess rhats Beat Ludwig
149 530 967 647 Michels dess jüngeren der burgeren und Burckhart
154 574 929 674 Fischers grossweybels, auch etlicher weyblenn
166 629 953 742 miner gn. hrn. unnd oberen dieneren, hat Hanns
156 671 951 776 Köferli vonn Lengnouw der grafschafft Baden
147 725 958 836 im Ergöüw bürtig zuo Martzili alhie volgende
151 773 948 874 schwäre misshandlungen bekhendt, veriächen, die¬
178 818 943 918 selben auch an der marter erhalten unnd be¬
175 872 327 946 stätiget.
61 941 942 1056 Dess ersten habe er uff ein zyt im Ergöüw
148 1019 952 1117 im Säget inn der erndt sich inn unkhüschheit
171 1073 972 1170 huory unnd ehebruch so wyt ingelassen, das er allda
159 1109 941 1210 zu zweyen underschidenlichen malen mit zweyen
152 1175 963 1261 imme unbekhandten wybspersohnen sich fleischlichen
174 1230 959 1312 vermischet unnd vergangen unnd also an siner ehe¬
178 1280 970 1356 frouwin eheliche trüw liechtfertiger wyss gebrochen
171 1338 340 1407 habe.
155 1380 965 1475 Demnach habe er sich auch leider so wyt vergessen,
75 1406 142 1469 3
189 1441 940 1518 das er hindan gesetzt die eheliche pflicht unnd
181 1482 953 1556 trüw, so er Sara Khurt von Langenthal, siner
187 1533 956 1614 ehefrouwen vor Gott unnd einer christenlichen
182 1583 959 1661 gemeindt verheissen unnd versprochen, zuo Thun,
193 1631 954 1715 da er dann gedient, einer gwüssen dienstmagdt,
180 1683 963 1764 Elsbeht genampt, so d  welche uss dem Ergöüw
171 1729 961 1817 bürtig unnd domalen by dem hrn. predicanten
172 1781 959 1862 zu Hilterfingen inn dienst gsin, die ehe zuogesagt
175 1827 969 1911 unnd hiemit an gedachter siner ehefrouwen trüw¬
159 1876 483 1961 loss wordenn sye.
145 1954 951 2057 Denne habe er zuo Lengnouw inn sinem heimet inn
173 2022 955 2106 einem huss, darinnen sy ehewyb gewohnet, einen
177 2055 970 2158 füstling, so der hussherrin zuogehörig gsin, entwendt
158 2106 956 2203 unnd denselben hernach umb dry batzen verkhoufft.
32 2183 971 2325 4. Danethin vor etwas zyts unnd jaren, als er zwüschen
168 2284 941 2376 Lentzburg unnd Otmasingen zuo einem metzger von
160 2319 961 2411 Schaffhussen bürtig, dessen namm und zunamm imme un¬
171 2368 964 2458 bewüsst, khommen, welcher dry houpt vychs getriben
165 2417 953 2511 unnd inne dasselbig biss gan Schneysingen tryben
146 2451 957 2547 zehelffen gedinget, imme auch sechs batzen zu lohn
169 2512 963 2591 versprochen, habe sich begeben unnd zuogetragen,
166 2538 971 2633 das als sy underwegen dess verheissnen lohns halben
154 2586 955 2689 spänig unnd uneins worden, inn dem er metzger
1828 57 1946 117 145.
1061 71 1900 223 imme nur vier batzen geben wöllen unnd mit
1038 135 1881 253 einanderen inn das Schlad holtz khommen er
1086 184 1922 283 wider gemelten metzger inn zorn also entzündet
1086 224 1954 328 wordenn, das er denselbigen hinderwertz unnd onne
1081 272 1909 368 einich wort unnd gespräch angriffen unnd imme
1083 314 1952 405 mit dem gefess sines wehrs ein streych zum houpt
1079 369 1945 471 gegeben, das er metzger vonn desswegen zuo boden
1091 403 1942 505 sincken unnd fallen müssen unnd nach söllichem er
1082 451 1927 560 gefangene noch zugefharen, sin messer genommen
1081 506 1910 596 unnd dasselbig offt an zognem metzger vornenhar
1076 550 1935 656 gegen der brust inn den lyb gestossen, der meinung
1047 581 1951 726 inne allda vollkhommenlichen umbzebringen unnd zeer¬
1074 652 1911 737 mörden, wie er dann auch anders nit vermeint
1074 701 1913 788 habe, dann das er todt were und desswegenn
1085 749 1939 836 denselben, nach dem er imme den seckel sampt dryen
1071 797 1925 883 cronen inn dickpfenningen unnd schaffhusser müntz
1082 849 1937 934 darinnen genommen, also misshandlet liggen lassen
1083 893 1950 980 unnd daruon gezogen, da er aber sitthar vernommen,
1073 940 1931 1027 das ernampter metzger widerumb daruon khommen
1079 995 1921 1070 unnd noch inn leben syn sölle, weliche that (als
1084 1037 1957 1129 die er allein uff das endt hin gethan habe, damit er
1075 1088 1911 1168 diss metzgers gelt bekhommen mögen) nach dem
1086 1132 1967 1217 sy etlicher massen khundtbar worden unnd man inne dero
1079 1187 1903 1272 by den synigen gemeinlich gezigen, ein ursach unnd
1072 1224 1935 1314 inne inn sölche forcht unnd schrecken gebracht, das
1079 1281 1901 1370 er sitt derselben kein fröliche stundt noch ruewig
1071 1335 1915 1426 gewüssen haben khönnen, sonders alle zyt daran
1075 1394 1899 1464 gedacht unnd desswegen uss sinem vatterlandt
1079 1428 1933 1498 ein malen flüchtigen fuoss setzen müssen und dasselbig
1084 1479 1943 1546 anderst nit, dann heimlicher und verborgner wyss
1079 1535 1946 1594 bruchen unnd durch abweg besuchenn dörffen; neben
1076 1578 1894 1653 dem er dann auch, damit er desto minder entdeckt
1075 1625 1888 1700 unnd erkhandt wurde, sine kleidungen stets ver¬
1081 1681 1914 1750 enderen unnd sin vatterlandt auch nammen und zuo¬
1082 1727 1924 1785 nammen habe verneinen müssen. diss aber alles
1082 1775 1938 1839 sye imme von grundt sines hertzen leydt unnd bätte
1068 1818 1921 1881 desswegenn Gott den Allmechtigen unnd ein gnedige
1074 1868 1685 1959 oberkeit umb gnad unnd verzychung.
1066 1907 1882 2014 Wiewoll nun aber über disse sin Khöferlis
1073 1982 1880 2070 gethane bekhandtnuss unnd vergicht ihr gn.
1070 2043 1942 2130 uss einem dero überreichten berichtlichen schryben
1069 2095 1925 2180 verstanden, das offtanzogner metzger von dem
1052 2133 1956 2228 imme durch gedachten Köferli obgehörter gstalten
1072 2187 1933 2266 unnd massen unuersechener wyss zugefügten streich
1066 2235 1966 2325 unnd überigen misshandlung eben nit sterben müssen,
1085 2289 1970 2379 sonders vermitlest göttlicher hilff und angewendten
1079 2344 1947 2396 notwendigen guoten mitlen und artznyen nachmalen
1074 2382 1905 2467 widerumb zuo sich selbs unnd also mit dem leben
1081 2420 1937 2519 daruon khommen, jedoch so hochgemelt ihr gn.
1072 2478 1965 2567 eigentlich zebedencken gfhürt, das er Köferlin kheins
1073 2520 1894 2608 wegs verneinen khönnen, sonders mit und onne
1073 2569 1917 2660 marter anred worden, das er mehrgemelten
