4000 3000
1187 235 2021 438 Hanns Gum.
1319 430 1837 537 Burger alhie.
1219 635 2118 783 sdann minen g herrenn clags
1266 721 2087 829 ws fürkommenn, wie das Hanns Suni tbon
1269 789 2138 908 hinnerm pürtig mit verfurung ettlicher leystungen
1265 855 2113 973 gbord gebrucht habe: Ist er vonn deßwegenn ge¬
1259 915 2106 1041 kencklich angnommenn, vnnd uff 10 abril 1617
1267 983 2140 1090 durch die promen, wysenn Herrenn Damuel donuor
1279 1051 2148 1161 der Burgerenn, unnd datbis vom Büren droß
1260 1125 2119 1234 Weybel, harüber In der Mannennkofi exami¬
1254 1189 2139 1318 niert wordenn. Der Hatt nun folgennden bscheid
1266 1278 1413 1374 gebenn.
1197 1371 2116 1479 Erstlichenn, als er befragt wordenn, wie es ein
1277 1448 2112 1541 Mchaffenheit habe vmb die leystung, die er V6ß
1263 1504 2112 1603 bebelch h Caspar vonn Graffennriedts Vf
1258 1561 2120 1667 Hanns Müller zu Alsche verfürtt, ob er nitt
1262 1624 2133 1742 von derstelbenn wegen cosen geforderett, glych¬
1255 1687 2137 1790 stem als hab er die groß VorBurtt da er aber fir
1259 1740 2123 1858 roß nit am wirtt gtag habeligenn: Hatt er zu
1264 1811 2149 1921 bscheid gebenn, er Sini habe dem müller die leit
1257 1871 2131 1975 srung anfundt demnach dieselbige ouch Verfurdt
1260 1932 2158 2060 Vnd nach t furter leystung habe Batt dach Ihem
1257 2000 2136 2126 Müller vonn glycher sach wegenn die leistnnng
1250 2087 2150 2187 auch anfunfft Hernach als er Sum vur fich vnd
1259 2144 2164 2264 für Batt dach den costenn geforsrett hab er ge¬
1255 2212 2165 2325 fags, Iar koßen bächte für sy beid zwar wol zu
1253 2290 2158 2419 Dießig E. aber er wolle sich geit 25. Bburgenn
1276 2365 2146 2489 unnd ncher hab er nut ghöüschenn. Ober aber die
1251 2433 2132 2555 leisung oroß vbergurtt habe, oder nit, syn der
1249 2511 2140 2641 hanndel also gestaltet, das namlichen er kein
