4000 3000
131 113 929 288 Namlichen, vnd daß rßenn, hab an by den
135 232 934 367 Krtterhußlin diser Statt einem eun stecken
147 303 937 442 bß dem pettersack genomten, dasImn en
145 372 837 510 gelts gein, wuß aber nit wie vil¬
128 492 948 630 Damnethin habe Hans Sotis daß geste¬
144 556 925 698 bruder, ongefarlich vor einem Taae eon
134 637 938 773 frouwen hie In der schaal ein seckel abe
132 737 338 857 schritenn.
152 808 917 955 Item hab er gefangne Vorfern einer
162 902 924 1026 dien srmagdt In die schaab ein feckel
159 980 822 1121 grumbt, Jar Inn v1. batz. gsin
171 1094 938 1225 Voruor In der schaal dryfeckel fi¬
171 1181 888 1287 In deron einem e. Im anderen ex
891 1200 950 1270 1
173 1247 731 1371 die dribenn vj. batzen gfin.
157 1334 944 1484 Item hab er am faßnacht marit zu Soll¬
164 1428 921 1550 Ihyen einem ein teckel Vnß dem hofhenn
183 1490 933 1612 sach enzwendt, dasun 1 oder 20cb
169 1600 282 1704 ghin
154 1686 933 1814 Dem Jacob Roihart hab er ein sechel
123 1770 934 1890 gnommen, denselben aber Zeiderllinbhin
157 1840 492 1949 gebenn mußen.
140 1948 935 2108 Iem Vor E. Farnn einem ein sucke
156 2053 874 2178 entfonbdett, das Inn 20 batz. gei
144 2120 930 2302 Einer alsen Lreue Viff dem blath en
161 2237 932 2361 serkel abgescheiben, das in 20. batz. g
158 2310 877 2458 die er mit dößig bruder geseilten
119 2408 945 2556 Dannethin vor einem Jaar nechstoben
158 2500 956 2637 den wören ein klein silberin schulin entzu
129 2565 855 2689 so er widerum rertiguidde mußen.
1829 48 1936 120 21.
1029 122 1943 292 So hab er vor der saren an der firtzgaßen
1029 211 1947 335 einem landman ein steckel gnomen, darIun
1056 283 1556 403 zwen gendt dickenn gsin.
1056 361 1931 500 Ir kouffhuß allhie einem gömner 23
981 391 1023 483 8
1058 443 1719 560 betreif V. dem steckel geschoren.
1062 522 1923 677 Nechso verschinnen wieters zu Schafusen
973 601 1937 724 einem ein seekel Vn dem hosensat fgnommen
1076 666 1948 795 dar in 27 batz gsin, sye ihenaber wide
1060 748 1566 876 umb abgezagt worden.
976 819 1947 968 Itent zu Basel einem einsteckel ent¬
1047 925 1920 1044 wontt dar Inn by 15. batzen Tappenn
1055 984 1916 1123 gsin, syn ihm auch zin der abgelzagt worden.
1278 1075 1374 1165 ach
1043 1097 1155 1177 11
1086 1090 1927 1232 vor tigen daronn hab er solbs zuhennd zu
1088 1188 1929 1306 Langenshal ein spycher gholffenn offnen, dand
1073 1252 1926 1364 brott, Eynlachenn hemlin sihnitz, auf aa
1025 1320 1920 1455 galts erstr�mbdett, sye dem zu mein teil
1248 1386 1324 1450 rd
1104 1380 1949 1518 ein hemlin ilinlachenn vnd gebetz worden,
1106 1496 1918 1615 Iine mitthaffen aber sy end dise gfen
1094 1559 1893 1676 namlich einer genampt Voli. von Bipp
1085 1625 1941 1743 byde gurtig, deß faclers sy der alsen mil
1099 1694 1905 1815 sun der Lößi einer von zug Hans Genampt
1079 1753 1919 1870 sye ein taggey gfin Zochanas von Zürich
1094 1827 1955 1954 ein haffner, der Lißmer: Hans Schuner von
1058 1903 1967 2020 Dottingen: david nint witt ver Bilstal bürtig
1085 1964 1956 2085 Erthone sie garte b lauw bekleid nagg
1077 2034 1981 2167 von Bungdorff. Hans Ru di Vor St. Erban
1725 2113 1831 2191 d
1065 2139 1983 2296 zu Kraudkaumen hab er gefe habind gesagt
1068 2246 1990 2364 sith mitha son micht ein sprcher v ffbrochen
1076 2308 1944 2437 weße nit, ob sy etwas Hauß genomen, oder
1083 2395 1779 2519 nit vr gefangne habe ghügett ghan.
1075 2475 1944 2636 Desagtis Cösis buder Vnd sonst noch einer
1074 2584 1800 2704 habind zu Zürich 6 f. eusfruombdet
