4000 3000
32 1680 193 1763 anfencklische
99 -4 204 79 234
246 5 1061 167 asying, alda sy besameg getruncken vnnd einnig
260 88 1069 222 legennheit nit verhaunden gsygeing sölliches
267 142 1044 251 Wang sy glych wos wölleng das doch meit
233 195 599 285 gsn) zu verbringen.
187 259 1043 396 Dise Ire befalgene sunden aber syennt Irer ven
236 325 1040 447 Fretzen leydt, bätte deßwegenn einen gnedige
233 376 1038 502 hoche Oberkent umb gusad vnnd vor Zych Bung
248 467 1042 602 ist vff zunstig den dritten tag Secemore
209 524 1035 646 A1616 Jars uffein cansur vnnd abtrag
247 587 1085 729 Wenns ledig verkennt unnd ußgelaßen worden,
335 708 927 920 anno Holenblig
458 866 801 939 s von Arch burtig
687 955 736 1022 a
185 961 980 1067 If Donstag der 19. decembris 16
218 1028 1050 1121 Uß beuelch miner a her unnd Obereng ist durch herren
226 1083 1047 1164 Biserkart Fischern Großweybel Hanns Hotfennberg von
230 1133 1057 1226 urch bürtig eines stetigeng rechtigens unnd trölens, uß won
224 1176 1047 1262 ursachen er sich biß herr deßelbigeng unableßig begangens
245 1217 1067 1294 auch überigeng sines thuns, laßenns Hanndels unnd wandels
206 1268 1059 1364 Ing der Mannenkeffi alhie nochweundiger maßen erforschet
207 1310 523 1389 unnd befragt worden.
158 1402 1031 1507 Der Hattirun für das erst der Zwüchens Peter
229 1476 1062 1538 Hottenbergenn sinem bruderg unnd imme enntstandnug stryt.
234 1514 1052 1577 tigkeit unnd dahar gefloßneng rechts übung ur sach sy ver
215 1561 1048 1625 gemeldet nach dem vkhunerzgteng durch den ietzigen k
221 1603 1029 1665 Schultheißens zu Büren, da selbstens zu Bürens zwüschen
200 1650 1016 1720 Jueg besiden gebrüderes vong einer theylung wegens (ing
224 1667 1056 1747 Wellicher sinem bruder vnnd Emmesamennthafft Ihres
210 1733 1022 1808 vatters seligen hunderlaßen huß unnd hoffsteafli umb
216 1772 1027 1848 1000 lb den gewürdiget über gebens wordens, nochmalet aber
208 1816 1043 1896 gemelter sys bruderluth vnnd er sich getroffener Verkomguus
173 1861 1010 1934 Darvon gestanden unnd er Hanns Gottennberg imme darfur
221 1894 1044 1965 600 lb abrichtens, amne einich gedunng unnd vor behaltt, das
210 1952 992 2030 er den übrigen geschwüstertem utzit darvons ze geben
214 1986 1034 2064 schuldig syn sölleng ein spruch gemacht, so vom durg beide
218 2033 1019 2111 syths ze halltuns anngenommen worden, welches eemögens
222 2078 1046 2163 Alwyl imme syo bruder, als sy mit eine annderen fracteri
182 2112 1036 2206 irer schwösteren halb einniches vor behallt nit getzign unnd es
204 2162 1046 2254 gefaungene imme do mulen für sinem theyl uß kauffs 600 lb.
189 2200 1054 2281 herterdung zu laßen fy gangeng, das nug, wyl ser übertroffen
212 2252 1043 2342 er imne petthtig allein 400 lb die dieselbigeng mit gëllt,
201 2310 1051 2384 wo nit mit korghsund haber zu erlegung schuldig syn, demmach
201 2329 1068 2421 sy beyd zusammenstag unnd ein munderen die übriget geschwüsterte
182 2391 1033 2463 Dannen lo sey aß weg kauffens helfsung sollindt, welliche
206 2430 1040 2510 gegebenen usrruch unnaggesechen sich bruder dns beßer ghagsi
167 2468 1061 2565 Dem der selbig vff einem prlatz, so by dem gutt gelegung, eig huß
206 2511 1058 2609 beseßen. daßelbig verkaufft unnd by 500 lb darus erlösten.
155 2577 1021 2663 Der selbigeng aber niemandt gmoß noch theyllhafft gemacht, er
942 2625 1035 2686 hand
1934 33 2027 74 235.
1194 18 2017 130 Hanns Hoffenberg mit dannek angenommen. Als abe
1189 93 2012 182 nun sich zu trageng, das nach dem der letst verschimen S
1179 135 2016 211 Michels tag vor haunden gsyn uff wellichem dang die eine
1185 175 2046 271 bezalung verfallenn unnd deßwegen erlegt werden söllen (wie
1194 211 2013 310 er dann uff dieselbig schey albereit inn die dryßig oder
1197 255 2059 343 mehr erdnen bezalt ghag, solliches aber gelts habens n sinen
1172 297 2038 398 vomögen nit g syn, derhalbenn dann er an mehr gemelten sinen
1160 343 2055 450 Brudern Peter gemütet, diewyl er Peter ihr beider schwa
1177 384 2041 473 gern zu Birr by 28 l minder ein diekey ze thun, der nun
1149 422 2036 522 Imme ein glyche dumman schuldig, das er deßwegen solliche
1142 471 2034 561 znung an siner augsprach für bezallt dargahn laßen
1197 510 2014 600 oder imme umb das überig etwas wyters gestünden, oder
1194 551 2016 640 aberluth spruchs geweidt als Girenistand habes nemmey
1172 590 2059 678 dißelbig tröscheng laßen unnd sich darmit bezalt machene sölle
1178 621 2053 712 wehlliches aber by imme anders nit weüre key mögen, dann das
1191 674 2031 771 er weder das ein noch annder thun wöllen sonnders zuge
1187 709 1749 793 fahren, angeregten ihr beider schwager
1751 737 2040 811 sin huß unnagge.
1190 756 2026 847 sechen er deßennthalben einich richt nit verführt für var
1187 793 2044 888 schrüwen unnd trüfft umb sy an imme habennde vorfrung, das
1187 843 2004 920 geschlagen, Als er nun solliches vernommen, vnnd
1166 881 2012 980 Derey wegen sinen bruderen rechtlichen angelangt, habe er zu
1172 927 2017 1016 dem sellben ein klag, wie ing dem darumb gefelten unndt
1188 964 2001 1059 verfretigeten urkundt ze secheng, gethan unnd darüber
1184 1020 2020 1108 heiter a oder nein genörderet. Do wol aber ha
1188 1053 2041 1148 ruff urtheel vnndt Recht kanigen, das nehr gedachter
1193 1104 2051 1193 in bruder uber gefürte klag mit in oder nein begegnen
1197 1135 2042 1247 selleng, habe er sich doch deßen ann allweg geweigeret
1184 1176 1979 1275 unnd ergangene urtheil für den hrnd schultheißen
1148 1238 2046 1319 Düreng ze appellierenn genommen, selbige aber imme alsbaldt
1167 1270 2014 1362 Vffgebeng, vnnd grad deß morndrigen tags sich Hanns
1181 1321 2039 1404 Hoffembengs huß zu sinen haunden gezogen, unlgennti
1190 1356 2041 1441 mit einem schyn, Den er jmne hunder rurks vnndt unn
1172 1396 2047 1480 wüßennt ußgebracht, sich alhar für einem ehrsammen rhat
1172 1437 2012 1536 gestelten begebeng, ohue das er imme sölliches beuolchener
1181 1485 2056 1595 maßen khunndt thun laßenn, deren wegen er als er deßens
1181 1533 2003 1620 verstendiget worden, sich sampt siner huß frauwen
1178 1572 2038 1667 mit unnd neben einem bystanbt, den gemelt sich ehe wyb imme
1183 1619 2065 1714 gerachten, alhar sich verfügt, sich ze versprechens unnd sig helent
1175 1668 1997 1760 gut recht zu erschynen begürt habe. Welches rechts
1160 1700 2053 1812 wertigung aber allersamben sich bruder ein Anfenger vnndt
1180 1747 1426 1828 hröste ursach hye
1162 1788 2053 1912 shanchledt, Hennach  haf seinder sidh schultzei le
1166 1867 2049 1953 heendern in zrendeg uff stellenn etwas unntrüef er
1165 1899 2064 2010 zeigt habe, unnd als man zine deßwegen gerechtfertiget
1173 1950 2065 2047 er darumb gebüßt worden sye,  Darnebennt auch geredt
1160 1968 2050 2084 das er brieff unndt sigel habe, das sölliches imme an ehren
1166 2027 2068 2140 nützit schadeng sölle, hat er diorüber bekennt was söllich
1166 2053 2020 2156 miß zuenden antrifft, sye die selbig saich hieuor alhie
1177 2110 2066 2206 allegklicheng erörteret ußgemacht unnd zig gelegt worden
1157 2125 2004 2244 Wie er sich dann deß halbeng vff hrc Schultheißen
1146 2162 2067 2288 zeenderg brruffe, welcher imme vermeldet, es halmnt
1160 2229 2040 2332 min g hoz Imme einen brieff zu geschribenn, welcher
1159 2258 2025 2378 vermögen, das er 10 lb die zu buß gebeng unnd m
1171 2303 2053 2421 iberigen an sinen ehren keinen schlnden lyden süllen mit
1163 2354 2041 2460 fernngrer Vermeldung, das er hr Schultheiß höllichen
1160 2387 2041 2514 brefs verloren, es werde aber nach dng der cantz,
1161 2431 2070 2563 bey alhee was gstallten die sach ußgemacht worden
1150 2449 2058 2591 zefinden syn, mitestominder so sye disere sach nach molen
1153 2508 2035 2639 Hus Bürtz nuch ein mal also versprüchet worden.
1142 2574 1894 2679 das es eine an ehreg nitzit ehuden solle.
1816 2685 2047 2787 Was danne
