4000 3000
39 61 114 111 178
195 54 978 193 ebener maßen sehr geschrüwen, vnnd die fluge
195 121 968 237 genommen, Vmb weliche that er Ieme abern alen
204 166 978 282 bescholten, Was aber sin persohn betrifft, habe
191 208 952 314 er minalen geworffen, noch geholffen werken
202 277 970 370 bnangesechen er, als die wurff beschechen unthun
195 316 987 418 unnd zum theyll gegen würtig gsin und nüt desto wei
200 353 1011 478 aber, als gemelter Geyßler gewichen, auch fürgti
192 400 974 503 tuß gesetzt, Vnnd gan Leugnouw sich begeben da¬
191 450 979 548 selosten ein zyt lang ihm dienst enthalten uetzit
202 494 846 568 er entdeckt vnnd behendiget worden hye.
186 557 993 683 Uff Mitwochen den 5. junii 1616 ist vogemclten
210 625 956 718 Catvar Gh�mrt gan Sartzil geshürt und
222 671 990 776 alda inn geren würtigkeit vorgedachter herren auf
213 723 981 821 Andres Haberers der burgeren uber den an irren
217 770 993 850 Grsmethalb gelangten wytheren bericht unnd
212 817 1014 905 inn demselben begriffene articulos mit ernsthafften
228 859 1016 936 worten neben betröüwung der marter examinert
225 905 993 982 worden. Der hat nun haruff fherners bekhendt
210 965 434 1026 wie volget.
225 973 1007 1082 Wie namlichen sich uff ein zyt zugetragen, als keinen
219 1043 996 1129 Küntzi unnd Hanß Wächter von Erlach, auch er
224 1093 1004 1159 esch��met ihm rhathuß zu ins mit einanderen
230 1134 983 1214 getrunken und biß in die nacht sich by aammen
233 1172 995 1239 verwylet, welche beid dann widerumb heimnah
224 1225 1033 1292 Erlach gewöllen, er Vnder anderm gemelten Wächter
238 1268 1004 1334 angesprochen unnd vermeldet, diewyll sin wechters
246 1311 998 1379 tuder iume im solandt vil guts bewißen und
255 1357 1010 1434 erzeigt, sölle er mit irmne im sin huß khommen
244 1407 991 1473 alda w�lle er iume herberg unnd geligen geben,
251 1446 1002 1510 er wechter aber habe zur dartür gedanchet, vnnd
248 1489 979 1568 gesagt, er kh�nne nit, dann er uff Benner kunde
243 1518 1019 1606 warten, vnd mit demselben widerumb nach husgen
245 1578 1000 1645 erlach wölle, daruff er gefangene imme ein gut
249 1624 1016 1714 nacht gewüntscht, vnnd heimbt an sin rute gangen
228 1660 1013 1759 fnndem er nun ein zyh lang im bett glegen unnd
240 1708 1004 1802 geruwet, habe sin frouw imne uß dem schlaaff
242 1740 1037 1851 erweckt unnd gefragt, was das für ein gschreyge,
236 1805 1005 1901 So sy höre, welches als er es erhört, sye er als
236 1849 1017 1948 baldt uffgestanden unnd in dem hembdt hinse
248 1904 1014 1996 gelauffen, zuseehen, wer doch also schrye, Wie er
251 1958 1016 2052 nun linuss zu imme wechtern khommen, habe der
244 1998 1026 2099 selbig zum anderen mal zu imme gesprochen, heben
237 2050 992 2135 die shelmen, da er zwar gesechen zwen oder dey
246 2083 1033 2193 mentschen durch die gaßen hinuss fliechen drselbigen
251 2140 1030 2215 aber wegen einstere der nacht nit erkhennen mögen.
246 2171 999 2287 uff weliches wächter zu Iume gesaat er sölle.
250 2228 1031 2327 ein bricht reichen. Daruff hin er gum sin huß gangen.
242 2269 1025 2377 sich volkhomerlich angelegt unnd ein liecht ahne
243 2311 1026 2416 wöllen, aber kein ihm finden khonnen. Entzwüsche.
251 2363 1012 2457 das er ich also verwylet, se er wächter dem
242 2390 1027 2509 Wirtshuss allda noch ein lecht gsin, zugelauffen en
237 2429 1040 2557 volrendte als er gefangene angelegt sin und wind m
232 2476 1040 2606 zu Irmme heru s gahn wollen, (ampt dem wott it
244 2518 1039 2637 einem lëicht daher khommer, da sy dann an dem or
940 2592 1001 2646 an
1877 24 1981 77 179
1131 37 1939 164 an welchem ez wechter solle sin angriffen wordene
1124 106 1985 213 de selbicge ghat unnd rohet, so e in mal verlaren ghan
1121 135 1968 270 gesuaht, aner allein dem halte unnd eigens darnach ert
1199 187 1990 282 e allen abendt aber, vor vnnd ehe gemelter Wechter
1137 231 1955 340 widerumb inn das wirtshuß gangen, habe derselbige
1123 262 1186 302 Herr
1121 278 2004 397 imegfragt, ob er die Teingen, welche eine uff der strate
1133 315 2003 443 also anguiffen unnd tractiert nit erkhenndt habe, damn
1130 365 1971 469 er wol werde wüßen, wer sy gsin, Da er aber imme
1122 414 1983 540 geantwortet, das ser nit wüßen möge, was dss für
1126 456 1985 582 sollen gein, wo er es aber wüßte, wölte ers jeme
1136 505 1979 603 anzeigen. Magens sye er gefangne widerumb zu jum
1139 546 1983 642 wächtern gangen mit imme zmagen geäßen und
1121 593 1980 703 Im werendem morgenbrot ime gefragt, wie doch de
1143 636 1976 731 sach zugangen, knnd welcher gstalten er dahar für sin
1134 676 1984 779 huß khommen, welcher jume geantwortet habe, wie
1127 725 2005 833 das er zu ross gsin unnd in dem er vermeint ghan, nach
1136 769 1982 873 Erlach zetharen, sie er an diß ort khomen, vnd vnder,
1151 816 2003 927 wegen, wyll er sehr trincken gsin, von sinem roß herab
1140 863 2020 969 gefallen. unnd allo zür dißere sach beschaffen, by welchen
1143 908 1990 1003 erses auch erzelter mahten ergangen sin verblyben
1138 983 1234 1038 laße.
1146 996 1952 1093 vat demnach antrifft, das er vor etlichen jaren by
1154 1040 1960 1139 nacht mit hilff etlicher ziner gesellen einer gewüßene
1143 1087 2009 1168 persohn sölle ein roßezetodt geritten haben zeigt er
1150 1120 1992 1204 an unnd bekhendt, das zwar daßelbigen sölle beschechen
1146 1178 1953 1263 syn, aber nit durch inne, sonders andere welche es
1157 1213 1973 1296 mit keime noch w��e, auch nit geredt, das er wüße
1158 1265 1461 1346 wer es gethan habe.
1153 1294 1991 1389 überige puncken darnethin, deren er beklagt, belangend
1169 1356 1948 1427 f�re man imme derselben halb gwalt unnd unrecht
1158 1392 1976 1470 berüffe sich aber uff die gemeindt und sie nachburenn
1160 1432 1971 1504 auch die Renigen, by denn er gedienet vnd gearbeitet
1157 1476 1985 1554 habe. Allein anrürend, das er simon Geyßlern, als
1163 1524 1975 1596 derselbig fruor ein sinem byweßen by nächtlicher
1162 1563 1988 1637 wyll ein knabli unnd zwo manspersone mit seinen
1170 1598 2003 1681 geworffen, nit entdeckt, sonders die sach verschwigen
1167 1657 1973 1735 unnd hernach auch die flutht genommen syr daßelbig
1181 1695 2024 1770 arumb beschechen, das er von sin Geyßlers fründt¬
1164 1743 1975 1822 chafft unnd bruderen weren nit thun söckfenn
1172 1784 1979 1864 unnd doch uß focht entstehender gfar de flucht
1172 1835 2017 1914 gendmen habe, mit wolchem aber er wol verkhenne
1169 1880 2021 1950 ubel gefalt haben, bette deßwegen ein hoche ober
1183 1941 1689 2013 keit vmb gnad vnnd verzychwig
1498 2003 1609 2062 a fl d
1150 1983 2006 2104 Ist sambstag den 8. anm 1616 jarsr vom
1175 2058 1969 2147 einen 9 18 schultheyßen sbnnd Rhat uff
1181 2103 2027 2188 abtrag coffens unnd ein censur hin ledig erkhenn ds
1182 2165 1362 2248 worden.
