4000 3000
44 52 150 132 106
62 1219 182 1301 bescheche
149 69 931 214 Deme habe dat sich auch vlhert doggelbrunen
173 142 932 255 vff der wegte sein mal mit gedachter Berren
160 192 637 287 In vrküschheit verrischet
168 246 962 393 Abs aber hingegen sy Verena Mönkerin dug
186 329 963 432 vorgedachten sren uff tag gbfracht sen enzogenen
192 367 948 480 bt über dißeit sin Gaßerts gethane Vergicht
182 423 966 528 mit ernsthafften worten und betröüwter mach
179 472 977 579 zu red gestoßen unnd zu bekhandtnuß der wahin
195 524 955 620 notwendigster maßen erinneret und ermanet
195 576 942 670 worden, hat dieselbig neben vilem weinen vnd
197 628 969 734 klagen mit beth�rung irer seelen seligkeit min
196 681 962 778 löüffigest (alhe unsötig zeuermelden) angezeigt
192 726 963 820 das sy sich mit gemeltem Gaßern nimale
201 785 972 874 weder wenig noch vil einicher maßere vergeßen
189 827 966 921 habe, sonders er Gaßer lege hra sölche vneher
210 885 957 983 faltschlich unnd bhet vergeßener wyßezu, s
198 937 977 1014 wahr abe gott leber thüye, den so gerüffe
213 993 978 1080 derselbig irer noch verborgenen unschuldt im
220 1042 977 1124 dißerm fhal das Ira So wol von dem meherern
214 1095 965 1191 theyll der khundtschafft, welche sy mitler zyt
219 1151 992 1240 woll wölle mögen hinder sich stellen als gradzir
213 1203 995 1280 ehdaßern selbs groblich unreicht ein offendlich
206 1264 971 1350 zeichen thn wölle. Derenwegen sy von minen
210 1313 968 1399 g von den Rhäten wegen widerwertigkeit
213 1363 989 1449 Irer reden unnd das die that uff sy verman nit
223 1413 983 1483 mit gnugsammer thundtschafft erwißen werden.
228 1459 980 1528 mogen uff mitwochen den 28. februarii 1618
237 1508 995 1590 ledig erkhendt, danstags aber darnach uff abt
233 1566 695 1658 coftens ußgelaßen worden.
267 1762 836 1868 Voctome il.
202 1895 969 1995 Al damn Bartlome bill geweßner weibel in
216 1962 1000 2051 Condot Frienisperg, so vor ungekharlichen einem za
218 2019 994 2098 landtrünnig worden, sich vor etlich hingewichnne
211 2062 977 2155 tagen widerumb herzu gelaßene, vnnd durch de
218 2120 968 2217 sr vogt zu Friensperg uß beuelch einer
225 2151 1010 2276 sn unnd oberer gfenclich angenomen, volgendt
204 2230 997 2324 gewahrsamlichen alhar inn Ihr Ggbander
207 2282 1000 2377 gebracht, nachmalen aber uff sambstag die
200 2316 1013 2421 martii 1616 jars duch die eherenuesten
215 2372 1008 2479 si Jacob Tilliern des rhats unnd Berehatt
209 2424 983 2527 Fischern Großweibel inn der mannenkeh
217 2475 1010 2586 alhie sölcher sines ußtritts unnd anderen peae
198 2506 1013 2626 halben mit worten examimert und bekragt worden.
187 2592 842 2685 hat gesagter bill haruff bekhendt:
1849 30 1953 115 167.
1088 61 1925 212 beslichen als man imme befragt uß was ursachen
1104 122 1916 238 er zuuer vngetharlichen einem Jar gewichen vnnd
1103 185 1958 280 landtrüuig worden, hat er zu bescheidt geben, das die
1109 213 1898 329 shulden, so er gemacht, imme darzu verersachet
1110 261 1970 370 unnd sine creditores imme stets der gstaltten getröünt,
1085 307 1926 412 das er endtlichen darvon gezogenn unnd sicthar an
1109 349 1908 459 zweyen underschidenlichen orten als by syin e
1118 403 1927 503 vytnonwer von Basel sich ein zyt lang in drnst
1116 445 1949 541 erthalten, volgendts zuibfaffftar unfher von Müll
1112 499 1936 598 husen von einem serren ein stunthumb empfangen
1116 541 1945 641 habe, Das er aber sitthar sich widerumb in das
1104 589 1969 691 landt gelaßen, sie umb deß willen beschechenn, daser
1127 640 1913 735 ine sachen richtig machen mit sinen creditoribus
1115 685 1944 778 wechnen und mit denselbigen zu vernugtn best müglich
1116 729 1910 826 abschaffen wöllen, wie er dann uff solch mndt hi
1104 780 1923 870 Schüpffen unnd stallnach daßelbigen offendtlichen
1121 828 1914 921 abiden cantzlen verkhündigen unnd mengetlichen
1128 878 1931 967 So mit Imme gehandlet vnnd alzerechnen zu einen
1133 929 1934 1020 rechnung vermanen laßen. Daruff als er sich nach
1110 974 1949 1076 Heienisperg zu dem hurvogt (anne welches wüßen
1109 1008 1910 1110 kind bewilligung dißere verkhündung beschechen
1126 1070 1943 1162 verlürt habe derselbig inne behendigen unnd alhar
1101 1116 1880 1214 Im hren g kandt gewahrsamlich eheren laßen.
1091 1166 1913 1254 Demnach als man inne betragt, wo unnd an welchen
1130 1200 1953 1285 orten er dasjenig me tilh von mosch gemachet winck.
1139 1257 1942 1333 schar und dur bekhomen, hat er zu antwort geben.
1137 1304 1934 1388 er habe daßelbig trinckgschar zu Pfaffstart zun den
1134 1351 1921 1427 kirchen genommen, vnnd zwar nemandt stzit darumb
1136 1401 1940 1474 gewrußt woll es aber (enangesechen er Vermeine
1136 1440 1955 1517 dater er straach der gfangen schafft darüber ze¬
1134 1479 1988 1562 gewartem inden werde) widerumb an sie ort tragen
1135 1525 1950 1618 Vnnd sin bestrnden leschen ußmachen, was aber das
1134 1576 1963 1675 tuch belangt, iee daßelbig ein tischtuch, welches
1157 1620 1979 1716 ampt anderen neht, so noch daruden zu Pbfaffstar.
1143 1670 1814 1755 en erkhaufft, jedoch noch nit bezalt habe.
1127 1710 1993 1808 betreffend die wort, das er zu Schüpffen inn dem wirts
1136 1767 1973 1852 huß geredt haben sölle, er habe den wirt und wirtin
1145 1809 1984 1892 allda heuer schon umb 1000 lb den gebracht, wann
1149 1856 1946 1954 ir thon sy die wirtin umb die jenigen fünff batzen
1153 1902 1979 1996 nacht ürtin detzundt auch schon noch beschyße, sölle
1152 1950 1942 2029 es nit vill schaden, darüber gibt er den bescheidt
1148 1996 2027 2074 as er zwar vermeine geredt zehaben er habe sy wirten
1142 2053 1986 2115 unnd iren man umb 1000 lb den gholffen bringen
1137 2100 1990 2180 das sie aber also vnnd darumb beschechen, das imne
1151 2129 2012 2212 sine underpfender wegenn er wort sine recht nit fürher
1144 2178 2009 2272 gelegt, sonders hinderhalten ghan, schon ziuor Imweg
1161 2239 1491 2325 bekhendt worden gsin.
1132 2284 1967 2389 Nach dem er etliche tag zngelagen, Ist er endtlichen
1163 2336 1949 2429 ledig gelaßen unnd daruffhin dem sr vogt zu
1145 2384 1975 2475 hrenisperg, inne von gemachter schulden wegen s
1158 2434 2006 2524 er nit bezahlen mögen, mit dem bydt von Statt
1154 2478 1870 2565 vnnd landt zeuerwyßen, beuolchen worden
