4000 3000
15 54 140 125 104.
186 102 948 243 abernonen, vnnd goldt darfur geben. Vnnd aber
169 162 959 291 halbe nit gewüßt, das sy nit gut sendt sonsten hür
177 210 964 336 er sy nit wöllten ußgefemne, danse er sy nit kints
142 250 920 353 darumb er dienn auch zu der Jeingere welchen ei
170 293 971 419 gegeben gesagt, wann sy nit gat uind werschat se
174 334 938 449 In dieselbent inen widerumb abnemmen, vnd dem
172 385 961 514 mangel ersehzen wölle, hieit zo stets mit undeschiten
180 442 322 504 ußgeben
166 468 952 590 Hat wytchers angezeigt möge nit wüßen noch alase
180 519 916 613 das er jemandts mit Lucerner oder guger dicken
911 585 957 640 .
167 567 939 673 zalt habe, khönne sich auch nit erinneren, das ihr
176 619 943 735 Ehs deß gelts halb gerlachte tar unnd weidigen
157 671 806 744 Imme yemalen communiciert worden.
152 718 934 822 befragt, wie er dann gewüßt habe, wie vil sy
180 772 975 882 gältidt. Antwort, habe gedacht, das sy ungeschaen
186 820 965 915 So vnnd so vil, wie er sy ußgäbere galtindt, vnnd
170 867 974 969 Im vberigen habe er von etlichen knechten Verstanden
172 915 969 1015 Laurentz habe gemelte dicken dem Wallis vffge¬
188 964 367 1022 wachtlet.
175 975 967 1104 Warumb er tuch inns landt gebracht unnd daßelbn
193 1049 952 1136 den landtlichten als Heinrich Hälter 4 stuck so
189 1096 977 1180 by 140 ellen gsin unnd zu Wyßenbrorg 8 stuck, welche
194 1138 956 1224 be 250 elbn geweßen, vnnd von Hrr Catlrin
192 1191 954 1266 gemäßen worden angehenckt. Antwort das
196 1239 944 1315 sie die ursach, das er auch gern etwas hatte ge-
195 1286 962 1370 wünnen habe aber nit gewüßt, das es verbotten
199 1330 281 1402 gsin.
179 1383 956 1477 Wen zue gesagt, das s. Castlan Chun das thuh
198 1438 952 1519 gemäßen  antwort Anthoni Benger habe zur
195 1480 623 1562 es zu Rutinger angezeigt.
182 1531 978 1619 Fherners hat er angezeigt, wann er den landtlichten
198 1586 896 1670 tuch geben, habeit sy ime vych darfür geben.
144 1644 968 1753 Endtlichen als man inne betragt, warumb, wann
202 1716 970 1797 er mit den landtlichten darober gemärtet und
200 1769 955 1846 denselben bargelt versprochen e ihnen dann
189 1813 970 1899 schlecht geringen gelt unnd daßelbig höcher weder
203 1875 964 1948 es abergiltet geben,  er geantwortet be
202 1913 974 1998 kenne verfält zu haben, begare der gnader erbute
228 1953 950 2059 sich ersatung ze thun unnd ihr g straaff sich
205 2002 626 2083 demütig zu underwerffen.
155 2093 983 2229 ff uff Mitwohen den 4. januarii 1615 Ja
189 2183 968 2277 uff ein gethane gelübt, das er nit uß dem landt
177 2240 979 2306 wychen wolle, er habe dann benotderst jeder
190 2272 975 2361 man befridiget unnd wegen verübten betrugs
178 2321 975 2410 zu ihn eh handen 200 silber t zur srank
191 2360 901 2462 erlegt unnd bezalt, ledig gelaßen worden.
1795 27 1902 91 105.
1144 43 1744 260 Ieter vons genandt
1157 185 1748 291 Schmußzbub, grosguindt, keupp
1179 243 1725 338 unnd knuchel, deßen rechter zunam
1187 287 1690 382 Vnd wo er daheim Vnbekhandt.
1407 395 1455 444 a
1026 391 1909 546 If mitwochen den 4. unnd widerumb uff mit
1064 443 1930 564 wochen den 15. januarii dib 1619 jars ihm by syn
1049 498 1922 622 gegenwertigkeit vnnd anhiren der frommen, fürsichtigeen
1058 537 1909 645 fürnemmen, wolgebichten unnd wyßen herren brat
1056 582 1889 700 begoorten deß Rfate, Samuel Drrchselhoffers der
1046 626 1936 752 bwgeren unnd dand von Büren roßweybells
1064 681 1953 781 auch etlicher weyblen imner gnedigen herren und oberer
1065 725 1899 830 deneren hat gegenwürtiger Peter sonst gemeinlich
1066 765 1951 872 schmutzbub großgrindt, knup unnd knuchell genandt
1069 823 1903 919 deßen zunam, vnnd wo er daheim vnbekhaendt) zu
1062 860 1934 972 mastzili alhie volgende diebstäl bekhendt, verzachen
1070 917 1827 1015 unnd volgendts mit der marter erhalten und bestätiget.
1066 959 1937 1062 Nlamlichen vnnd deß ersten hat er bekhendt, wie das
1075 1019 1927 1108 er vor etwas ziht zu Trub im Boumgarters
1069 1079 1904 1150 huße ein lynin par hoßen genommen vnd entzuckt,
1053 1114 1923 1221 demnach habe er Christen Gummern dem jungen
1051 1177 1776 1260 Buren uff Gummen ein hembdt entragen.
1056 1226 1879 1334 zu kurtzen Goul ein fleinschen hut veruntrüwet.
1077 1296 1896 1390 Hans Gerbern ein Eschoppen abkhaufft den
1075 1369 1623 1447 er entragen unnd nit bezalt.
1052 1417 1920 1514 zu Schar vor kurtzen Goull Pauli Rötlisoriger
1058 1484 1537 1552 ein dar trumpff genommen
1073 1521 1899 1601 So habe er zur Schur, da er dann ein halben
1077 1572 1923 1648 sommer gedient unnd ime nützit zu lohn wordenn
1081 1620 1692 1689 uß einem kaller 22 l endtwendt.
1070 1660 1954 1757 zu Laupperscwyll Heinrich Aschbachern ein hembtt
1086 1723 1622 1803 uind ein bisehlin entfrombdet.
1082 1777 1120 1827 3
1062 1767 1896 1875 zr Geyliggut in der kilchhein Loupperscwyll
1086 1826 1910 1895 ein bar wüllin hoßen, darin ser ein Trützdicker
1092 1874 1897 1958 funden sampt eintem tschoppen vernetinwet
1089 1925 1923 2009 welches aber dem frgen winerumb zugestellet
1087 1987 1217 2046 worden.
1067 2009 1955 2101 demne zu Geylicgent ein weher endtragen, so aber
1083 2083 1663 2159 ime widerumb abgejagt worden.
1082 2096 1965 2203 Item so habe er zu Waldtshuß im küpffers huße
1085 2175 1871 2255 ein weher genommen, daruff zwey mit Slber
1093 2219 1960 2312 beschlagne mäßer gsin, welches aber dem zengen
1090 2267 1799 2357 nachmalen widerumb zugestelt worden.
1073 2315 1914 2411 Mehr habe er zu Wangte im watshuß zum
1090 2349 1966 2454 Rößlin ein tschoppen unnd ein wyß pfr gestrickt
1100 2416 1923 2508 sumpff, weliches aber zu krauffenbrunnen
1087 2468 1926 2560 ime wideumb abgeragt worden, entfrömbdet
1099 2525 1330 2598 vnnd gestolen.
