4000 3000
57 726 126 815 fose
74 64 152 150 34
203 129 933 262 Banls Mugug
111 265 951 433 Mar Hanns Brchman betragt derven
180 376 949 472 ob er nit nächtlichen wyl zu synerge
194 426 952 524 hergen Madlena Hes gangen sybe
127 451 939 560 irem eheman ufgewerkt fra fürgeben
129 501 936 617 sy sölle synertrouwen von drachenn
108 542 961 682 Dann sy gar krenek hye unnd alls si
169 584 957 700 das hus kommen, er sy drem Hürig
180 638 950 753 Müller übergaben, ist, deßen das er sol
186 678 945 800 gethan habe, geständig, Mitt vermeldig
194 732 951 825 aber wie das der müller zmne fürgäbet
191 779 951 880 das Madlen ein meßer habe, so syn sye und
193 824 949 929 von deswegen hab er solliches gethannn
174 872 768 981 demallso war syn geglompt
168 951 938 1088 befragt worden, ob er nit allesy sampt
179 1016 946 1108 Dem müller uß der gfangenschafft kommen
178 1067 943 1158 IIren blundertragen vnnd mit Iuen
187 1112 953 1206 inn dem landumbherzogen ist deßen
205 1166 486 1246 nit gestendig
153 1219 963 1354 Befragt worden, ober nit gwußt das de
205 1292 937 1371 Müller der Madlena Hurig gsen sye,
208 1354 467 1433 zeigt an, ja
178 1418 935 1524 So habe damelstuckli vnnd Ursi Aun
218 1494 917 1577 syn gfangnenhes drümalen ui
195 1543 953 1611 einanderen gäßen vnnd trunsten
173 1578 945 1653 vnnd (peidt darnach allzyt mit ein
203 1617 957 1705 anderen hinweg inn ein holz darin
188 1679 723 1756 einschüren gsin gangen.
133 1752 968 1859 Bnfragt worden, was Im der Müller zu
190 1813 947 1908 lohn geben, hat geantworetet drey batz
166 1882 962 1988 Betregt worden, darumb vnnd von den
188 1934 948 2034 wegen er syne beid gschwyen, alls Vr
190 1987 970 2062 vnnd Madlen allso verkublet hatte
176 2017 959 2112 vermeldet allein von Aßens vndtrin
176 2067 966 2162 doegen unnd das sy inne allso us großen
182 2134 719 2209 einfaltigkeit überlistet
833 2186 965 2251 angspr¬
136 2179 813 2283 Item so habe inn syn gschwey urs
183 2227 962 2333 en sölle so wol thun unnd Jaggi Zougge
188 2285 961 2370 nachforschen vnnd Innerkarung brung
158 2331 951 2415 word synwonung habe dann sy in
154 2372 963 2473 das kind, so sy noch getragen, zu vrguen
146 2420 956 2506 wolle dann es Im gehore wellichen
171 2454 960 2555 furgaben ergloupt, vnnd allso nachfu
907 2494 969 2538 galen
146 2506 899 2622 ghalten So er aber gwüßt das die
173 2528 960 2659 anderst bschaffen welte et deßen
164 2582 957 2706 g vnnd  diser sach nndi bladen
173 2669 836 2756 noch angenon wolle habenn.
1848 35 1935 126 55
1073 97 1963 220 . Habe im auch daniel Stuckhi anghalten
1105 160 1941 240 er sölle den zouggen suchen dan zu
1091 202 1959 281 das Kindt zugeeignet werde vff das er
1109 234 1951 304 noch langerfundem Land alhie ver¬
1070 271 1940 348 blyben hund sicher sin möge, vnnd hab
1070 315 1934 398 Ime deßwägen einhalbe eronen geben
1071 379 1119 428 1
1071 384 1949 492 Endtlichen alls er betragt ward ob er nit
1104 448 1938 532 den staff ine innersenbiert nach dem
1003 483 1922 600 Drskandtsgenäsen, angsprochen habe
1106 534 1919 616 das kende zu Louffensouch Inne zu
1091 578 1926 657 einem gfatter gwinmen, Ist deßen
1358 613 1414 687 si
1092 626 1356 697 durch uß ab¬
1289 669 1937 758 n lasterhaffte that und verbrechtn uff
1094 682 1264 761 als dißer
1109 728 1937 813 zintag den 6. decembris 16 4 jarr für nin gnedig
1107 773 1964 858 Herren schuldtheyßen, Rhät unnd burger geschlagenn
1101 823 1946 901 Ist er zu wol verdrenter gnedigen straakf mengklichem
1114 868 1946 934 zu einem schynbaren exempel zwesstundt lang an das
1100 908 1928 985 halßyßen gestelt, demnach mit rnten ußgesprichenn
1100 948 1944 1019 unnd volgendtts us ihr g stetten landen und gebriten
1113 990 1921 1064 mit dem eydt verwißenn unnd sölliches alles an
1106 1034 1871 1122 imme tags obstaht ordelichen erstattet wordenn.
1079 1358 1922 1447 n 19t von
1392 1411 1653 1477 münsingen.
1089 1448 1922 1547 den 16 Novembris Anno 1614. in
1041 1516 1923 1577 gegenurtigkt obstad It dameb
1101 1562 1943 1617 tnk inn der marnenketti Fxarui.
1113 1589 1923 1658 niert worden vnnd alls er edstlichen
1115 1642 1935 1708 befragt ward, ober mit gheißen vmn
1103 1666 1992 1723 beuolchen das vnnd tun dem Innerin
1098 1704 1940 1769 vwortouffen laßen gab zu Antwortt
1021 1747 1976 1823 das er sya gesagte Ursi habe hießen von den
1051 1787 1958 1867 erigen ernwenn ann ein ander ortt
1098 1828 1980 1884 Kindts zuliggen nd demnoch torffen
1098 1884 1971 1941 laßen aber das er benolchen sy sölle fun
1085 1909 1784 1992 das Inuerpiert gan, sye mit
1096 1997 1961 2092 Befragt worden, ob er nit Hanns Oerch¬
1100 2065 1958 2148 enon gelt geben vnnd benolchen das
1119 2122 1977 2188 er Hanns Zonggen nachseze vnnd ver¬
1102 2149 1965 2224 schaffe, das im das kind zugestelt werde
1113 2198 1966 2280 hat zu bscheid erfolgen laßen es möcht
1105 2244 1959 2327 villichterwas geschechen syn, dann er
1093 2284 1957 2362 sieruswol meicken möge vnd konne
1083 2338 1980 2391 Das werchmenvnnd andere daruon
1100 2386 1480 2450 gredt habindt
1077 2439 1969 2558 Endtlichen befragt worden, wie woll
1112 2513 1972 2602 gelter werchman geben ain fahl
1113 2575 1976 2645 erverschaffe, das das kinde zauggero
1101 2601 1966 2694 zugstelt wede hat hieruff volgeeeden
