4000 3000
74 90 198 183 22.
85 100 1041 359 Bernherdt Bidemen
136 299 1036 436 Von Ruberg uß der oberenpfalt
233 365 879 472 furtig Ein Studiosus
181 491 1064 657 Mlsdan vor etwas abgeloffnen Tagen
214 598 1056 711 Bemard Wydeman vonn Amberg uß der oberen pfale
209 665 1066 769 pürtig, ein studiosus, allhie ein oPennliche dispuscin
216 715 1060 817 gedaltenn vnd dannenhar Berho Pett er zn deselben
218 772 1059 875 so wol bestanden sye, das er Jannenhar ptwas diennste
224 830 1062 953 hie erlangenn wurde. Vnd aber deßenn Vngeachtt
206 889 1041 993 Ir Gnad bß gewüßenn Vrsachenn nach anhörung
216 955 1049 1079 ehen, Esehen lutne eolohen
211 1013 1041 1134 Jheme Wydeman sihes begätens abgewisen. Ist
220 1079 1052 1194 er von Jeßwegen wider bemelten H Decanen
216 1144 1063 1255 In vngeburliche vorkleinerliche wortt vßgebrochen
215 1212 1058 1308 Jahin tütlende als hab er minen ad h. aliena refe¬
221 1272 1059 1380 riert, dtem als wan er gringer, Bund schlächter er¬
221 1337 1048 1439 dition wäre etc. Naben sein, so hatt er zum Wyßen
225 1404 1057 1505 Eurtz allhie ein silbornen bucher In finen petersach
233 1464 1047 1568 gstoßenn vnd glych wol denselben nachwärtts der
241 1514 1050 1629 wiesin vff ir anforderung restiturdet: Vber
211 1590 1064 1697 Das hatt er mict Meyser Hans Rudolff Seebach dem
220 1657 1052 1764 Büchsenschmid umbe maßn leyen gwettett, wan
224 1721 1059 1821 er schon ein Musguetenn lade, wie er wölle, mütt¬
216 1780 1053 1878 desminder, wolle er dey mal dar In das vor hinfn
216 1842 1046 1940 fuhen, Vnd hiemich die Mugueten also vberzouber
204 1907 1071 2005 können, das er derbach sy nit worde looß schioßen müh
213 1965 1034 2074 welches gwoett doch an Wydeman toloren. Vß
199 2031 1060 2129 disen brsachenn habend de G. Ihnne fbeydemann
207 2092 1057 2211 gefencklich dusporenn, vnd domnach sineshalb gedan
216 2166 1057 2271 bäches, vnnd schießens halb insormation Innemien
221 2224 1047 2322 laßenn. Jch sich dan Vß derselben befunden, das do
216 2284 1068 2395 er gedachsen bächer gezucket vnd obgrlubtert guet
205 2344 1057 2467 getroffen, er mit wyn mechtig bladen gsin und sich
207 2422 1060 2525 ohne lbsort disem die sey wuchen lang, die er In
214 2486 1058 2596 bemeltem wirtshuß gsin, ehrlich, vnd znzogtem
201 2544 1048 2666 ehalten. Vnd als er hieruff ouch durch die fromtenn
1966 -17 2101 108 23.
1198 154 2128 346 finsedtigen, wisen herrnen Prtor von Wertten
1183 255 2138 407 deß kleinen Rhatts, Niclaus Irnner, der Burgeren
1201 306 2112 464 Vnd salbid vonn Bürenn Großweibel, mitt
1202 357 2115 501 ernsthafften wordenn examiiertt worden. Halt er
1200 407 2162 575 sich also zo fegehenn, erstlichen, deß hr. Decani halb
1191 472 2162 659 Es sye Ihm vonn ettlichen gwersenn allhie hofnung
1200 557 2122 713 emnacht worden, er werde etwas diensts eelangenn
1206 605 2148 762 mögenn. Is er aber abgwisen worden haben ihm
1203 669 2146 819 selbs inbildett, der zu Decanus, werde Ir Gnad
1188 722 2151 890 aliena referiert haben, dannen han hab er feinliche
1190 804 2167 953 wortt ußgeschlaget. Sye Ihm aber leid sich erpirt
1191 872 2147 1015 fende, er wölle dem S. Jaran ein frunfliche anput
1194 935 2153 1090 Jung thun Vnd Ihn vmb Tozychung pekenn, dan er
1196 1013 2145 1140 Ihme fur ein gelerten, ehrlichen, redlichen Herren
1196 1078 2171 1216 halte. Belangend das schießen vnnd den bächer
1214 1144 2149 1288 vyr er gantruncken gste und habe nur gschimpsatt
1208 1218 2150 1342 solohur Im Gott holffenn sölle, aber es solle nit
1210 1281 2170 1395 ncher bschehenn. Vnnd diswyl deß halben die sache
1204 1349 2143 1470 anderst nit bescheffenn. Do ister uff 7 flo 1613
1209 1411 2137 1529 Vf eimn starcke consior, vff fihen fuß gestelt, vnnd de
1229 1486 1837 1600 synn hiematt gwisenn wordenn
1201 1636 1901 1846 Jco Gottgeber.
1247 1835 1956 1938 vonn ptistorff der vogtey
1297 1899 1827 2007 Kantzbut purtig.
1193 1979 2171 2160 Vf Mittwursenn denn 4. tag Rugstend
1218 2094 2129 2207 dis 1613 dars in gegenwürtigkeit dor frouwen
1214 2156 2097 2267 fürnommenn, wysenn dervonn Jacob Tormans deß
1216 2219 2165 2353 Bhatts Hans Ludwig Bugspurgers unnd Jacobs Bon
1211 2273 2157 2391 Bryors, der Burgewess, unnd dabids von Bürenn
1208 2327 2137 2483 Großweybels, als ouch ettlicher teyklenn, miner g ß.
1219 2387 2147 2513 vnnd oberonn dienerenn hatt Jacob Gottguber von
1213 2448 2194 2609 Vigistorff dor Vogty Lantzhutt purtig hernach velüttet
1214 2508 2158 2645 großte unnd schwäre miß handlunge zu Martili bekontt
1209 2571 2137 2710 verzähren und mit der marter erbaltenn und be¬
1211 2626 1400 2723 stättigett.
