<?xml version="1.0" encoding="UTF-8" standalone="yes"?>
<PcGts xmlns="http://schema.primaresearch.org/PAGE/gts/pagecontent/2013-07-15" xmlns:xsi="http://www.w3.org/2001/XMLSchema-instance" xsi:schemaLocation="http://schema.primaresearch.org/PAGE/gts/pagecontent/2013-07-15 http://schema.primaresearch.org/PAGE/gts/pagecontent/2013-07-15/pagecontent.xsd">
    <Metadata>
        <Creator>prov=University of Rostock/Institute of Mathematics/CITlab|PLANET AI GmbH/Gundram Leifert/gundram.leifert@planet-ai.de:name=German_Kurrent_XVI-XVIII_M1(htr_id=19584)::::v=2.6.7
prov=University of Rostock/Institute of Mathematics/CITlab|PLANET AI GmbH/Tobias Gruening/tobias.gruening@planet-ai.de:name=de.uros.citlab.module.baseline2polygon.B2PSeamMultiOriented:v=2.6.7
prov=University of Rostock/Institute of Mathematics/CITlab|PLANET AI GmbH/Gundram Leifert/gundram.leifert@planet-ai.de:name=Turmbücher_StaBe_3_A.Funk(htr_id=27278)::::v=2.6.7
prov=University of Rostock/Institute of Mathematics/CITlab|PLANET AI GmbH/Tobias Gruening/tobias.gruening@planet-ai.de:name=de.uros.citlab.module.baseline2polygon.B2PSeamMultiOriented:v=2.6.7
prov=University of Rostock/Institute of Mathematics/CITlab|PLANET AI GmbH/Tobias Gruening/tobias.gruening@planet-ai.de:name=/net_tf/LA73_249_0mod360.pb:de.uros.citlab.segmentation.CITlab_LA_ML:v=2.6.6
Transkribus</Creator>
        <Created>2020-09-24T21:51:49.841+02:00</Created>
        <LastChange>2022-09-12T14:17:31.988+02:00</LastChange>
        <TranskribusMetadata docId="1334810" pageId="52358972" pageNr="65" tsid="114640687" status="IN_PROGRESS" userId="9570" imgUrl="https://files.transkribus.eu/Get?id=NCDTDPZIRITEFGJQQPOCWFVH&amp;fileType=view" xmlUrl="https://files.transkribus.eu/Get?id=XHEUCZVBRUWKFDOUQEYRIVJL" imageId="15919429"/>
    </Metadata>
    <Page imageFilename="BIX460_122,123.jpg" imageWidth="4000" imageHeight="3000">
        <ReadingOrder>
            <OrderedGroup id="ro_1687513829663" caption="Regions reading order">
                <RegionRefIndexed index="0" regionRef="r1"/>
                <RegionRefIndexed index="1" regionRef="r2"/>
                <RegionRefIndexed index="2" regionRef="r3"/>
            </OrderedGroup>
        </ReadingOrder>
        <TextRegion orientation="0.0" id="r1" custom="readingOrder {index:0;}">
            <Coords points="56,60 56,2103 992,2103 992,60"/>
            <TextLine id="r1l1" custom="readingOrder {index:0;}">
                <Coords points="573,89 580,91 585,88 597,90 602,86 619,98 629,92 635,93 639,61 630,60 610,64 606,59 604,61 598,59 588,65 576,63"/>
                <Baseline points="579,80 604,83 630,86"/>
                <TextEquiv>
                    <Unicode>11</Unicode>
                </TextEquiv>
            </TextLine>
            <TextLine id="r1l2" custom="readingOrder {index:1;}">
                <Coords points="49,119 65,123 76,120 81,126 93,127 110,117 130,116 142,110 147,115 155,114 156,90 147,92 142,87 133,86 127,79 122,81 115,76 100,85 85,77 66,75 51,78"/>
                <Baseline points="56,105 87,108 118,107 150,110"/>
                <TextEquiv>
                    <Unicode>122.</Unicode>
                </TextEquiv>
            </TextLine>
            <TextLine id="r1l3" custom="readingOrder {index:2;} person {offset:0; length:15;}">
                <Coords points="254,171 361,155 394,170 428,147 472,172 538,149 643,181 754,163 828,205 865,201 868,136 762,86 727,114 690,94 578,110 489,74 446,96 415,71 368,101 256,119"/>
                <Baseline points="260,150 290,150 320,150 350,149 380,149 410,149 440,149 470,149 500,149 530,149 560,150 590,150 620,152 650,154 680,157 710,159 740,162 770,166 800,170 830,175 860,182"/>
                <TextEquiv>
                    <Unicode>Jacob Äergöuwer der</Unicode>
                </TextEquiv>
            </TextLine>
            <TextLine id="r1l4" custom="readingOrder {index:3;}">
                <Coords points="305,241 391,202 472,221 552,211 579,230 647,210 704,235 797,237 798,202 751,170 687,164 644,181 578,175 535,151 476,190 432,156 400,173 363,156 307,173"/>
                <Baseline points="311,210 336,209 361,207 386,206 412,205 437,204 462,204 488,203 513,203 538,204 564,204 589,205 614,206 640,207 665,209 690,211 716,215 741,217 766,220 792,224"/>
                <TextEquiv>
                    <Unicode>gipser, burger allhie.</Unicode>
                </TextEquiv>
            </TextLine>
            <TextLine id="r1l5" custom="readingOrder {index:4;} person {offset:22; length:14;}">
                <Coords points="107,345 360,319 416,336 458,313 497,341 578,309 892,353 893,303 842,307 730,255 652,287 478,252 423,286 371,252 199,305 108,296"/>
                <Baseline points="113,318 151,318 190,318 229,318 267,317 306,317 345,315 383,314 422,313 461,312 500,311 538,311 577,311 616,311 654,314 693,315 732,319 770,322 809,328 848,334 887,342"/>
                <TextEquiv>
                    <Unicode>Diewyll auch gesagter Jacob Ergöüwer sich</Unicode>
                </TextEquiv>
            </TextLine>
            <TextLine id="r1l6" custom="readingOrder {index:5;}">
                <Coords points="194,382 271,359 411,382 439,359 688,356 983,424 985,381 864,340 812,354 629,315 499,339 326,325 294,347 196,331"/>
                <Baseline points="200,363 238,362 277,360 316,359 355,357 394,354 433,354 472,353 511,351 550,351 589,353 627,353 666,354 705,357 744,361 783,367 822,372 861,379 900,388 939,398 978,410"/>
                <TextEquiv>
                    <Unicode>inn sinem täglichen leben und wessen, auch handel</Unicode>
                </TextEquiv>
            </TextLine>
            <TextLine id="r1l7" custom="readingOrder {index:6;}">
                <Coords points="203,415 534,392 607,421 650,398 742,432 923,438 924,397 610,357 438,360 411,385 352,358 204,366"/>
                <Baseline points="209,402 244,401 279,399 315,398 350,396 386,395 421,395 457,393 492,393 528,395 563,395 598,396 634,398 669,400 705,402 740,405 776,410 811,414 847,419 882,424 918,431"/>
                <TextEquiv>
                    <Unicode>unnd wandel anderst bisshero nit erzeigt unnd</Unicode>
                </TextEquiv>
            </TextLine>
            <TextLine id="r1l8" custom="readingOrder {index:7;}">
                <Coords points="214,450 336,464 501,435 534,466 641,431 894,484 941,481 943,424 740,430 650,399 607,421 535,393 214,432"/>
                <Baseline points="219,443 254,441 290,440 326,439 362,437 398,436 434,435 469,434 505,434 541,434 577,434 613,435 649,436 685,439 720,440 756,445 792,448 828,452 864,459 900,465 936,471"/>
                <TextEquiv>
                    <Unicode>siner nachburschafft sich einsammer nit verhaltenn</Unicode>
                </TextEquiv>
            </TextLine>
            <TextLine id="r1l9" custom="readingOrder {index:8;}">
                <Coords points="940,455 947,456 953,462 956,461 959,464 964,465 971,432 965,431 960,426 959,427 957,426 955,423 952,424 946,422"/>
                <Baseline points="947,446 962,449"/>
                <TextEquiv>
                    <Unicode>gegen</Unicode>
                </TextEquiv>
            </TextLine>
            <TextLine id="r1l10" custom="readingOrder {index:9;}">
                <Coords points="191,508 334,477 441,507 501,478 528,499 806,487 968,532 975,504 853,460 676,462 642,436 500,435 447,462 193,450"/>
                <Baseline points="198,479 236,479 275,479 313,479 352,477 390,477 429,476 467,474 506,474 544,474 583,474 622,475 660,476 699,478 737,482 776,486 814,490 853,496 891,502 930,512 969,521"/>
                <TextEquiv>
                    <Unicode>dann das minen gnedigen herren und oberen von</Unicode>
                </TextEquiv>
            </TextLine>
            <TextLine id="r1l11" custom="readingOrder {index:10;}">
                <Coords points="210,535 313,516 452,519 486,542 536,518 727,528 975,578 977,534 606,478 435,506 335,476 299,498 212,489"/>
                <Baseline points="216,519 253,519 291,519 329,518 367,518 404,518 442,516 480,516 518,516 555,516 593,516 631,518 669,519 706,521 744,524 782,528 820,532 857,538 895,545 933,553 971,561"/>
                <TextEquiv>
                    <Unicode>einen hrn. den chorrichteren berichtswyss für kommen</Unicode>
                </TextEquiv>
            </TextLine>
            <TextLine id="r1l12" custom="readingOrder {index:11;}">
                <Coords points="194,581 688,565 984,622 985,582 726,528 196,534"/>
                <Baseline points="200,564 238,564 277,564 316,563 355,561 394,561 433,560 472,560 511,560 550,560 589,560 627,561 666,563 705,564 744,567 783,572 822,577 861,584 900,591 939,601 978,611"/>
                <TextEquiv>
                    <Unicode>wie unnd welcher gestalten er biss anhero die gaaben</Unicode>
                </TextEquiv>
            </TextLine>
            <TextLine id="r1l13" custom="readingOrder {index:12;} person {offset:0; length:6;}">
                <Coords points="210,622 290,627 329,600 528,625 616,606 715,636 773,617 938,644 924,594 640,592 591,563 484,588 449,567 426,590 212,574"/>
                <Baseline points="216,611 251,611 287,609 323,608 359,606 395,605 431,604 466,603 502,603 538,603 574,603 610,603 646,605 682,606 717,608 753,611 789,615 825,619 861,625 897,631 933,638"/>
                <TextEquiv>
                    <Unicode>Gottes als sonderlichen den wyn nit nur über</Unicode>
                </TextEquiv>
            </TextLine>
            <TextLine id="r1l14" custom="readingOrder {index:13;}">
                <Coords points="219,663 701,653 903,677 947,712 963,655 875,623 833,646 773,617 715,635 619,607 530,627 500,605 415,627 330,600 282,632 220,618"/>
                <Baseline points="225,653 261,653 298,651 334,650 371,650 407,648 444,648 480,647 517,647 553,647 590,647 627,648 663,650 700,652 736,653 773,657 809,661 846,665 882,670 919,677 956,684"/>
                <TextEquiv>
                    <Unicode>sin noturfft genossen unnd einfaltig missbrucht,</Unicode>
                </TextEquiv>
            </TextLine>
            <TextLine id="r1l15" custom="readingOrder {index:14;}">
                <Coords points="216,720 475,698 600,726 665,699 700,725 803,707 983,751 984,713 798,666 735,681 702,653 665,674 589,652 539,672 218,663"/>
                <Baseline points="222,701 259,699 297,698 335,696 373,696 411,695 448,693 486,693 524,692 562,693 600,693 637,694 675,696 713,698 751,701 789,705 826,710 864,716 902,722 940,730 978,740"/>
                <TextEquiv>
                    <Unicode>sonders auch, wann er sich damit übernommen, wie</Unicode>
                </TextEquiv>
            </TextLine>
            <TextLine id="r1l16" custom="readingOrder {index:15;}">
                <Coords points="204,775 276,747 403,772 460,742 486,764 643,744 983,790 985,752 884,745 815,709 703,726 668,702 600,726 475,698 205,724"/>
                <Baseline points="210,747 248,746 286,745 325,743 363,741 402,741 440,740 478,739 517,738 555,738 594,738 632,740 670,741 709,743 747,746 786,749 824,754 862,759 901,765 939,772 978,780"/>
                <TextEquiv>
                    <Unicode>dann dasselbig täglichen an imme gesechen werden</Unicode>
                </TextEquiv>
            </TextLine>
            <TextLine id="r1l17" custom="readingOrder {index:16;}">
                <Coords points="210,804 495,793 571,817 668,783 721,813 784,794 947,827 977,826 978,795 690,749 519,770 465,743 403,772 276,747 210,776"/>
                <Baseline points="215,792 252,792 290,791 328,791 366,789 404,789 441,788 479,786 517,786 555,786 593,786 630,786 668,787 706,789 744,790 782,792 819,797 857,801 895,806 933,813 971,821"/>
                <TextEquiv>
                    <Unicode>müssen, er allssdann grobe ungerympte wort</Unicode>
                </TextEquiv>
            </TextLine>
            <TextLine id="r1l18" custom="readingOrder {index:17;}">
                <Coords points="212,860 363,864 466,835 585,857 610,836 662,856 736,839 783,869 885,844 986,878 987,825 887,835 783,794 725,822 652,786 600,815 490,795 387,822 261,792 213,809"/>
                <Baseline points="218,843 256,842 294,840 332,840 370,838 408,837 446,836 485,834 523,833 561,833 599,833 637,833 675,834 713,835 752,837 790,839 828,842 866,848 904,852 942,858 981,866"/>
                <TextEquiv>
                    <Unicode>ussgeschlagen unnd mengcklichen, auch eine nachbur¬</Unicode>
                </TextEquiv>
            </TextLine>
            <TextLine id="r1l19" custom="readingOrder {index:18;}">
                <Coords points="221,917 318,900 347,919 429,879 977,918 978,872 919,884 875,848 783,870 735,838 706,860 544,837 507,860 475,835 404,866 279,852 222,879"/>
                <Baseline points="227,896 264,892 301,890 338,888 376,885 413,884 450,882 487,881 525,881 562,880 599,880 636,881 674,881 711,883 748,885 785,888 823,890 860,893 897,898 934,902 972,908"/>
                <TextEquiv>
                    <Unicode>schafft onne underscheidt mit sinem lestermull</Unicode>
                </TextEquiv>
            </TextLine>
            <TextLine id="r1l20" custom="readingOrder {index:19;}">
                <Coords points="210,951 538,932 980,967 981,929 948,908 812,921 724,887 611,917 541,881 507,910 434,893 370,924 312,899 211,926"/>
                <Baseline points="216,941 255,939 295,938 335,936 375,935 415,933 455,932 495,930 535,930 575,930 615,930 655,930 695,932 735,933 775,936 815,938 855,942 895,946 935,951 975,956"/>
                <TextEquiv>
                    <Unicode>an eheren unnd lümbden lasterlichen antasten</Unicode>
                </TextEquiv>
            </TextLine>
            <TextLine id="r1l21" custom="readingOrder {index:20;}">
                <Coords points="213,1001 524,982 944,1018 983,1016 984,971 800,949 572,967 535,935 428,958 214,948"/>
                <Baseline points="219,986 258,984 298,983 338,983 378,981 418,980 458,980 498,978 538,978 578,978 618,978 658,978 698,980 738,981 778,984 818,986 858,990 898,995 938,999 978,1004"/>
                <TextEquiv>
                    <Unicode>unnd schmächen dörffen, auch mit hinzuo den thüren</Unicode>
                </TextEquiv>
            </TextLine>
            <TextLine id="r1l22" custom="readingOrder {index:21;} person {offset:7; length:6;}">
                <Coords points="214,1049 294,1064 323,1036 578,1025 666,1053 690,1031 977,1059 977,1015 906,998 660,1010 631,986 577,1011 531,989 411,1008 375,985 341,1013 214,1013"/>
                <Baseline points="219,1034 256,1032 294,1031 331,1029 369,1029 407,1028 444,1028 482,1026 520,1026 557,1026 595,1026 633,1026 670,1028 708,1028 746,1030 783,1032 821,1034 859,1037 896,1039 934,1042 972,1046"/>
                <TextEquiv>
                    <Unicode>nammen Gottes inn allerhandt groben schwueren</Unicode>
                </TextEquiv>
            </TextLine>
            <TextLine id="r1l23" custom="readingOrder {index:22;} DIWO {offset:5; length:8;}">
                <Coords points="216,1089 384,1108 422,1085 666,1077 968,1103 968,1071 919,1051 823,1063 689,1030 666,1053 594,1026 501,1052 456,1033 432,1057 398,1038 216,1056"/>
                <Baseline points="221,1080 258,1080 295,1080 332,1079 369,1079 406,1077 443,1076 480,1076 517,1074 554,1074 592,1074 629,1074 666,1074 703,1074 740,1075 777,1077 814,1079 851,1081 888,1085 925,1089 963,1094"/>
                <TextEquiv>
                    <Unicode>onne schüchen schandtlich missbrucht, neben dem</Unicode>
                </TextEquiv>
            </TextLine>
            <TextLine id="r1l24" custom="readingOrder {index:23;}">
                <Coords points="210,1136 396,1119 448,1156 488,1126 532,1155 611,1125 753,1127 784,1150 910,1126 971,1151 954,1097 907,1118 821,1085 717,1106 668,1078 487,1106 420,1086 356,1111 270,1082 210,1114"/>
                <Baseline points="216,1127 253,1126 291,1125 328,1125 366,1124 403,1124 441,1124 478,1122 516,1122 553,1122 591,1122 628,1122 666,1122 703,1123 741,1124 778,1125 816,1127 853,1129 891,1131 928,1134 966,1137"/>
                <TextEquiv>
                    <Unicode>auch sinem letst abgestorbenen töchterlin als</Unicode>
                </TextEquiv>
            </TextLine>
            <TextLine id="r1l25" custom="readingOrder {index:24;}">
                <Coords points="214,1183 274,1204 322,1169 381,1199 446,1168 773,1200 851,1173 975,1190 975,1158 909,1126 788,1150 749,1126 726,1148 663,1125 531,1155 487,1124 453,1156 411,1122 362,1147 309,1122 214,1140"/>
                <Baseline points="219,1170 256,1170 294,1170 331,1170 369,1169 406,1169 444,1168 481,1167 519,1167 556,1167 594,1166 631,1166 669,1166 706,1167 744,1167 781,1169 819,1170 856,1172 894,1173 931,1176 969,1179"/>
                <TextEquiv>
                    <Unicode>dasselbig krank unnd übelmögend gsin, unnd einen</Unicode>
                </TextEquiv>
            </TextLine>
            <TextLine id="r1l26" custom="readingOrder {index:25;}">
                <Coords points="192,1227 342,1235 504,1205 975,1229 959,1185 871,1198 782,1170 716,1198 448,1168 385,1199 321,1170 285,1203 244,1179 191,1193"/>
                <Baseline points="197,1217 235,1218 274,1218 312,1220 351,1220 390,1220 428,1218 467,1218 505,1217 544,1217 583,1215 621,1214 660,1214 698,1213 737,1212 776,1212 814,1214 853,1214 891,1216 930,1218 969,1221"/>
                <TextEquiv>
                    <Unicode>trunck geuorderet, denselbigen nit wenigers als</Unicode>
                </TextEquiv>
            </TextLine>
            <TextLine id="r1l27" custom="readingOrder {index:26;}">
                <Coords points="183,1287 956,1261 955,1237 810,1238 756,1211 713,1239 621,1213 533,1241 364,1219 343,1237 321,1216 182,1233"/>
                <Baseline points="188,1271 226,1268 264,1265 302,1263 340,1262 378,1260 416,1259 454,1258 492,1257 530,1257 569,1256 607,1256 645,1256 683,1256 721,1257 759,1257 797,1257 835,1257 873,1258 911,1259 950,1259"/>
                <TextEquiv>
                    <Unicode>die stieffmuoter nit allein, abgeschlagen, sonders es auch</Unicode>
                </TextEquiv>
            </TextLine>
            <TextLine id="r1l28" custom="readingOrder {index:27;}">
                <Coords points="207,1330 291,1308 522,1333 765,1301 949,1323 949,1263 207,1287"/>
                <Baseline points="212,1313 248,1310 285,1307 321,1305 358,1304 395,1303 431,1302 468,1302 504,1302 541,1302 578,1302 614,1302 651,1304 687,1304 724,1304 761,1305 797,1305 834,1305 870,1305 907,1304 944,1304"/>
                <TextEquiv>
                    <Unicode>inn aller not unnd schmertzen also ellendigklich</Unicode>
                </TextEquiv>
            </TextLine>
            <TextLine id="r1l29" custom="readingOrder {index:28;} DIWO {offset:11; length:9;}">
                <Coords points="226,1364 996,1366 967,1315 933,1338 813,1305 686,1334 606,1310 540,1335 291,1308 226,1332"/>
                <Baseline points="231,1352 270,1352 310,1353 350,1353 390,1352 430,1352 470,1352 510,1352 550,1350 590,1350 630,1350 670,1349 710,1349 750,1349 790,1349 830,1349 870,1350 910,1351 950,1352 990,1353"/>
                <TextEquiv>
                    <Unicode>verderben, verserben, absterben unnd sin leben enden</Unicode>
                </TextEquiv>
            </TextLine>
            <TextLine id="r1l30" custom="readingOrder {index:29;}">
                <Coords points="225,1410 399,1403 448,1426 484,1403 605,1424 658,1400 998,1404 998,1373 958,1355 869,1354 839,1381 723,1356 667,1379 589,1354 445,1378 381,1352 335,1384 225,1363"/>
                <Baseline points="230,1400 268,1400 306,1398 344,1398 382,1398 420,1398 458,1398 496,1397 534,1397 572,1397 611,1397 649,1397 687,1397 725,1397 763,1395 801,1395 839,1395 877,1395 915,1395 953,1395 992,1394"/>
                <TextEquiv>
                    <Unicode>lassen. als habent hochgenandt ein gnedig herren</Unicode>
                </TextEquiv>
            </TextLine>
            <TextLine id="r1l31" custom="readingOrder {index:30;}">
                <Coords points="219,1458 994,1454 994,1409 830,1427 780,1401 660,1430 547,1405 447,1427 219,1410"/>
                <Baseline points="224,1448 262,1448 300,1446 338,1446 377,1446 415,1446 453,1445 491,1445 530,1445 568,1445 606,1445 644,1445 683,1445 721,1445 759,1443 797,1443 836,1443 874,1443 912,1443 950,1442 989,1442"/>
                <TextEquiv>
                    <Unicode>schuldtheyss, rhät unnd burger disser loblichen statt</Unicode>
                </TextEquiv>
            </TextLine>
            <TextLine id="r1l32" custom="readingOrder {index:31;} place {offset:0; length:4;} date {offset:24; length:16; continued:true;}">
                <Coords points="222,1498 971,1493 949,1464 780,1446 598,1451 572,1472 508,1442 457,1472 426,1452 221,1467"/>
                <Baseline points="227,1490 263,1490 300,1490 337,1490 374,1490 411,1488 448,1488 485,1488 522,1487 559,1486 596,1485 632,1485 669,1484 706,1484 743,1484 780,1484 817,1484 854,1484 891,1484 928,1484 965,1485"/>
                <TextEquiv>
                    <Unicode>Bern, nach dem inen uff sambstag den 11.</Unicode>
                </TextEquiv>
            </TextLine>
            <TextLine id="r1l33" custom="readingOrder {index:32;} date {offset:0; length:19; continued:true;}">
                <Coords points="222,1540 438,1518 459,1536 570,1524 601,1548 959,1527 958,1492 884,1486 805,1507 754,1481 678,1501 404,1482 308,1511 221,1498"/>
                <Baseline points="227,1524 263,1524 299,1524 335,1524 372,1523 408,1523 444,1523 481,1523 517,1523 553,1522 590,1521 626,1521 662,1521 698,1521 735,1520 771,1520 807,1520 844,1520 880,1520 916,1518 953,1518"/>
                <TextEquiv>
                    <Unicode>februarii 1615 jars # fürgebracht wordenn,</Unicode>
                </TextEquiv>
            </TextLine>
            <TextLine id="r1l34" custom="readingOrder {index:33;} person {offset:26; length:8;}">
                <Coords points="225,1592 592,1562 959,1587 958,1545 907,1528 649,1549 565,1528 538,1554 436,1518 377,1549 225,1542"/>
                <Baseline points="230,1568 266,1566 302,1566 338,1565 374,1565 410,1563 446,1563 483,1563 519,1563 555,1563 591,1563 627,1563 663,1563 699,1563 736,1563 772,1563 808,1563 844,1562 880,1562 916,1562 953,1560"/>
                <TextEquiv>
                    <Unicode>harüber erkhenndt, das er Ergöüwer von</Unicode>
                </TextEquiv>
            </TextLine>
            <TextLine id="r1l35" custom="readingOrder {index:34;}">
                <Coords points="231,1610 820,1625 962,1610 962,1570 738,1583 670,1564 636,1589 549,1564 425,1586 340,1568 231,1591"/>
                <Baseline points="237,1605 274,1605 312,1604 350,1604 388,1604 426,1604 464,1604 501,1604 539,1604 577,1605 615,1605 653,1605 691,1605 728,1605 766,1605 804,1604 842,1604 880,1604 918,1602 956,1601"/>
                <TextEquiv>
                    <Unicode>erzelter siner ungebüren, gottlossheit unnd</Unicode>
                </TextEquiv>
            </TextLine>
            <TextLine id="r1l36" custom="readingOrder {index:35;} person {offset:33; length:8; continued:true;}">
                <Coords points="234,1668 530,1646 692,1673 718,1655 749,1677 826,1655 896,1679 968,1646 968,1610 817,1635 737,1609 713,1629 545,1613 498,1632 234,1612"/>
                <Baseline points="240,1650 276,1648 312,1646 348,1645 384,1644 420,1644 456,1644 493,1644 529,1646 565,1646 601,1647 637,1649 673,1649 709,1650 746,1650 782,1650 818,1649 854,1649 890,1647 926,1644 963,1641"/>
                <TextEquiv>
                    <Unicode>fhäleren wegenn, wann vorgesagte Elssbeht</Unicode>
                </TextEquiv>
            </TextLine>
            <TextLine id="r1l37" custom="readingOrder {index:36;} person {offset:0; length:9; continued:true;}">
                <Coords points="234,1706 553,1697 649,1728 701,1700 978,1701 971,1665 769,1663 750,1682 653,1655 582,1679 529,1647 472,1676 421,1650 235,1667"/>
                <Baseline points="240,1694 276,1692 313,1691 349,1690 386,1689 423,1691 459,1691 496,1692 532,1692 569,1694 606,1695 642,1695 679,1697 715,1697 752,1697 789,1697 825,1695 862,1694 898,1692 935,1690 972,1686"/>
                <TextEquiv>
                    <Unicode>Brutlouff ihr bestimpte zyt an dem gemeinen</Unicode>
                </TextEquiv>
            </TextLine>
            <TextLine id="r1l38" custom="readingOrder {index:37;}">
                <Coords points="227,1734 426,1735 507,1763 530,1741 738,1738 781,1764 986,1734 995,1692 916,1715 835,1690 797,1718 755,1701 652,1727 522,1698 415,1715 390,1692 227,1709"/>
                <Baseline points="233,1730 270,1731 308,1731 346,1733 384,1733 422,1734 459,1734 497,1736 535,1736 573,1736 611,1736 648,1737 686,1736 724,1736 762,1736 800,1734 837,1734 875,1731 913,1730 951,1727 989,1724"/>
                <TextEquiv>
                    <Unicode>werck ussgestanden haben wirdt, zwen monat</Unicode>
                </TextEquiv>
            </TextLine>
            <TextLine id="r1l39" custom="readingOrder {index:38;}">
                <Coords points="228,1788 894,1796 969,1774 923,1739 777,1764 738,1738 506,1762 401,1733 363,1760 228,1736"/>
                <Baseline points="234,1776 270,1776 306,1775 343,1775 379,1776 416,1776 452,1777 489,1778 525,1779 562,1779 598,1781 634,1781 671,1782 707,1782 744,1782 780,1781 817,1780 853,1779 890,1776 926,1773 963,1770"/>
                <TextEquiv>
                    <Unicode>lang an dem gemeinen werck arbeiten unnd</Unicode>
                </TextEquiv>
            </TextLine>
            <TextLine id="r1l40" custom="readingOrder {index:39;}">
                <Coords points="235,1824 294,1851 425,1826 465,1855 492,1828 849,1835 997,1817 997,1780 701,1809 469,1775 235,1798"/>
                <Baseline points="240,1821 277,1821 315,1820 352,1820 390,1820 428,1820 465,1821 503,1821 540,1823 578,1823 616,1824 653,1824 691,1824 728,1824 766,1823 804,1823 841,1821 879,1820 916,1816 954,1813 992,1808"/>
                <TextEquiv>
                    <Unicode>nach usslouff sölcher zweyen monaten widerumb</Unicode>
                </TextEquiv>
            </TextLine>
            <TextLine id="r1l41" custom="readingOrder {index:40;}">
                <Coords points="225,1868 312,1898 385,1864 458,1892 514,1872 634,1898 677,1878 972,1884 972,1824 896,1841 870,1815 738,1847 648,1822 469,1852 429,1827 294,1851 270,1827 225,1836"/>
                <Baseline points="230,1860 266,1862 303,1862 340,1863 377,1863 414,1865 450,1865 487,1866 524,1866 561,1866 598,1868 634,1868 671,1868 708,1868 745,1868 782,1866 818,1865 855,1865 892,1863 929,1860 966,1859"/>
                <TextEquiv>
                    <Unicode>ledig gelassen werden sölle. # disser sach</Unicode>
                </TextEquiv>
            </TextLine>
            <TextLine id="r1l42" custom="readingOrder {index:41;}">
                <Coords points="867,1926 883,1926 896,1915 904,1915 918,1925 928,1920 937,1924 964,1917 975,1925 989,1919 988,1891 974,1888 964,1895 954,1892 942,1897 915,1874 905,1875 896,1884 887,1885 879,1878 866,1882"/>
                <Baseline points="872,1916 899,1917 927,1916 955,1914 983,1913"/>
                <TextEquiv>
                    <Unicode></Unicode>
                </TextEquiv>
            </TextLine>
            <TextLine id="r1l43" custom="readingOrder {index:42;} date {offset:17; length:31; continued:true;}">
                <Coords points="219,1977 277,1951 335,1970 367,1949 693,1965 986,1946 986,1922 878,1928 837,1892 811,1913 741,1895 696,1925 589,1895 552,1925 446,1891 395,1934 220,1886"/>
                <Baseline points="225,1944 262,1943 300,1943 338,1943 376,1943 413,1944 451,1944 489,1946 527,1947 564,1949 602,1950 640,1952 678,1952 715,1953 753,1953 791,1952 829,1950 866,1949 904,1945 942,1942 980,1937"/>
                <TextEquiv>
                    <Unicode>Ist uff gemeltem sambstag den 11. februarii 1615</Unicode>
                </TextEquiv>
            </TextLine>
            <TextLine id="r1l44" custom="readingOrder {index:43;} date {offset:0; length:4; continued:true;}">
                <Coords points="212,2005 455,1991 493,2021 632,1998 670,2024 703,2002 899,1998 932,2023 978,2013 978,1945 839,1946 793,1981 741,1958 650,1979 613,1951 446,1953 402,1979 364,1951 212,1960"/>
                <Baseline points="218,1991 255,1989 293,1989 331,1991 368,1991 406,1992 444,1992 481,1994 519,1995 557,1995 595,1997 632,1997 670,1997 708,1997 745,1997 783,1996 821,1995 858,1993 896,1990 934,1987 972,1983"/>
                <TextEquiv>
                    <Unicode>jars widerumb uss und heim zuo sinen khinden, die¬</Unicode>
                </TextEquiv>
            </TextLine>
            <TextLine id="r1l45" custom="readingOrder {index:44;}">
                <Coords points="237,2054 448,2043 483,2069 575,2045 715,2074 832,2051 866,2080 966,2048 966,2018 853,2029 769,1998 669,2026 601,2002 493,2021 446,1996 366,2001 333,2023 304,1995 237,2004"/>
                <Baseline points="242,2039 277,2039 313,2039 349,2039 385,2039 421,2040 457,2040 493,2042 529,2043 565,2045 601,2045 636,2046 672,2046 708,2046 744,2046 780,2046 816,2045 852,2043 888,2041 924,2039 960,2034"/>
                <TextEquiv>
                    <Unicode>selben by wyllen dero muoter verstrickung zuer¬</Unicode>
                </TextEquiv>
            </TextLine>
            <TextLine id="r1l46" custom="readingOrder {index:45;}">
                <Coords points="237,2102 297,2087 380,2121 433,2098 447,2110 494,2094 616,2115 624,2071 549,2046 487,2072 448,2044 428,2061 382,2051 345,2066 300,2046 238,2055"/>
                <Baseline points="243,2084 268,2085 293,2085 318,2085 343,2085 368,2085 393,2085 418,2085 443,2085 468,2086 493,2087 518,2087 543,2088 568,2090 593,2090 618,2093"/>
                <TextEquiv>
                    <Unicode>halten, gelassen worden.</Unicode>
                </TextEquiv>
            </TextLine>
            <TextEquiv>
                <Unicode>11
122.
Jacob Äergöuwer der
gipser, burger allhie.
Diewyll auch gesagter Jacob Ergöüwer sich
inn sinem täglichen leben und wessen, auch handel
unnd wandel anderst bisshero nit erzeigt unnd
siner nachburschafft sich einsammer nit verhaltenn
gegen
dann das minen gnedigen herren und oberen von
einen hrn. den chorrichteren berichtswyss für kommen
wie unnd welcher gestalten er biss anhero die gaaben
Gottes als sonderlichen den wyn nit nur über
sin noturfft genossen unnd einfaltig missbrucht,
sonders auch, wann er sich damit übernommen, wie
dann dasselbig täglichen an imme gesechen werden
müssen, er allssdann grobe ungerympte wort
ussgeschlagen unnd mengcklichen, auch eine nachbur¬
schafft onne underscheidt mit sinem lestermull
an eheren unnd lümbden lasterlichen antasten
unnd schmächen dörffen, auch mit hinzuo den thüren
nammen Gottes inn allerhandt groben schwueren
onne schüchen schandtlich missbrucht, neben dem
auch sinem letst abgestorbenen töchterlin als
dasselbig krank unnd übelmögend gsin, unnd einen
trunck geuorderet, denselbigen nit wenigers als
die stieffmuoter nit allein, abgeschlagen, sonders es auch
inn aller not unnd schmertzen also ellendigklich
verderben, verserben, absterben unnd sin leben enden
lassen. als habent hochgenandt ein gnedig herren
schuldtheyss, rhät unnd burger disser loblichen statt
Bern, nach dem inen uff sambstag den 11.
februarii 1615 jars # fürgebracht wordenn,
harüber erkhenndt, das er Ergöüwer von
erzelter siner ungebüren, gottlossheit unnd
fhäleren wegenn, wann vorgesagte Elssbeht
Brutlouff ihr bestimpte zyt an dem gemeinen
werck ussgestanden haben wirdt, zwen monat
lang an dem gemeinen werck arbeiten unnd
nach usslouff sölcher zweyen monaten widerumb
ledig gelassen werden sölle. # disser sach

Ist uff gemeltem sambstag den 11. februarii 1615
jars widerumb uss und heim zuo sinen khinden, die¬
selben by wyllen dero muoter verstrickung zuer¬
halten, gelassen worden.</Unicode>
            </TextEquiv>
        </TextRegion>
        <TextRegion orientation="0.0" id="r2" custom="readingOrder {index:1;}">
            <Coords points="1028,555 1028,712 1103,712 1103,555"/>
            <TextLine id="r2l1" custom="readingOrder {index:0;}">
                <Coords points="1025,688 1033,684 1040,687 1052,674 1069,664 1082,664 1087,668 1110,665 1102,588 1090,585 1078,592 1028,637 1020,637"/>
                <Baseline points="1028,662 1053,659 1078,655 1103,656"/>
                <TextEquiv>
                    <Unicode>und träncken</Unicode>
                </TextEquiv>
            </TextLine>
            <TextEquiv>
                <Unicode>und träncken</Unicode>
            </TextEquiv>
        </TextRegion>
        <TextRegion orientation="0.0" id="r3" custom="readingOrder {index:2;}">
            <Coords points="1080,67 1080,2664 1992,2664 1992,67"/>
            <TextLine id="r3l1" custom="readingOrder {index:0;}">
                <Coords points="1838,105 1871,100 1888,117 1907,109 1917,113 1928,104 1934,105 1937,63 1924,61 1909,50 1899,57 1881,60 1875,55 1863,62 1853,54 1843,56"/>
                <Baseline points="1845,89 1873,91 1901,94 1929,98"/>
                <TextEquiv>
                    <Unicode>123.</Unicode>
                </TextEquiv>
            </TextLine>
            <TextLine id="r3l2" custom="readingOrder {index:1;}">
                <Coords points="1185,176 1191,177 1194,181 1199,178 1207,178 1221,195 1231,194 1244,146 1232,145 1221,131 1202,139 1195,138"/>
                <Baseline points="1193,167 1230,176"/>
                <TextEquiv>
                    <Unicode></Unicode>
                </TextEquiv>
            </TextLine>
            <TextLine id="r3l3" custom="readingOrder {index:2;} person {offset:0; length:15;}">
                <Coords points="1203,220 1328,214 1359,196 1397,211 1410,197 1493,211 1551,194 1708,210 1724,205 1723,139 1504,138 1452,173 1379,179 1328,147 1203,191"/>
                <Baseline points="1209,209 1234,205 1260,201 1285,199 1311,197 1336,195 1362,194 1387,192 1413,191 1438,191 1464,191 1489,191 1515,191 1540,191 1566,191 1591,192 1617,192 1642,194 1668,194 1693,194 1719,195"/>
                <TextEquiv>
                    <Unicode>Beat Berchtoldt</Unicode>
                </TextEquiv>
            </TextLine>
            <TextLine id="r3l4" custom="readingOrder {index:3;}">
                <Coords points="1324,281 1343,279 1362,260 1413,283 1484,248 1539,279 1608,275 1606,211 1550,195 1497,220 1452,209 1412,225 1368,196 1322,219"/>
                <Baseline points="1328,254 1355,252 1382,249 1410,248 1437,246 1465,246 1492,246 1519,245 1547,245 1574,245 1602,246"/>
                <TextEquiv>
                    <Unicode>burger alhie</Unicode>
                </TextEquiv>
            </TextLine>
            <TextLine id="r3l5" custom="readingOrder {index:4;} person {offset:22; length:15;}">
                <Coords points="1075,432 1212,387 1512,362 1961,381 1959,331 1877,309 1265,356 1071,324"/>
                <Baseline points="1080,408 1123,399 1167,390 1211,384 1255,378 1298,373 1342,369 1386,366 1430,363 1473,361 1517,360 1561,359 1605,359 1648,359 1692,359 1736,359 1780,360 1823,362 1867,363 1911,365 1955,366"/>
                <TextEquiv>
                    <Unicode>Nachdem gegenwürtiger Beat Berchtoldt, burger</Unicode>
                </TextEquiv>
            </TextLine>
            <TextLine id="r3l6" custom="readingOrder {index:5;}">
                <Coords points="1118,457 1500,403 1604,431 1692,411 1737,435 1831,400 1937,420 1935,384 1897,368 1809,386 1762,360 1718,386 1544,364 1248,408 1212,388 1117,423"/>
                <Baseline points="1124,449 1164,439 1204,432 1245,425 1285,419 1325,414 1366,410 1406,408 1446,405 1487,404 1527,404 1567,402 1608,402 1648,404 1688,404 1729,404 1769,405 1809,405 1850,407 1890,407 1931,407"/>
                <TextEquiv>
                    <Unicode>alhie, inn argwohn unnd verdacht gerahten, als</Unicode>
                </TextEquiv>
            </TextLine>
            <TextLine id="r3l7" custom="readingOrder {index:6;} textStyle {offset:5; length:1;strikethrough:true;}">
                <Coords points="1101,501 1255,474 1286,492 1358,452 1417,476 1729,452 1907,472 1905,423 1833,400 1786,432 1606,433 1575,405 1519,435 1439,412 1100,463"/>
                <Baseline points="1107,494 1146,484 1186,477 1226,471 1265,466 1305,462 1345,458 1384,455 1424,453 1464,451 1504,450 1543,450 1583,449 1623,449 1662,450 1702,450 1742,452 1781,452 1821,453 1861,453 1901,455"/>
                <TextEquiv>
                    <Unicode>solter er sich so wyt vergessenn, das er khurtz</Unicode>
                </TextEquiv>
            </TextLine>
            <TextLine id="r3l8" custom="readingOrder {index:7;}">
                <Coords points="1114,549 1521,498 1711,526 1833,500 1888,530 1989,506 1987,460 1878,483 1453,456 1420,479 1370,454 1112,512"/>
                <Baseline points="1119,537 1162,529 1205,521 1248,516 1291,510 1335,506 1378,503 1421,500 1464,498 1507,497 1551,496 1594,495 1637,495 1680,495 1723,495 1767,497 1810,497 1853,498 1896,498 1939,498 1983,500"/>
                <TextEquiv>
                    <Unicode>abgelauffener zyten ein sonderbare gattung giffts</Unicode>
                </TextEquiv>
            </TextLine>
            <TextLine id="r3l9" custom="readingOrder {index:8;}">
                <Coords points="1108,610 1340,551 1901,556 1898,497 1713,526 1635,497 1565,525 1521,498 1302,532 1275,515 1107,573"/>
                <Baseline points="1113,590 1152,580 1191,572 1230,566 1269,560 1308,555 1347,551 1386,548 1425,546 1464,543 1504,543 1543,542 1582,542 1621,542 1660,542 1699,542 1738,543 1777,543 1816,545 1855,545 1895,545"/>
                <TextEquiv>
                    <Unicode>gekhoufft, dasselbig zuo underschidenlichen malen</Unicode>
                </TextEquiv>
            </TextLine>
            <TextLine id="r3l10" custom="readingOrder {index:9;} person {offset:31; length:16;}">
                <Coords points="1129,644 1279,632 1352,597 1937,605 1936,578 1824,548 1768,572 1510,558 1466,583 1363,553 1329,582 1282,566 1128,602"/>
                <Baseline points="1134,632 1173,624 1213,617 1253,611 1293,605 1333,600 1373,597 1412,595 1452,593 1492,590 1532,590 1572,588 1612,588 1652,590 1691,590 1731,590 1771,591 1811,593 1851,594 1891,594 1931,596"/>
                <TextEquiv>
                    <Unicode>inn die jenigen spyssen, so er Magdalena Jordan</Unicode>
                </TextEquiv>
            </TextLine>
            <TextLine id="r3l11" custom="readingOrder {index:10;}">
                <Coords points="1132,686 1395,676 1463,644 1910,652 1908,603 1622,619 1579,594 1536,620 1355,604 1131,653"/>
                <Baseline points="1137,674 1175,667 1213,662 1252,656 1290,653 1328,649 1367,645 1405,644 1443,642 1482,641 1520,639 1558,638 1597,638 1635,638 1673,638 1712,636 1750,636 1788,636 1827,636 1865,636 1904,636"/>
                <TextEquiv>
                    <Unicode>siner jetzigen ehefrouwen inn zyt unnd wyll</Unicode>
                </TextEquiv>
            </TextLine>
            <TextLine id="r3l12" custom="readingOrder {index:11;}">
                <Coords points="1108,753 1156,716 1211,749 1255,707 1382,715 1471,686 1567,706 1902,685 1946,709 1963,647 1751,666 1657,639 1531,676 1491,645 1106,687"/>
                <Baseline points="1113,723 1155,716 1197,710 1239,706 1282,699 1324,696 1366,693 1408,690 1451,688 1493,686 1535,686 1577,684 1620,684 1662,684 1704,684 1746,684 1789,686 1831,687 1873,687 1915,689 1958,690"/>
                <TextEquiv>
                    <Unicode>dieselbig kranck gewessen, zeässen unnd zeniessen</Unicode>
                </TextEquiv>
            </TextLine>
            <TextLine id="r3l13" custom="readingOrder {index:12;}">
                <Coords points="1105,789 1231,751 1380,757 1411,731 1474,753 1568,726 1625,766 1668,736 1925,743 1923,699 1450,695 1420,721 1255,708 1185,735 1156,715 1104,757"/>
                <Baseline points="1110,768 1150,762 1190,756 1231,751 1271,748 1312,744 1352,740 1393,738 1433,735 1474,734 1514,733 1554,732 1595,731 1635,731 1676,731 1716,731 1757,731 1797,731 1838,731 1878,731 1919,732"/>
                <TextEquiv>
                    <Unicode>gebenn, vermengt unnd also gemelte sin huss¬</Unicode>
                </TextEquiv>
            </TextLine>
            <TextLine id="r3l14" custom="readingOrder {index:13;}">
                <Coords points="1108,838 1474,783 1521,807 1603,784 1828,808 1947,789 1892,740 1778,761 1672,736 1635,766 1590,736 1494,762 1276,749 1229,780 1106,787"/>
                <Baseline points="1113,816 1154,809 1195,804 1237,799 1278,794 1320,790 1361,787 1402,784 1444,782 1485,780 1527,779 1568,779 1609,779 1651,777 1692,777 1734,779 1775,779 1816,779 1858,779 1899,780 1941,780"/>
                <TextEquiv>
                    <Unicode>frouwen schandtlicher wyss hindurch gericht unnd</Unicode>
                </TextEquiv>
            </TextLine>
            <TextLine id="r3l15" custom="readingOrder {index:14;}">
                <Coords points="1108,873 1401,838 1476,869 1563,830 1985,851 1983,810 1905,789 1780,816 1486,786 1107,839"/>
                <Baseline points="1113,864 1156,858 1199,852 1242,848 1286,843 1329,840 1372,836 1416,833 1459,830 1502,828 1546,827 1589,827 1632,825 1675,825 1719,825 1762,826 1805,827 1849,828 1892,830 1935,831 1979,834"/>
                <TextEquiv>
                    <Unicode>umb ir leben gebracht haben wöllen, wie dann</Unicode>
                </TextEquiv>
            </TextLine>
            <TextLine id="r3l16" custom="readingOrder {index:15;}">
                <Coords points="1107,925 1306,891 1393,914 1498,875 1813,904 1926,890 1924,832 1810,862 1729,832 1623,856 1539,831 1472,867 1312,845 1106,895"/>
                <Baseline points="1113,912 1153,908 1193,901 1234,897 1274,893 1314,890 1355,887 1395,884 1435,881 1476,879 1516,878 1556,876 1597,876 1637,876 1677,876 1718,876 1758,876 1798,878 1839,878 1879,879 1920,881"/>
                <TextEquiv>
                    <Unicode>albereit dieselbig unnd andere bewusste gwüsse</Unicode>
                </TextEquiv>
            </TextLine>
            <TextLine id="r3l17" custom="readingOrder {index:16;}">
                <Coords points="1114,965 1255,947 1305,969 1354,926 1453,948 1492,925 1894,931 1892,879 1833,910 1731,881 1706,903 1676,883 1615,904 1420,887 1393,914 1304,892 1113,927"/>
                <Baseline points="1119,960 1157,953 1196,947 1234,942 1273,938 1311,935 1350,932 1388,930 1427,927 1465,926 1504,925 1542,924 1581,924 1619,924 1658,924 1696,924 1735,926 1773,926 1812,927 1850,927 1889,929"/>
                <TextEquiv>
                    <Unicode>wybspersonen, als sy von den jenigen mit</Unicode>
                </TextEquiv>
            </TextLine>
            <TextLine id="r3l18" custom="readingOrder {index:17;}">
                <Coords points="1113,1008 1176,1026 1300,991 1344,1022 1388,984 1493,982 1568,1012 1635,974 1803,1004 1830,980 1946,986 1946,956 1898,929 1797,960 1718,927 1637,956 1595,929 1496,952 1402,931 1305,968 1112,969"/>
                <Baseline points="1119,1005 1160,1000 1201,994 1242,989 1283,986 1324,983 1365,980 1406,978 1447,977 1488,975 1530,975 1571,974 1612,974 1653,974 1694,974 1735,974 1776,974 1817,974 1858,975 1899,975 1941,975"/>
                <TextEquiv>
                    <Unicode>bekhandtem gifft vermischten spyssenn geässenn</Unicode>
                </TextEquiv>
            </TextLine>
            <TextLine id="r3l19" custom="readingOrder {index:18;}">
                <Coords points="1105,1072 1323,1033 1536,1057 1712,1032 1758,1058 1811,1030 1967,1033 1966,1000 1911,980 1822,1009 1666,981 1567,1013 1398,982 1344,1019 1273,996 1104,1023"/>
                <Baseline points="1110,1055 1152,1049 1195,1045 1237,1040 1280,1036 1322,1034 1365,1032 1407,1029 1450,1028 1492,1028 1535,1026 1578,1026 1620,1026 1663,1026 1705,1028 1748,1028 1790,1028 1833,1028 1875,1029 1918,1029 1961,1029"/>
                <TextEquiv>
                    <Unicode>inn tödtliche unnd sölche kranck unnd schwachheiten</Unicode>
                </TextEquiv>
            </TextLine>
            <TextLine id="r3l20" custom="readingOrder {index:19;} person {offset:35; length:4;}">
                <Coords points="1117,1111 1547,1072 1754,1101 1943,1080 1942,1048 1848,1056 1819,1030 1758,1057 1465,1036 1343,1069 1241,1048 1116,1075"/>
                <Baseline points="1122,1101 1162,1096 1203,1092 1244,1087 1285,1085 1325,1082 1366,1080 1407,1077 1448,1077 1488,1076 1529,1076 1570,1074 1611,1074 1651,1074 1692,1076 1733,1076 1774,1076 1814,1077 1855,1077 1896,1078 1937,1079"/>
                <TextEquiv>
                    <Unicode>gefallen, das wann der allmechtige Gott nit</Unicode>
                </TextEquiv>
            </TextLine>
            <TextLine id="r3l21" custom="readingOrder {index:20;}">
                <Coords points="1132,1176 1212,1143 1394,1150 1438,1126 1491,1157 1538,1128 1970,1143 1957,1098 1839,1111 1673,1077 1629,1111 1552,1078 1132,1117"/>
                <Baseline points="1137,1146 1178,1142 1219,1138 1261,1135 1302,1132 1343,1130 1385,1128 1426,1127 1467,1125 1509,1125 1550,1125 1591,1125 1633,1125 1674,1127 1715,1127 1757,1128 1798,1128 1839,1130 1881,1130 1922,1131 1964,1131"/>
                <TextEquiv>
                    <Unicode>sonderbarer wyss nach sinem göttlichen belieben</Unicode>
                </TextEquiv>
            </TextLine>
            <TextLine id="r3l22" custom="readingOrder {index:21;}">
                <Coords points="1116,1213 1227,1187 1273,1215 1378,1175 1430,1213 1478,1178 1925,1186 1951,1155 1693,1130 1484,1158 1439,1126 1389,1162 1326,1134 1212,1142 1154,1177 1115,1163"/>
                <Baseline points="1121,1193 1162,1189 1203,1187 1244,1184 1286,1182 1327,1180 1368,1178 1409,1176 1451,1175 1492,1173 1533,1172 1574,1172 1616,1170 1657,1170 1698,1170 1739,1172 1781,1172 1822,1173 1863,1175 1904,1176 1946,1178"/>
                <TextEquiv>
                    <Unicode>unnd fürsechung geschont unnd gehinderet, die einen</Unicode>
                </TextEquiv>
            </TextLine>
            <TextLine id="r3l23" custom="readingOrder {index:22;} textStyle {offset:13; length:2;strikethrough:true;}">
                <Coords points="1116,1249 1500,1225 1545,1248 1588,1216 1703,1242 1846,1217 1871,1241 1964,1233 1963,1188 1894,1176 1853,1199 1512,1181 1426,1210 1377,1182 1346,1212 1223,1187 1116,1213"/>
                <Baseline points="1122,1236 1163,1235 1205,1233 1247,1231 1289,1230 1331,1227 1372,1226 1414,1225 1456,1224 1498,1223 1540,1222 1581,1221 1623,1221 1665,1220 1707,1220 1749,1220 1790,1221 1832,1221 1874,1223 1916,1223 1958,1224"/>
                <TextEquiv>
                    <Unicode>unnd anderen so umb ihr leben hettendt khommen</Unicode>
                </TextEquiv>
            </TextLine>
            <TextLine id="r3l24" custom="readingOrder {index:23;}">
                <Coords points="1122,1295 1655,1270 1707,1301 1769,1267 1922,1296 1960,1290 1960,1253 1743,1224 1670,1254 1609,1228 1486,1254 1343,1230 1121,1251"/>
                <Baseline points="1127,1281 1168,1280 1209,1278 1251,1277 1292,1275 1334,1274 1375,1273 1416,1271 1458,1271 1499,1269 1541,1268 1582,1268 1623,1268 1665,1268 1706,1268 1748,1268 1789,1268 1830,1269 1872,1271 1913,1273 1955,1275"/>
                <TextEquiv>
                    <Unicode>unnd also dasselbig mit grosser angst und schmerzen</Unicode>
                </TextEquiv>
            </TextLine>
            <TextLine id="r3l25" custom="readingOrder {index:24;}">
                <Coords points="1119,1342 1166,1363 1375,1315 1538,1327 1580,1355 1613,1330 1754,1321 1841,1353 1913,1303 1828,1277 1740,1276 1689,1305 1650,1275 1563,1299 1521,1271 1368,1295 1283,1274 1119,1315"/>
                <Baseline points="1125,1332 1164,1329 1203,1326 1242,1325 1281,1322 1320,1322 1359,1320 1398,1320 1437,1320 1476,1320 1516,1320 1555,1320 1594,1320 1633,1320 1672,1320 1711,1320 1750,1320 1789,1320 1828,1319 1867,1319 1907,1317"/>
                <TextEquiv>
                    <Unicode>übergeben unnd verlassen müssen. desswegenn</Unicode>
                </TextEquiv>
            </TextLine>
            <TextLine id="r3l26" custom="readingOrder {index:25;}">
                <Coords points="1124,1393 1460,1366 1518,1404 1562,1365 1612,1386 1638,1363 1846,1364 1886,1396 1918,1384 1918,1330 1826,1351 1780,1325 1632,1340 1585,1317 1542,1347 1362,1316 1275,1355 1124,1359"/>
                <Baseline points="1130,1376 1169,1374 1208,1373 1247,1371 1286,1370 1325,1370 1364,1368 1404,1368 1443,1368 1482,1368 1521,1368 1560,1368 1599,1368 1638,1368 1678,1368 1717,1368 1756,1367 1795,1367 1834,1367 1873,1365 1913,1364"/>
                <TextEquiv>
                    <Unicode>er dann nach dem die sach minen herren den ehe¬</Unicode>
                </TextEquiv>
            </TextLine>
            <TextLine id="r3l27" custom="readingOrder {index:26;}">
                <Coords points="1121,1434 1972,1432 1972,1385 1843,1397 1782,1371 1729,1401 1563,1364 1517,1404 1461,1370 1404,1399 1301,1371 1261,1400 1193,1376 1121,1402"/>
                <Baseline points="1127,1424 1169,1422 1211,1422 1253,1422 1295,1421 1337,1419 1379,1419 1421,1418 1463,1417 1505,1416 1547,1416 1589,1415 1631,1415 1673,1415 1715,1415 1757,1415 1799,1415 1841,1415 1883,1416 1925,1417 1967,1418"/>
                <TextEquiv>
                    <Unicode>richteren klagswyss fürkhommen, inn gfangenschafft</Unicode>
                </TextEquiv>
            </TextLine>
            <TextLine id="r3l28" custom="readingOrder {index:27;}">
                <Coords points="1120,1483 1232,1504 1284,1480 1332,1498 1547,1474 1607,1501 1768,1472 1837,1498 1946,1477 1946,1448 1815,1417 1703,1453 1477,1417 1433,1443 1119,1434"/>
                <Baseline points="1125,1470 1165,1470 1206,1470 1247,1470 1288,1470 1329,1470 1369,1470 1410,1469 1451,1469 1492,1467 1533,1467 1573,1466 1614,1466 1655,1465 1696,1464 1737,1464 1777,1464 1818,1464 1859,1466 1900,1466 1941,1467"/>
                <TextEquiv>
                    <Unicode>dess lochs erkhenndt und nach flyssig beschechner</Unicode>
                </TextEquiv>
            </TextLine>
            <TextLine id="r3l29" custom="readingOrder {index:28;}">
                <Coords points="1117,1527 1371,1518 1409,1546 1457,1515 1546,1536 1582,1515 1834,1518 1862,1542 1926,1521 1926,1492 1889,1481 1117,1492"/>
                <Baseline points="1122,1518 1161,1517 1201,1515 1241,1515 1281,1515 1321,1514 1361,1514 1401,1514 1441,1514 1481,1514 1521,1514 1560,1514 1600,1514 1640,1514 1680,1514 1720,1514 1760,1514 1800,1514 1840,1514 1880,1515 1920,1515"/>
                <TextEquiv>
                    <Unicode>erdurung der wichtigkeit handels uss ansechenn</Unicode>
                </TextEquiv>
            </TextLine>
            <TextLine id="r3l30" custom="readingOrder {index:29;}">
                <Coords points="1118,1575 1830,1580 1961,1574 1962,1543 1768,1516 1665,1539 1578,1514 1542,1545 1458,1515 1409,1546 1118,1533"/>
                <Baseline points="1124,1565 1165,1563 1207,1562 1248,1562 1290,1560 1332,1559 1373,1559 1415,1559 1456,1559 1498,1559 1540,1559 1581,1559 1623,1559 1664,1560 1706,1560 1748,1560 1789,1562 1831,1562 1872,1563 1914,1563 1956,1565"/>
                <TextEquiv>
                    <Unicode>unnd beuelch miner gnedigen herren und oberen da¬</Unicode>
                </TextEquiv>
            </TextLine>
            <TextLine id="r3l31" custom="readingOrder {index:30;}">
                <Coords points="1112,1628 1237,1614 1278,1647 1370,1614 1469,1636 1606,1607 1697,1631 1975,1622 1975,1582 1912,1562 1804,1587 1489,1561 1442,1589 1352,1561 1277,1591 1230,1568 1177,1594 1112,1580"/>
                <Baseline points="1118,1613 1160,1613 1203,1611 1245,1611 1288,1611 1331,1610 1373,1610 1416,1610 1458,1610 1501,1610 1544,1610 1586,1610 1629,1610 1671,1609 1714,1608 1757,1608 1799,1608 1842,1608 1884,1608 1927,1607 1970,1607"/>
                <TextEquiv>
                    <Unicode>dannen inn ihr gn. banden verschaffet und gefhuert</Unicode>
                </TextEquiv>
            </TextLine>
            <TextLine id="r3l32" custom="readingOrder {index:31;}">
                <Coords points="1116,1671 1970,1665 1970,1637 1918,1618 1685,1641 1608,1607 1465,1647 1382,1615 1337,1650 1177,1617 1116,1637"/>
                <Baseline points="1121,1661 1163,1661 1205,1661 1247,1661 1289,1661 1331,1661 1373,1659 1416,1659 1458,1659 1500,1659 1542,1658 1584,1658 1626,1658 1668,1658 1711,1657 1753,1656 1795,1656 1837,1656 1879,1656 1921,1658 1964,1658"/>
                <TextEquiv>
                    <Unicode>wordenn und zwar anfencklichen, als man inne</Unicode>
                </TextEquiv>
            </TextLine>
            <TextLine id="r3l33" custom="readingOrder {index:32;}">
                <Coords points="1129,1726 1228,1712 1263,1741 1341,1705 1440,1736 1519,1706 1589,1736 1689,1710 1904,1724 1937,1695 1833,1661 1674,1662 1574,1694 1128,1677"/>
                <Baseline points="1134,1712 1173,1712 1213,1713 1253,1713 1293,1712 1333,1712 1373,1710 1413,1710 1453,1709 1493,1708 1533,1707 1572,1706 1612,1705 1652,1704 1692,1704 1732,1704 1772,1704 1812,1704 1852,1706 1892,1708 1932,1710"/>
                <TextEquiv>
                    <Unicode>der ursachenn derowegen er gemelt gifft siner</Unicode>
                </TextEquiv>
            </TextLine>
            <TextLine id="r3l34" custom="readingOrder {index:33;}">
                <Coords points="1132,1782 1364,1767 1392,1790 1450,1763 1665,1760 1907,1791 1920,1724 1685,1713 1590,1738 1524,1708 1443,1742 1410,1713 1285,1745 1229,1712 1131,1729"/>
                <Baseline points="1137,1763 1175,1761 1214,1761 1253,1760 1292,1758 1331,1758 1370,1758 1408,1758 1447,1758 1486,1758 1525,1758 1564,1758 1603,1758 1642,1758 1680,1757 1719,1757 1758,1757 1797,1757 1836,1755 1875,1755 1914,1754"/>
                <TextEquiv>
                    <Unicode>ehefrouwen zuässen unnd trincken geben, befragt</Unicode>
                </TextEquiv>
            </TextLine>
            <TextLine id="r3l35" custom="readingOrder {index:34;}">
                <Coords points="1117,1817 1932,1831 1970,1818 1970,1772 1117,1784"/>
                <Baseline points="1122,1809 1164,1809 1206,1808 1248,1808 1290,1808 1332,1808 1374,1808 1416,1808 1458,1808 1500,1808 1543,1808 1585,1808 1627,1808 1669,1808 1711,1808 1753,1808 1795,1808 1837,1808 1879,1808 1921,1808 1964,1808"/>
                <TextEquiv>
                    <Unicode>unnd mit worten examiniert, zu antwort eruolgen</Unicode>
                </TextEquiv>
            </TextLine>
            <TextLine id="r3l36" custom="readingOrder {index:35;}">
                <Coords points="1122,1865 1395,1857 1468,1892 1523,1863 1956,1871 1923,1827 1836,1843 1745,1812 1531,1842 1410,1809 1375,1842 1257,1814 1222,1837 1122,1824"/>
                <Baseline points="1128,1856 1169,1857 1210,1859 1251,1859 1292,1859 1333,1860 1374,1860 1415,1860 1456,1860 1497,1859 1539,1859 1580,1859 1621,1859 1662,1859 1703,1857 1744,1857 1785,1857 1826,1857 1867,1858 1908,1859 1950,1859"/>
                <TextEquiv>
                    <Unicode>lassenn, das er sölliches nur von desswegen gethan,</Unicode>
                </TextEquiv>
            </TextLine>
            <TextLine id="r3l37" custom="readingOrder {index:36;}">
                <Coords points="1122,1912 1384,1914 1444,1945 1678,1908 1798,1936 1836,1908 1971,1918 1971,1881 1868,1888 1800,1856 1719,1858 1676,1892 1629,1863 1468,1891 1395,1856 1315,1884 1292,1861 1250,1883 1122,1870"/>
                <Baseline points="1128,1901 1169,1904 1211,1906 1253,1907 1295,1908 1337,1909 1379,1910 1420,1910 1462,1910 1504,1910 1546,1908 1588,1908 1630,1907 1672,1907 1713,1907 1755,1907 1797,1907 1839,1907 1881,1907 1923,1907 1965,1907"/>
                <TextEquiv>
                    <Unicode>darmit er sya von irer gehabten kranckheit heylen</Unicode>
                </TextEquiv>
            </TextLine>
            <TextLine id="r3l38" custom="readingOrder {index:37;}">
                <Coords points="1129,1960 1396,1981 1588,1949 1980,1961 1980,1923 1928,1912 1882,1932 1831,1909 1776,1943 1714,1911 1501,1942 1129,1916"/>
                <Baseline points="1134,1949 1176,1950 1218,1952 1260,1953 1302,1955 1344,1955 1386,1955 1428,1956 1470,1956 1512,1956 1554,1955 1596,1955 1638,1955 1680,1955 1722,1953 1764,1953 1806,1953 1848,1953 1890,1953 1932,1953 1974,1953"/>
                <TextEquiv>
                    <Unicode>unnd gesundt machen möchte, wie dann auch er selbs</Unicode>
                </TextEquiv>
            </TextLine>
            <TextLine id="r3l39" custom="readingOrder {index:38;}">
                <Coords points="1128,2005 1421,2024 1521,2004 1600,2036 1638,2009 1704,2024 1788,1998 1916,2029 1916,1946 1789,1989 1714,1963 1635,1990 1540,1958 1400,1989 1286,1962 1128,1981"/>
                <Baseline points="1133,1998 1171,2000 1210,2001 1249,2001 1288,2001 1327,2003 1366,2003 1405,2003 1444,2003 1483,2003 1522,2003 1560,2003 1599,2003 1638,2003 1677,2001 1716,2001 1755,2001 1794,2001 1833,2000 1872,2000 1911,1998"/>
                <TextEquiv>
                    <Unicode>an sinem eigenen lyb disses gifft zur artzny</Unicode>
                </TextEquiv>
            </TextLine>
            <TextLine id="r3l40" custom="readingOrder {index:39;}">
                <Coords points="1132,2053 1254,2081 1299,2061 1334,2086 1398,2056 1561,2053 1626,2079 1750,2056 1799,2085 1843,2050 1931,2056 1931,2034 1823,2033 1784,1998 1597,2036 1519,2006 1372,2009 1345,2034 1300,2006 1131,2008"/>
                <Baseline points="1137,2048 1176,2049 1215,2051 1255,2051 1294,2052 1334,2052 1373,2052 1413,2052 1452,2052 1492,2052 1531,2052 1570,2052 1610,2051 1649,2051 1689,2051 1728,2050 1768,2049 1807,2049 1847,2049 1886,2048 1926,2048"/>
                <TextEquiv>
                    <Unicode>hieuor ynhin gebrucht unnd dasselbig imme yr unnd</Unicode>
                </TextEquiv>
            </TextLine>
            <TextLine id="r3l41" custom="readingOrder {index:40;}">
                <Coords points="1130,2104 1791,2131 1840,2101 1878,2123 1946,2107 1946,2057 1799,2085 1682,2056 1615,2085 1515,2053 1398,2056 1360,2088 1304,2064 1230,2085 1178,2054 1130,2072"/>
                <Baseline points="1136,2094 1176,2097 1216,2099 1256,2100 1297,2102 1337,2102 1377,2102 1417,2102 1458,2102 1498,2102 1538,2102 1578,2100 1619,2100 1659,2099 1699,2099 1739,2098 1780,2097 1820,2097 1860,2097 1900,2097 1941,2097"/>
                <TextEquiv>
                    <Unicode>allwegen zur gsundtheit gereicht und gedient habe.</Unicode>
                </TextEquiv>
            </TextLine>
            <TextLine id="r3l42" custom="readingOrder {index:41;} date {offset:19; length:24; continued:true;}">
                <Coords points="1123,2173 1619,2158 1645,2182 1735,2151 1964,2182 1997,2160 1997,2096 1860,2134 1495,2110 1311,2140 1279,2109 1122,2113"/>
                <Baseline points="1128,2147 1171,2149 1214,2151 1257,2154 1300,2156 1344,2156 1387,2156 1430,2156 1473,2156 1516,2156 1560,2154 1603,2154 1646,2153 1689,2152 1732,2151 1776,2150 1819,2150 1862,2150 1905,2150 1948,2151 1992,2151"/>
                <TextEquiv>
                    <Unicode>nachmalen aber uff montag 13. hornungs diss</Unicode>
                </TextEquiv>
            </TextLine>
            <TextLine id="r3l43" custom="readingOrder {index:42;} date {offset:0; length:9; continued:true;}">
                <Coords points="1120,2208 1189,2231 1226,2205 1409,2212 1495,2242 1561,2205 1855,2230 1938,2210 1938,2174 1848,2162 1795,2186 1588,2160 1439,2189 1383,2161 1120,2176"/>
                <Baseline points="1125,2195 1165,2199 1205,2201 1246,2204 1286,2205 1326,2207 1367,2207 1407,2207 1447,2207 1488,2207 1528,2207 1568,2205 1609,2205 1649,2204 1689,2202 1730,2202 1770,2201 1810,2199 1851,2199 1891,2198 1932,2198"/>
                <TextEquiv>
                    <Unicode>1615 jars inn bysyn und gegenwürtigkeit</Unicode>
                </TextEquiv>
            </TextLine>
            <TextLine id="r3l44" custom="readingOrder {index:43;}">
                <Coords points="1134,2263 1600,2258 1641,2287 1724,2257 1967,2253 1967,2224 1780,2210 1740,2233 1695,2201 1465,2241 1430,2213 1327,2238 1227,2205 1191,2232 1133,2213"/>
                <Baseline points="1139,2244 1180,2247 1221,2250 1262,2252 1303,2253 1344,2255 1385,2255 1427,2255 1468,2255 1509,2253 1550,2253 1591,2252 1632,2250 1673,2250 1715,2249 1756,2247 1797,2247 1838,2247 1879,2246 1920,2247 1962,2247"/>
                <TextEquiv>
                    <Unicode>der ehrenuesten, frommen, fürsichtigen, fürnemmen</Unicode>
                </TextEquiv>
            </TextLine>
            <TextLine id="r3l45" custom="readingOrder {index:44;} person {offset:19; length:14;} organization {offset:39; length:5;}">
                <Coords points="1131,2302 1524,2311 1558,2337 1634,2304 1775,2325 1817,2305 1875,2339 1939,2306 1992,2324 1992,2259 1913,2251 1640,2287 1525,2257 1462,2282 1380,2257 1131,2264"/>
                <Baseline points="1137,2289 1179,2295 1221,2298 1264,2300 1306,2303 1349,2304 1391,2305 1434,2306 1476,2304 1519,2304 1561,2304 1603,2303 1646,2301 1688,2301 1731,2300 1773,2300 1816,2298 1858,2298 1901,2300 1943,2300 1986,2301"/>
                <TextEquiv>
                    <Unicode>unnd wyssen herren Jacob Tilliers dess rhats</Unicode>
                </TextEquiv>
            </TextLine>
            <TextLine id="r3l46" custom="readingOrder {index:45;} person {offset:0; length:20;} organization {offset:25; length:8;} person {offset:39; length:5; continued:true;}">
                <Coords points="1125,2375 1209,2354 1274,2383 1378,2355 1942,2358 1950,2305 1909,2334 1814,2306 1755,2334 1595,2311 1563,2338 1340,2298 1125,2307"/>
                <Baseline points="1131,2340 1171,2344 1212,2348 1252,2351 1293,2354 1334,2355 1374,2355 1415,2355 1456,2355 1496,2355 1537,2355 1578,2354 1618,2352 1659,2351 1700,2350 1740,2349 1781,2348 1822,2346 1862,2346 1903,2346 1944,2346"/>
                <TextEquiv>
                    <Unicode>Christoffell Grebels der burgeren unnd Dauid</Unicode>
                </TextEquiv>
            </TextLine>
            <TextLine id="r3l47" custom="readingOrder {index:46;} person {offset:0; length:9; continued:true;}">
                <Coords points="1140,2398 1507,2429 1724,2402 1791,2427 1913,2400 1994,2417 1994,2376 1953,2358 1845,2381 1701,2361 1608,2389 1576,2365 1426,2384 1374,2358 1316,2387 1140,2356"/>
                <Baseline points="1146,2387 1188,2394 1230,2398 1272,2402 1314,2405 1356,2406 1398,2407 1441,2408 1483,2406 1525,2406 1567,2405 1609,2403 1651,2402 1693,2400 1736,2399 1778,2398 1820,2397 1862,2397 1904,2399 1946,2400 1989,2402"/>
                <TextEquiv>
                    <Unicode>von Büren, grossweybels, auch etlicher weiblen</Unicode>
                </TextEquiv>
            </TextLine>
            <TextLine id="r3l48" custom="readingOrder {index:47;}">
                <Coords points="1141,2440 1212,2447 1251,2482 1316,2452 1412,2472 1615,2447 1950,2460 1950,2406 1920,2402 1811,2433 1727,2402 1690,2427 1638,2407 1519,2434 1419,2406 1381,2435 1295,2404 1248,2426 1141,2413"/>
                <Baseline points="1146,2432 1185,2437 1225,2442 1265,2447 1305,2450 1345,2452 1385,2453 1425,2454 1465,2454 1505,2454 1545,2453 1584,2453 1624,2451 1664,2450 1704,2450 1744,2448 1784,2448 1824,2447 1864,2448 1904,2448 1944,2450"/>
                <TextEquiv>
                    <Unicode>miner gnedigen herren unnd oberen dieneren zuo</Unicode>
                </TextEquiv>
            </TextLine>
            <TextLine id="r3l49" custom="readingOrder {index:48;} place {offset:0; length:8;}">
                <Coords points="1116,2497 1232,2523 1352,2499 1407,2528 1605,2499 1990,2512 1990,2458 1956,2454 1802,2484 1714,2456 1655,2477 1616,2447 1556,2475 1316,2452 1262,2484 1217,2450 1117,2453"/>
                <Baseline points="1122,2480 1165,2486 1208,2491 1251,2495 1294,2498 1337,2500 1380,2501 1424,2501 1467,2502 1510,2501 1553,2501 1596,2500 1639,2499 1682,2498 1726,2497 1769,2496 1812,2496 1855,2496 1898,2496 1941,2498 1985,2499"/>
                <TextEquiv>
                    <Unicode>Martzili alhie bekhendt unnd verjächen, auch daruff</Unicode>
                </TextEquiv>
            </TextLine>
            <TextLine id="r3l50" custom="readingOrder {index:49;}">
                <Coords points="1137,2549 1482,2558 1548,2585 1666,2554 1829,2553 1879,2578 1952,2550 1941,2508 1898,2529 1728,2498 1653,2522 1608,2498 1496,2535 1137,2495"/>
                <Baseline points="1143,2528 1183,2534 1223,2539 1263,2543 1303,2547 1343,2549 1383,2552 1424,2552 1464,2553 1504,2553 1544,2553 1584,2553 1624,2552 1664,2551 1705,2550 1745,2549 1785,2549 1825,2547 1865,2547 1905,2547 1946,2547"/>
                <TextEquiv>
                    <Unicode>hin mit der marter erhalten unnd bestätiget</Unicode>
                </TextEquiv>
            </TextLine>
            <TextLine id="r3l51" custom="readingOrder {index:50;}">
                <Coords points="1141,2586 1302,2628 1498,2603 1689,2632 1832,2603 1917,2630 1985,2609 1986,2541 1884,2578 1702,2563 1616,2590 1303,2553 1205,2574 1141,2543"/>
                <Baseline points="1146,2579 1187,2585 1229,2591 1270,2594 1312,2598 1354,2601 1395,2603 1437,2604 1479,2604 1520,2604 1562,2604 1604,2604 1645,2603 1687,2603 1729,2601 1770,2601 1812,2600 1854,2599 1895,2598 1937,2598 1979,2598"/>
                <TextEquiv>
                    <Unicode>wie namlichen er inn keinen weg verneinen khönne</Unicode>
                </TextEquiv>
            </TextLine>
            <TextLine id="r3l52" custom="readingOrder {index:51;}">
                <Coords points="1143,2637 1485,2677 1572,2661 1604,2691 1811,2640 1971,2656 1971,2625 1832,2603 1730,2632 1503,2603 1441,2631 1416,2609 1314,2629 1144,2585"/>
                <Baseline points="1149,2622 1189,2631 1230,2637 1271,2643 1312,2646 1353,2649 1393,2651 1434,2653 1475,2654 1516,2654 1557,2654 1597,2652 1638,2651 1679,2651 1720,2649 1761,2648 1801,2648 1842,2648 1883,2648 1924,2649 1965,2651"/>
                <TextEquiv>
                    <Unicode>sonders anred unnd bekhandtlich syn müsse, das er</Unicode>
                </TextEquiv>
            </TextLine>
            <TextEquiv>
                <Unicode>123.

Beat Berchtoldt
burger alhie
Nachdem gegenwürtiger Beat Berchtoldt, burger
alhie, inn argwohn unnd verdacht gerahten, als
solter er sich so wyt vergessenn, das er khurtz
abgelauffener zyten ein sonderbare gattung giffts
gekhoufft, dasselbig zuo underschidenlichen malen
inn die jenigen spyssen, so er Magdalena Jordan
siner jetzigen ehefrouwen inn zyt unnd wyll
dieselbig kranck gewessen, zeässen unnd zeniessen
gebenn, vermengt unnd also gemelte sin huss¬
frouwen schandtlicher wyss hindurch gericht unnd
umb ir leben gebracht haben wöllen, wie dann
albereit dieselbig unnd andere bewusste gwüsse
wybspersonen, als sy von den jenigen mit
bekhandtem gifft vermischten spyssenn geässenn
inn tödtliche unnd sölche kranck unnd schwachheiten
gefallen, das wann der allmechtige Gott nit
sonderbarer wyss nach sinem göttlichen belieben
unnd fürsechung geschont unnd gehinderet, die einen
unnd anderen so umb ihr leben hettendt khommen
unnd also dasselbig mit grosser angst und schmerzen
übergeben unnd verlassen müssen. desswegenn
er dann nach dem die sach minen herren den ehe¬
richteren klagswyss fürkhommen, inn gfangenschafft
dess lochs erkhenndt und nach flyssig beschechner
erdurung der wichtigkeit handels uss ansechenn
unnd beuelch miner gnedigen herren und oberen da¬
dannen inn ihr gn. banden verschaffet und gefhuert
wordenn und zwar anfencklichen, als man inne
der ursachenn derowegen er gemelt gifft siner
ehefrouwen zuässen unnd trincken geben, befragt
unnd mit worten examiniert, zu antwort eruolgen
lassenn, das er sölliches nur von desswegen gethan,
darmit er sya von irer gehabten kranckheit heylen
unnd gesundt machen möchte, wie dann auch er selbs
an sinem eigenen lyb disses gifft zur artzny
hieuor ynhin gebrucht unnd dasselbig imme yr unnd
allwegen zur gsundtheit gereicht und gedient habe.
nachmalen aber uff montag 13. hornungs diss
1615 jars inn bysyn und gegenwürtigkeit
der ehrenuesten, frommen, fürsichtigen, fürnemmen
unnd wyssen herren Jacob Tilliers dess rhats
Christoffell Grebels der burgeren unnd Dauid
von Büren, grossweybels, auch etlicher weiblen
miner gnedigen herren unnd oberen dieneren zuo
Martzili alhie bekhendt unnd verjächen, auch daruff
hin mit der marter erhalten unnd bestätiget
wie namlichen er inn keinen weg verneinen khönne
sonders anred unnd bekhandtlich syn müsse, das er</Unicode>
            </TextEquiv>
        </TextRegion>
    </Page>
</PcGts>
