4000 3000
75 38 159 105 8.
185 121 1050 231 Befragte wietil gelts vo gdan habe, da er hinn
210 190 1064 299 gan sollsthnung zuhrnn wollenn, hatt er vermalt
221 238 1044 343 by 466lb darben hehrer der dem sli Bgli
228 306 1056 401 30. hrupfruthe sampt dem Auß leben denn
231 358 1052 454 dem horten Velsenn 20 f. Cas Übrig, so noch
210 426 1055 538 by 30 f ongeferlich sye werde Inn gr gs hande
221 494 359 597 syne.
231 573 1053 717 Wnnd nach dem man ihm anghaltenn, sine schulden
228 672 1058 766 anzegebenn, hatt er vermeldet Er habe von Hans
218 729 1047 830 zimmerman zu Steinen by signouw ein lähenguth zu
219 787 1053 899 Miuri gelegenn Vonkor vmb 7135 lb 6 ß 8
223 860 389 974 gefruffet
194 924 1043 1056 Daran habe er bezalt den Zeingen, an die man Ihm
236 1010 420 1104 Verstoßenn
243 1045 1029 1144 Namlichenn Hans Nußboum dem Bremgarter
237 1127 1011 1223 allhie pf1 lb 1
236 1204 1057 1319 Einem von Basel von Hans Jacob Wübers uß
249 1291 1018 1373 Hermeysters wegenn 1 f lb
231 1344 1024 1457 Paspar Spirgel, dem Schmid 1 lb
258 1408 1056 1524 her ihme Spiogul	2 lb
245 1489 1040 1608 Bli Biher1 1 lb
223 1569 1053 1667 Dannet hin habe er enzuchtett alle die Zinsten, die
235 1656 1062 1744 Von den hauptgutherenn, die er vber sich genomen
230 1704 1053 1801 biß vff die sonnd deß mariks verfallen, bn¬
243 1772 1049 1864 noch vnbezalt warend vnd die Ihme Inkied
230 1822 1068 1928 kauffsum geschlagenn wordenn, habennd bracht
239 1886 1057 2005 ongekharlich an pf1 lb
233 1989 1055 2093 Also bechte alles das so er ann bemaltem Lahe
234 2058 1053 2156 gutt behalt an pt941 ll
236 2114 1040 2229 as Übeig sye er noch uff dem zulb schuldig, ab
235 2175 1059 2279 Wytters nit, dan ernützit daruff en slhents hab
205 2218 1056 2369 Demnach hab er noch ein auff 10 ffl dem Beloben
230 2324 1057 2425 welches Ihme borettlich parrnn bö 4000 lb
231 2393 1023 2486 gelten wollen, vff demselbenn sye ernoch
238 2446 578 2545 1000 lb schuldig.
218 2512 1046 2643 Anders syr er nit schuldig den hin und har etwas
219 2595 1054 2705 Eidlhonns und vorglychen gring handschulden, ni
235 2649 960 2753 sind sich nit uff 20 l aonsprnn.
1982 11 2082 97 9.
1225 67 2154 217 War fune gegernsthu derngberien shuge, habe
1211 168 2091 284 erenters din  dader das h f so hunder ihr g
1234 252 1393 331 kommenn.
1194 247 2153 433 Damnethin sye ihm der schmid zu Bolp nif
1238 357 1874 472 unnd ein trüfhdiekenn gethun.
1244 424 2076 552 Hhatt also anders mitt bekonnenn wollenn
1235 558 2106 705 f 4. jani 167 ist vonm aiserkonnt
1237 654 2072 753 wordenn das gedachter Rolli sölle uff füyen
1236 708 2093 829 ausgestelt worden, so für das er dem h großan
1241 767 2097 885 eydes statt ihm schand globe, sich us dem land nit
1238 840 2112 941 zutbßoren, sol ouch wegen eines Uppiren wäsens
1236 908 2114 1029 consuridet worden. Demnach sol singe wricht den hein
1243 964 2094 1096 so sinethalb interessiert vind ein abschrifft geben
1246 1039 2112 1152 werden, beneben söllend ihm alle wirtshüser ve
1244 1106 1937 1221 pottenn synn und er bevogtett werden
1151 1223 1982 1490 Beller Langacher
1234 1456 1931 1568 us hem land astli
1239 1601 2153 1738 1 fl 6 hari 1613 be gegeoühe hih
1231 1687 2102 1783 Ite von Wortts deß schaft s Batt Eischers bund
1237 1750 2136 1844 Ist dabbid von Burons, Großweibels, hatt Poter
1235 1813 2109 1911 Laugacher vVß dem Land Rlsli guttwillig bekantt
1225 1869 2104 1963 wirden er sich voerzwas zus von Ruthoni Siber
1223 1932 2085 2047 habe beeden laßen, sich für ein kindts vatter eiw
1241 1997 2110 2101 unehrlihren gebburtt darze stillen, es syt ihm
1231 2046 2117 2160 aber vonn deswegen nütt berheißenn worden, er
1237 2120 2154 2236 hab guch nuf grommt, das es gg�bf sye unnd habe s
1233 2165 2106 2283 wr zu ihm gsagt es sölle ihm tütt schaden
1229 2238 2098 2384 uff 21. junii 1617 dst diser prter Lanracher be
1233 2317 2120 2432 verlang 20 lb buß und ein censir uff Lyyer fuß
1214 2361 1677 2480 gestolft worden.
