4000 3000
49 60 140 129 156
186 69 961 204 erwürscht vnnd ergriffen, und also gan Sreun
191 123 605 216 brumen gebracht worden.
173 185 971 330 Vnnd wiewol nun zwar Vilangeregter gehan
174 252 962 368 Martin von erzelter artieklen wegend uf
172 308 927 401 denstag den 4. januarii diß 1616 tars
162 343 965 466 Inn by weßen der tromen, fürsichtigen feinen
183 393 965 504 ehrsammen unnd wyßen Hnn Johans Beender
194 436 964 557 deß Rhath Burfhart Fischers Goßweilel
198 489 957 593 auch etlicher weiblen minerg hr unnd oh
199 538 952 644 tieneren zu Martzili alhie an der marter ge
180 582 972 685 schlagen, darüber nohwendiger maßen mit wort
195 628 950 725 examimert unnd befragt und derselben heiten
195 674 972 779 knnd enne fürwort gered unnd bekhandtlich worden,
205 729 963 830 So hat erstoch nachmaler, als er uff mitwochen
201 773 959 860 Den 20. tag morats unnd jars erstgemelt inn
189 826 959 913 gegenwürtigkeit vnnd anhören ehegedachte hin
180 871 960 960 Johans Bernders Hans Hallers der Burgeren
201 922 995 1011 unnd Burckhart Fischers Großweybels widerub
195 977 975 1058 Der Martzili examinert unnd  fhererer
206 1014 948 1100 articken halb zu worten gestoßen worden
206 1067 957 1153 sölliche sin gethane bekhandtnuße aller dingenn
216 1124 958 1192 Vermenet vnnd mit marter erhalten vnd be¬
211 1171 955 1231 stätiget, das man Imme Inn dem einen vnd
196 1212 986 1297 anderen Vnrecht thuye, vnnd er aller wider Ime
211 1262 953 1347 geklagten puncten gantz unschuldig ye, vnnd
207 1311 958 1396 das föllichem sinem fürgeben also sie höchst
207 1359 958 1441 bethünet. Nuftdesfo weniger aber nach dem
209 1416 974 1493 ihr elz zu sinnen unnd betrachteug gefhänt, das
212 1459 961 1541 er Martin(ungeacht eynes vernemen hruor
212 1493 989 1575 vermeldeter prucken vnnd artielen mit gnugsamen
211 1554 662 1628 khundtschafft überwißen.
180 1666 776 1766 Vide folis 160 161 162 163.
1555 42 1922 134 44  159
1140 122 1788 250 adam das p
1284 213 1666 315 von Bümplitz
1075 319 1897 456 de montag den 5. januarii 1618 jars aun
1088 384 1881 503 byweßen vnnd gegen wurtigtett der frommen
1086 432 1897 557 fürsechligen, fürnemen, ehr ainen und wyßen herrn
1088 488 1904 599 Sonuel Holtzers deß shats Sannel Schmaltzen
1086 532 1940 640 der burgerer und Burckhart Fischers Großweibels
1079 590 1915 712 hat Abraham Läßer von Bünzolitz oder uß der
1107 628 1898 733 lben kilchheri befrtig uff imme fürgehaltene
1092 680 1940 791 atticul zu Martzili alhie anne warter versachen
1098 738 1949 852 unnd bekhendt selbige auch nachm aler uff donstag
1091 790 1877 887 den 11. gemelten monats vnd jars inn by syn
1098 838 1903 946 bgedachter Hi Holtzers vnnd Großweybels
1107 883 1886 973 auch s sammel vogts der burgeren an den
1098 933 1616 1022 marter erhalten und bestätiget
1078 974 1928 1090 Ehrstlichen habe er hienor, als er by Jetzigem hin
1100 1039 1898 1128 landtvogten zu Morker daselbst zu Merser gedienet
1097 1074 1955 1169 einem meidtlin ein Seckel sampt zweyen Cronen darinen
1105 1136 1362 1227 veruntrüwet
1078 1141 1928 1259 Demnach habe er an verschinem Cucia Märt abendts
1108 1215 1913 1307 ungetharlich umb seehs uhren sich im si Siclaus
1100 1256 1941 1361 kilchbergers huße heimlicher wys verfügt und versteckt
1110 1300 1899 1388 alda Im hußgang ein vaß geöffnett und ein sturk
1113 1354 1897 1429 farchet darus genommen, vnd als man Ime dazuber
1114 1393 1961 1473 Veriagt, sie er damit fort gelauffen, vnd habe sölliches
1115 1435 1933 1517 in der Hernesgaßen, vnderthalb dem Schlüßel Bhatten
1109 1484 1922 1576 halb inn ein läz vaß geworffen, Ie himst dar¬
1112 1521 1917 1624 von gangen, vnd wuße nit, wo es wythers hin¬
1109 1599 1262 1670 khommer
1110 1587 1920 1701 senne habe er an gemeltem Cecia marit abendts
1120 1661 1942 1739 by nacht vor dem khauffhuß uber ab einem wagen,
1117 1707 1946 1794 so allda gestanden einen sack darinnen ein möschine
1116 1746 1967 1832 beschleibige gewicht, zwo nöschin buklen zwölff per-
1122 1786 1918 1892 mentige hüt dey bündt getruff gitzifhül, wie sy
1125 1835 1968 1924 die kerstner bruchendt, dii gantze die halbe schyblen
1124 1876 1917 1973 grum wachs unnd ein zeyngebünden latynisch
1134 1934 1739 2023 luch gsin genommen und entfrömbdet
1111 1968 1966 2071 Item als man inne befragt, ob er nit w�ße wer
1100 2025 1942 2106 das Jeinae vaß mit farchet an letft persolien
1136 2062 1958 2177 Martins mäheit gestolen unnd entwendet, ob er i
1135 2117 1955 2219 auch darzu geholffen habe? hat er anzeigt, er wüße
1137 2152 1949 2242 darvon mit, sie mit darby, auch selbigen mals nit Imm
1135 2209 1966 2305 der statt gsin. Welches sich dann auch uß Hine
1132 2256 1946 2355 Lutmans deßuJungen zugame, Inn deßen dienst er
1135 2323 1634 2401 Crfiser domalen gsin, erfunden
1119 2363 1924 2456 Ist erstlichen ein mal lasr, demnach ein mal mit
1143 2425 1755 2493 dem kleinffenstein uffzogen worden
1133 2452 1966 2551 uff Sambftar den 13ten januarii 1618 fubrat ein
1136 2511 1954 2602 gredig Hanne Cäßtern von erzelter diebstülen
1151 2553 2000 2645 wegen vff gnad vnnd sin beßerung hin an dtas gemein
1145 2604 1961 2695 werck erkhendt, dahin er albereit gethürt worden.
