4000 3000
82 72 200 141 12.
204 128 1064 266 Item dls er zu St. fubin ein slliß mitkemne
214 223 1044 342 vgtersalbenn angstiehenn und ein kind daßell
245 279 957 389 floß vingeurtte, sye es darbonn gstorbenin
211 403 1024 550 1a . jurii 1677 im gegenwrünhigkeit
218 496 1077 608 H. Dalbis Rians deß Kleinenn Gatts, h. Hormen
224 556 1066 680 Lipnariui und h NicauHanzzis Hattolbemel
216 621 1061 726 Dieire Vaonier iun der Insel Vber obbegschribne
225 679 1023 787 Vergicht nachfolgende erliöberung gethan
223 784 1045 929 Nanlich, als der böse meiß der sich sonst Gebrit
232 879 1071 986 des Roches genamstett Ihme als ob stadt geziehnet
233 942 1040 1057 hab es sich also zugebragenn, samlich der bös
244 1008 1059 1111 wist sye einest in einer nacht Jahar kommen imn
234 1069 1046 1188 Ins Vatters huß Vnd als in mutter zum bösen
232 1133 1065 1256 geist gsagt, er söll ihme pfangnen nemmen habe
221 1198 1062 1314 derselbig Ihnne, uß dem bott anomen und Ihn zum
245 1258 1055 1381 keinin hiebs gebragen und syend sin vatter un
245 1328 1058 1434 mutter mit ihnen zum konye hinbß gfharrnn
235 1396 1081 1506 Vnd als Ihme gfangnen darab gruseth Vnndte
224 1464 1054 1576 deßwegenn schryenn wollenn, habe der böse
230 1522 1041 1624 geist ihm gheißenn schwygenn. Also syend sy
225 1587 1008 1709 Inn ein holtz komnen nit wils von Borihio
216 1660 1068 1760 Da habe der böse geist derrëchenn gethan als düch
240 1717 1074 1818 er wynn bß einer eych, da aber jaßelbig nur ( mit
222 1785 1035 1897 gunst smelden) bringen oder harn gsin, es we
240 1848 1056 1961 auch daselbst an einem brattspiß ein jung kinde
221 1909 1062 2019 und ein schaff angsteckltchen, und hab er gefargee
234 1972 1061 2091 müßenn bratbenn. Er hab ihnen auh sines bei
221 2046 1070 2156 Dunckens brützelen fürglegen, die sach aber herrac
228 2105 1051 2221 nur wän syn befunden. Er syeund auch dazmal
228 2170 1052 2284 idere niher wyber by ihner gsin die er nth frnm
209 2237 1071 2352 dan sy syend verbuces gsein. Do sy aber widerum
198 2304 1066 2422 Da Jannenn gangen, sye der boß gei t geins in das
215 2354 1055 2488 erdtrich zingen gschloffenn Iin Vatther aber lab i
216 2424 1040 2551 uff die achlenn enommen und sye also mit ihm
230 2494 1043 2615 und der muffer in frs huß widerum zu dem
210 2567 784 2677 kriin hingen gefharenn.
1974 57 2093 116 13
1235 133 2093 272 Irn der nacht darnach sie der böse geist zu Ihm
1251 222 2114 324 kommen und hab ihme gefangnen ein büchslin voll
1269 284 2100 396 schwartzer salbenn gebern, das hab er sinem Vatter
1256 349 1688 452 zu behalfenn gebenn.
1248 411 2095 545 Wibere haber Ihme inn sines volters kil hen
1262 501 2086 604 einem blatt wyßes zubergebenn und ihm bei
1269 561 2087 667 Volden, es by Ihm zutragen, Jo er aber semnliches
1265 623 2099 725 nit gethan hab in thmn drum gschlagenn
1250 690 2110 819 Dsem vf ein zytt ye der bösi grist zu dlen kondn
1247 764 2104 879 den gsfalf eines menschenn unnd hab sich zu ihm
1252 824 1908 941 den das bitb fogt zu schlaffen.
1235 926 2093 1053 Dannethin hab er zu Ohrenz auf dersalben die hm
1263 1004 2087 1100 die böse grist arbenn ein schloß angsprichenn unnd
1256 1063 2114 1181 do ein kindt duselbig schlßargkundt syn es gsthaben
1247 1145 2087 1279 Dsem der böse gest syr ihm erslinnen bald imn
1258 1224 2123 1334 gstalt eines menschens bald kng stalt eines ochsen
1257 1291 1916 1393 und bald imn gstauf eines schrryns.
1268 1366 2108 1506 vnnd siye ihm zu fetterlingenn dee mil ertchienn
1241 1501 2105 1624 Isem er hab Ihme Vber all funff guernn gebenn
1260 1567 1908 1679 e grnnen unnd i schwartzben
1247 1646 2125 1770 zu 5. Aasin habe der Pfaff Ehmne Vborift das er
1263 1731 2119 1825 der gufenn eine an einer fah geprobiert die sye
1249 1780 1872 1871 Inn der nacht darnach verdorbenn.
1241 1850 2150 1990 Endtlichen hatt er bedachenn wirde ihme sin ballen
1250 1949 2106 2049 dahin gebracht, ds er der gedachtenn gufenn eine
1265 2005 2130 2108 an einem find zu Nüwenbürg geprobiodtt, wolches
1245 2056 1626 2154 darvonn gstorbenn.
1257 2115 2127 2244 Vnd obter schen gestinge tags bkrut, er labe zu Ni
1239 2195 2135 2289 wenburg der gufenn eine an einer fatz geriobiet
1253 2256 2147 2362 So alh er doch huth nitt mber drumn wüsernn wollen
1262 2317 2152 2447 pf 26. Junii 1613 se dt er dem hr drozweibel zu der Ma
1260 2401 2130 2485 nenhefi bekantlich worden, er habe zu Ostn nach by Päleline
1264 2453 2112 2533 Vornech Verschinnem hendt ein thur mit alben angstucghen Bu¬
1265 2497 2039 2601 als ein kind lieselbe kind thür angenott, sye es gstoren.
