4000 3000
29 55 125 110 130
18 47 959 185 In denhin herebem aber de that uff si keins wegen
170 118 958 233 noch erwalret werden möger, uff wideruch
167 159 957 275 Eeihete warnnt vnnd vermenung, sich ein anderen
174 204 913 295 bemüßigenn unnd allen argwohns abzethun
177 253 954 355 abttag coftens widerumb ledig gelaßen worden
147 297 929 413 beschathen uff feytag den 5. aprils 5
250 459 886 646 Bachara Lyb vnnd
317 610 849 707 gut von Melchnouw.
765 716 861 774 e
179 726 957 834 ff Sambtag den 22. aprilis 1615 Jars
195 815 953 880 Ist Barbjara Lyb und gut vor Melschnouw
210 838 972 936 bürtigen wegenn sy von Ulrich Groggen uhr
200 893 972 977 der Sengen sich schwengeren laßen vnnd Im den
200 938 971 1018 genißt ihre lybsfrucht durs binden von Ober
209 980 981 1061 ontz, der doch mit irn fleischlicher wercken halb
209 1041 980 1116 nütit ze schaffenn ghan, ein mal zugeeignet, nach
207 1083 969 1158 malen aber vff vilfaltig ermanen gewelten
213 1128 970 1214 Groggem zum Vattern deß khindts ernanset
207 1177 980 1245 vnnd vrs Stampachenn mit dem sy sich auch ver¬
204 1227 977 1307 gangenn) deshalben auch Inn Zwyfel gesetzt
216 1273 983 1335 neben dem dann auch vor zweyen Jaren mit
213 1313 975 1396 Anthoni Kopff den dritten vnnd den vierdten
228 1357 968 1434 häler mit Hanns Brntzer begangen zu woe
216 1406 972 1468 verdreter straaff zwo stundt lang an das halen
203 1443 965 1533 syßen gestelt, demnach widerumb ien das loch
216 1505 971 1576 gefhurt, vnnd nachmalere an das gemein werck
225 1549 525 1617 verschaffet worden.
304 1694 842 1818 Jusanna Noculi
438 1784 744 1865 alhie burtig.
140 1873 1005 1978 Demnach Susanna Körnlein, bürtig alhie von elichen
223 1942 975 2032 gezigten debstälen wegen gfencklich znzogen
213 1991 992 2077 unnd uff Mortag der f mai 1618 jaß
198 2042 987 2126 Im byweßen der frommen etc. Hrr Bartlom
215 2090 986 2157 knechts unnd Hans Müllers der Burgeren
226 2142 963 2214 unnd damit von Büren Großweybels
201 2181 992 2265 im der Marnenkeffi alhie nit worten darber
207 2213 983 2302 examiniert und beklagt worden, hat sy nach
222 2269 669 2351 volgende diebstäl gekhëndt.
192 2313 984 2420 Deß ersten habe sy irem herren und meister s
206 2389 974 2478 daund Amman zwey tisch zwechelin und zwey
211 2436 974 2523 wyber hembder entfrembdet und gemelter
219 2479 983 2565 hembderen eins der Secloßin geben, welche s
215 2522 1004 2618 vmb Sibenthalben batzen verkhaufft, vnd zra dem
218 2557 1008 2655 das erlößte gelt geben habe. Das ander herbd aber
218 2608 992 2722 bel angende, her daselbig noch den deß dß
211 2675 497 2764 schniders huß
1868 38 1943 99 131
1070 72 1933 218 der ercshen  vngsche rshals hu unnd
1097 146 1945 248 den in rit dar getrickter rümpffen nit
1099 214 1243 286 werdet.
1088 214 1921 350 gen hrrn michnel Sugrungers huß vor einem
1070 277 1933 377 laden ein goldtghalb bar inflechten entzuckt.
1075 331 1971 443 der müßlinen vor dem laden ein Baselhut hin.
1096 386 1618 506 weg genomen vnd entragen.
1070 434 1825 557 sem stalden unden ein par schuch gestolen.
1071 495 1946 621 ehinem frembden trämer, so alhie feyll gehalten
998 561 1865 708 hehen de hat, so er hetzonder tagt, entfrembdet.
1058 617 1938 738 Item habe sy irer baßen Voglerin tochter ein
1067 686 1787 800 bgäringe hubenn entwendt.
1097 741 1914 856 iren jetzigen hut einem frembden krämer, so
1105 805 1907 898 vor den schützen fryll gehalten  gestolen
1072 863 1886 967 Danethin der Köchi zur cronen zu Karbern
1103 919 1901 1014 ein wyße huben entzuckt, welche aber Ira
1100 965 1714 1063 widerumb zugestelt woden
1069 1054 1968 1185 It uff Mitwochen den 10. maii 1615 jarg
1104 1124 1943 1219 mit einer guten censur unnd vermanung sich
1103 1179 1966 1256 nun mehr beßer Inzestellen vnd zehalten, windetumb
1105 1240 1539 1322 ledig gelaßen wordenn
1136 1405 1779 1522 Anna Benderi
1289 1484 1652 1565 von Ursendach
1087 1554 1943 1669 Restann Anna Bruderlin Hans Bchären zu
1107 1631 1938 1690 unebach eheliche hussfrouw sich so wyt vergeßenn
1117 1676 1971 1746 das sy vor etwas syt nit Adam Thulern ge
1115 1721 1916 1803 weßerm weybel zu Ursebach sich dnn hury unn
1116 1768 1942 1848 ehebuch lychtfertiger wyße fleisehlichen vermüschet
1118 1816 1974 1885 unnd das junsgst ihrer im werender ehe erzügter
1125 1863 1986 1944 thinden, gemeltem Thulern vnnd gesagtem Ihrem ehema
1121 1914 1947 1987 samenthafft mit dem eydt zugeeignet unangesechen
1122 1951 1977 2033 aber deßen alles, als sy vor einem ehrsamen chor-
1116 2004 1967 2089 gricht darnider über sölchen iren begangnen ehelen
1122 2051 1983 2126 xxeamimert und befragt worden mit höchster bethürung
1109 2093 1941 2178 deß rychs gottes verschworen, das sy nit jenne
1128 2147 1983 2210 shulern niemalen ützit erzelter maßen ze thun ge
1116 2194 1941 2250 habt unnd doch nachmalen angedüten ihren eheler
1122 2239 1977 2306 unnd das er Thuler sich mit fra fleisehli schenn ver-
1132 2283 1983 2363 geßen selbs geoffenbaret, ist sih von sölcher hren
1134 2326 1944 2408 lychtfertigkeit unnd verbrachten ehelerch wegen
1122 2382 1980 2468 zur sraaff zwo stundt lang an das halßyßen er
1128 2418 1839 2502 kherdt worden. Actum 7 mai 1685 aors
1079 2492 1962 2601 Dißer Urthyll ist uff sambstag den 20. maii
1134 2565 1857 2644 1b 15 tarb an ihra erstattet worden.
