4000 3000
67 85 178 145 14
184 158 1074 308 Ihen in S sbin die thier in einem hub, welches mit
189 241 1075 371 Ihm dorff tanden auch ang zrechen, dar von auch ein kleine
189 308 396 415 kind gfaen.
186 371 1054 496 Item zu Nüwenburg by dem ser hab in mit einer
199 453 1049 578 schwarzzenn gufenn ein kind gstohenn, welches ge
188 505 443 629 bene.
206 575 1061 724 Sndsom s keine anderen umbstünd lß ihme zu
201 671 486 753 bringenn gsin.
189 718 1054 828 die vorgicht, so er nach der obbemelten gethan, vnd dar fen
205 792 1054 884 etwas miher mißhandlungen vrmeldet, Ist In der Pantzli
212 839 394 908 vlegt worden.
213 873 1070 981 Vf 2. Aus. 1613 Iß olbemelher Piepre Vagnier gen d
229 939 1074 1016 mont gschickt wade, alhda er an einem ystn enthalten, en. Doß
212 979 956 1069 forcht wndgerichtet, wnrd zu arbei ghalttn worden folln.
276 1032 950 1171 Lilatia 3u2
231 1239 1071 1368 V f 28. Juni 1613 3s durch hr Sand
225 1336 1046 1430 Holtzer deß Phatts Batthischer der Burgeren, vn
216 1390 1061 1475 H datbid vonn Burenn Großweybel Marig zi
245 1437 1039 1536 vonn Wißwys der amptyung Bipp uber
244 1508 1056 1608 sezigte diebstil in der Mannenbes examinidt
213 1566 1052 1659 worden, die hatt aber anders mitt bekennen wollen
218 1623 1061 1721 dan das sy teschinner sagen, als sy bruncken gsin
221 1685 1064 1782 Inn hr Samuel Stuelers huß allhie Vß einer kaun
215 1748 1051 1843 zwen brägenen ein heinlin und ein schwartz burge
216 1806 1052 1906 nommen, Es sye Jraaber alsbald widerum gnommen
219 1875 323 1944 worden.
205 1916 1055 2040 Ist deßwegenn uff ultim. juai 1613 Pfein Censu
201 1998 711 2103 iun zr beymat gewbisenn worden.
1992 54 2077 109 15
1220 224 1936 380 icolas Vilern
1295 347 1837 445 vonn gfferdenn
1203 488 2091 643 Mls dann uf dambstag der2
1263 603 2104 713 Juliy dis 1613 jans dunch die den Ehlenkosten
1244 666 2118 759 auch die fromen fürnymenn Bind wysenn der
1254 727 2130 830 renn, Miclaus Vonn Mulenee de s I dalts Ba
1243 788 2121 905 Fischer der Burgerenn Hand Jalbid von Für
1246 848 2131 971 Großweibel, Niclaus Willicemmn der greiffliche
1255 920 2118 1034 chalersprochung halb, dorinn en beschuldiget epa
1241 982 2111 1075 niest worden, hatten folgenden bscheid darüber geben
1239 1048 2129 1166 Namlichen, was die wirtin zur frouen befuthe
1249 1116 2112 1222 sye es whar, das en Ira die ehr Berheibenn derhalbe
1245 1188 2097 1274 er auch vor 14 tagren mit dra hochzyt haben wollen.
1245 1248 2067 1344 vnnd syp auch sidt 4 oder 5 lruchen dahar by
1249 1309 2078 1409 draglegenn. Besisfennd aber die
1254 1377 2097 1482 Sandharrin, hab er zwan den byschlaff mit der
1244 1439 2086 1530 beebracht, ettliche mal vor vnd ehe in die bemelte
1230 1492 2121 1589 wiehin zue Eronen zur ehe gnommen, vnnd ettlichemal
1221 1548 2088 1649 Jornach, aber mit des towenigen werden sich mit ver
1227 1602 2096 1708 finden, das er ihra sandthorom heenralen bttt 1
1252 1664 2080 1768 die ehe Verheißenn, oder gebenn Vilwenigen habn
1238 1720 2102 1832 siy zurete genommenn, so loher Ihm Gottho Pfonr
1241 1791 2063 1850 sölle. Belangeund dan die guithmbz, die
1244 1842 2057 1952 uilicrmin uonderschribenn unnd besglot hahen
1242 1900 2071 2016 hab er dem pringenn vonn Zürich (der ein zalshen
1240 1971 2087 2050 man sye ) anders mitt bebolchenn zuschrybenn, dan
1238 2035 2078 2128 dz er Vniliermin von hra sandthodein andern nüt
1220 2098 2087 2197 wüße dan ehoren liobs unnd gutts unnd de sy deß
1221 2148 2096 2257 wëgenn sinenthalb wol möge fürm glück nach züch
1227 2209 2120 2332 Vf welches der vonn zu sich zugefharen, vnd fene
1229 2285 2090 2390 Muilliermin schandtlich betrogenn, In dem das er denn
1228 2351 2102 2460 burff anders geschriben, dan er ihm bekolchen schan
1226 2414 2129 2516 vnd Ihm (als der kein butsch läserkan) denselben bug
1242 2481 2096 2556 nütdestminder anderst vorgläsenn, dan er aber gee
1236 2539 2099 2656 schribenn Eß. vonn welchen brsach woegen, vnnd sondet
