4000 3000
52 29 139 98 62
208 114 894 399 mnonshl
167 454 985 616 5. Marto 1614. et sonon s
189 542 979 684 von Bulo, Pryburger- gepiekts wwegen
177 615 977 761 Zwiffachor ehevorsprechung zwo sund lan
183 690 792 803 an Jas halfysenn brkent worden.
180 777 939 919 Rf 3. Martii Hars obsindec ß dis
195 863 795 965 abrteil ann ihra erstattelt worden.
771 1071 828 1110 er
239 1094 857 1223 ue dea
315 1201 841 1314 er von Burgdorff
471 1274 670 1361 bürtig.
174 1659 954 1821 ss dan Pf 20. Marsy 1614
176 1769 950 1892 1Vehel Schäier von Burgdorff Jnr
183 1840 974 1946 die tromenn, fursichtigenn, wysenn horrinn
176 1909 965 2033 Jacob Lorman Ieß ghatts Hans Frantz.
137 1964 971 2101 Bruggler der burgorenn vnd dalbid d
146 2047 968 2167 Burenn, Gefweybel, In vor Mannec
170 2115 966 2250 befragt worden, Ob er nich vor e rag zi
170 2202 954 2333 den vorniger wyf grob habe ob ersich
160 2278 960 2401 gegen tor ehefrouw mler wölthe ehrliche
144 2364 966 2461 wänckenn annommen ehe welche er, ds der Jon
144 2431 957 2556 dar Inn schuse: Is8 er nach langem lurgge
147 2485 978 2635 diter worten ohne fürwwort giechtig und s
145 2563 975 2713 kantlichn worden, Pitt olb fringerlich und
126 2668 963 2794 Daer ist uffein bepberd ledig gleßen und i
149 2723 978 2848 sfglichts wordn, as er vor einer ehristelichen da
144 2792 980 2910 vn Burstorff umb die ußgeschlageen wort in side
134 2866 422 2958 zuff thun sölle.
1835 67 1947 156 163.
1078 146 1794 290 Dienhart Sembracher
1200 216 1698 327 unnd Hanns Jacob
1336 286 1674 394 Ehorman.
1075 454 2016 660 Mllsdann uff sambstag den 12.
1111 561 1967 701 Merti 1614. Hans Jacob Lorman bnnd
1104 626 1974 760 Dienharts Steinbrächer beid Junge knablenn
1119 687 2009 828 Ober den getig verbrachter Vnchristenlicher
1107 762 2001 902 thatb )Aurch die fromen fursuchtigen, wysen
1129 835 2019 959 Horein, Peter von Wortt, Joß Khatts Hans
1049 909 1928 1051 Vvnd Harns Haller der Burgernn, In der
1120 941 2039 1109 Mannensfi exeminiert worden, habennd sy
1119 1059 1588 1201 folgenden bscheid gebenn
1127 1125 2009 1272 erstlich geharter Bormen es sir nit solnen de
1124 1223 2009 1325 Er sih int vnthristenlicher tlafs beflecht habe
1125 1282 1973 1383 aber Jag sye wol whar daz er vor ehwa Gytts
1121 1343 2011 1466 Iun der Schaal fir Inn ein rott tiedin (so nitt
1142 1406 1988 1536 gefluckets ghir ), welches dem Eigennsatz
1130 1488 2003 1585 zugehören hinden Iuhin sreverenten smelden.
1130 1543 1947 1651 gebründlett, daßelbig sye anbunden gsin
1130 1614 1967 1709 und habe keine förner aben, sye ein klein
1130 1686 2012 1807 kalb gsin. Und syn wol d. wuchen sidche
1131 1759 1976 1883 gefaater Seinbracher habs zum erstenn
1125 1835 2016 1964 gethei sin mutter hab Ehen Jarum e stich
1113 1912 2024 2045 die buben habends vra gesagt. Fefer fu
1119 1985 1997 2111 tings bub der kleiner seye gegenwürdig
1127 2058 2028 2186 gfin, do er sölliches verbracht. hab sin straaw
1131 2139 2017 2266 nit hin zn geshan, habs aber thun wollenn.
1088 2222 1992 2363 Dannothin hatt bemelter Sein bruchtr E.
1118 2329 2018 2459 meldett er habe sich auch nit bechusterlich
1125 2393 2009 2504 wyß vergäßen, sonder er habe nur ein wein
1107 2460 1992 2586 hinden en Jag kalb gebrünfelet, also ds
1110 2545 2018 2671 der brunfz widerum hauuß glüffen, sond er
1112 2607 2040 2743 habe es zum ersten gethan, Vnd Jo es Ver¬
