4000 3000
63 56 150 123 124
173 62 944 210 christenlicher liebe unnd sonderlichen der trüw unnd
168 120 910 236 pflicht so er mehrgedachter siner ehefrouwen von
170 174 920 292 Gott den Allmechtigen unnd einer christenlichen ge¬
185 216 859 301 meindt mit handt unnd mundt versprochen (leider)
197 255 860 350 so wyt vergessen, das er uss ynblasung dess
182 303 949 425 Bössen Geysts inn einem unmuot unnd widerwillen
182 350 873 436 dess jenigen giffts genommen dasselbig ira siner
182 389 933 503 ehegemachel inn spyss und tranck zum dritten
186 439 937 542 mal zeässen und zetrincken geben unnd sy also
191 486 945 610 jämmerlich umb ihr leben habe bringen und hindurch richten
168 530 945 641 wöllen, weliches aber alles von desswegen, das
189 577 936 685 sy imme zu schlecht, gering und kleinfueg gsin und
191 630 925 719 er inn einem trunck und zorn darzuo bewegt
183 679 923 768 worden, beschechen unnd imme von grundt sines
187 721 942 823 hertzen leydt sye und desswegen er  Gott den
183 772 939 864 Allmechtigenn und mencklichen umb gnädige ver¬
178 837 399 907 zychung bätte.
183 852 953 971 Wyllen dann nun uss sin Berchtoldts eigenen
206 921 956 1009 bekhandtnuss unnd allen anderen umbstenden heiten
197 968 951 1056 offenbar unnd am tag, uff was zweck unnd endt
188 1021 951 1110 hin er ein sölche unnatürliche artzny angewendt,
198 1068 946 1150 namlichen das er, so vil an imme gsin, ver¬
202 1116 954 1208 mitlest derselben sin eigen lyb, fleisch unnd blut
198 1168 962 1251 schandtlich unnd lasterlich übergeben unnd umb
200 1218 960 1303 das leben bringen wöllen, weliches aber der
204 1265 941 1354 liebe Gott uss sonderen gnaden biss anhero
216 1310 951 1406 gnädigest gewenndt. als habent haruff hoch¬
200 1362 961 1453 genandt min gnedig herren und oberen schuldtheiss
131 1413 956 1486 rhät unnd burger disser loblichen statt Bern
207 1459 953 1549 uff ihren eydt zuo recht erkhendt und gesprochenn,
170 1530 954 1626 das man inne dem nachrichter beuelchen, der inne
212 1607 951 1690 obenuss uff gewohnliche richtstatt fhueren, imme
216 1655 950 1740 allda sin houpt abschlachen unnd inne also mit
207 1706 962 1794 dem schwerdt vom leben zum todt nach keisserlichem
207 1758 563 1840 rechten richten sölle.
141 1816 980 1943 Dissere urtheyll ist uff sambstag den 18. februa¬
213 1903 953 1986 rii 1615 jars an imme erstattet worden.
1010 1750 1075 1810 zelassen
1823 68 1927 121 125
1119 86 1743 215 Jacob Leenherr von
1213 171 1546 277 Erlenbach.
1106 314 1949 424 Alsdann minen herren den eherichteren
1088 384 1931 472 alhie fürkhommen als solte sich Jacob Leenherr
1079 424 1943 515 statthalter zu Erlenbach vor jaren mit einer
1094 474 1930 570 siner gehabten dienstmagdt, Dichtli Marmut ge¬
1087 525 1958 621 nampt, fleischlichenn inn hury unnd ehebruch ver¬
1092 571 1892 660 gangen unnd nach dem er sya geschwengeret
1094 613 1966 707 überredt unnd mit guot unnd gelt so wyt gebracht
1073 667 1912 755 habenn, das sy ire erzügete lybsfrucht einem
1077 715 1957 794 so sich Jacob Ueltschin namset unnd domalen neben
1088 766 1946 844 ira gedient zugeeignet unnd denselben mit dem
1090 810 1913 892 sy doch fleischlicher wercken halb nüt zeschaffen
1089 855 1930 936 gehebt, zum vattern dess khindts ernamset, der
1095 898 1918 977 es dann auch nachmalen uff sin Leen herren
1098 948 1946 1027 an wyssung unnd darüber gegeben gelt inn sinem
1096 986 1945 1064 nammen habe touffen lassen, derentwegenn
1095 1030 1917 1118 eherenbemelte mine herren die eherichter nit
1099 1084 1951 1166 underlassen khönnen, gesagten Leenherren durch
1089 1127 1936 1213 schryben für sich eruorderen zelassenn unnd disser
1095 1177 1969 1262 begangnen handlung mit allem ernst zuo worten
1088 1224 1895 1291 (als auch beschechen) zestossenn, dieselbenn
1089 1280 1891 1358 aber haruff nach beschechner erforschung den
1098 1319 1977 1404 fheler solcher wichtigkeit befunden, das sy darüber
1093 1371 1925 1456 abzesprechenn sich einicher massen under fachen
1098 1419 1944 1504 weder söllen noch wöllenn unnd desshalbenn
1101 1472 1919 1543 söllichenn für min gnedig herren und oberen
1095 1513 1963 1590 einen ehrsammen rhat gelangenn lassen, hat
1082 1556 1897 1644 hochgenandt ihr gn. uff sölliches beliebt
1097 1606 1935 1679 unnd gefallen, inne Leenherren inn ire bandt
1100 1662 1961 1722 unnd verhafftung leggenn unnd volgenndts
1110 1709 1956 1793 über begangenen fheler nach noturfft befragen
1103 1757 1958 1831 unnd examinieren. der nun uff mitwochen
1095 1812 1958 1876 den 8. martii diss louffenden 1615 jars
1088 1853 1925 1933 inn bywessen, gegenwürtigkeit unnd anhören
1091 1899 1935 1979 der frommen vesten fürsichtigen fürnemmen
1104 1946 1977 2017 wolgeachten unnd wyssen herren Dauid Ammans
1091 1993 1970 2073 dess rhats Jacob Khochen der burgeren unnd
1087 2036 1940 2107 Dauid von Büren grossweibels, auch etlicher
1100 2094 1938 2162 weiblen miner gnedigen herren unnd oberenn
1097 2142 1954 2203 dieneren inn der mannenkeffi frywillig unnd
1109 2196 1935 2267 onne einiche marter anred unnd bekhandtlich
1100 2232 1971 2322 wordenn, wie das er leider sich wider Gott
1098 2276 1980 2361 den Herrenn, sin gnedige oberkeit unnd sin eigen
1101 2340 1968 2416 ehewyb so wyt vergessenn, das er by wylenn
1112 2384 1919 2455 siner ehelichen husshaltung sich mit fünff under¬
1122 2424 1929 2504 schidenlichenn wybspersohnen, so by imme
1106 2480 1984 2570 gedient, inn wärendem dienst inn unkhüsch¬
1098 2529 1939 2608 heit, huory unnd ehebruch liechtsinniger wyss
1103 2572 1996 2654 vermischt unnd vergangenn unnd under denselben
1104 2612 1950 2715 auch obgemelte Dichtli Marmuot grad eine gsin,
1803 2693 1934 2769 welche
