4000 3000
39 27 134 102 146.
170 56 977 216 metzger schandtlich unnd mörderischer wyss habe
177 118 902 226 begert zetöden unnd umbzebringen, wie er dann
185 173 967 306 sölchen sinen bössen willen zeuerbringen unnd inn
177 206 973 356 das werck zerichten alle mittel angewendt und
186 261 865 342 an denselbigenn nützit ermanglen lassen,
176 303 957 416 als habent haruff hochgenandt min gnedig hrn.
173 341 941 461 schultheyss, rhät unnd burger disser loblichenn
170 406 967 528 statt Bern uff iren eydt zuo recht erkhendt
182 451 447 525 unnd gesprochen
153 485 957 608 Das man inne dem nachrichter beuelchen, der inne
195 558 945 635 oben uss uff gewohnliche richtstatt fhueren, imme
192 590 982 708 alde sin houpt abschlachen unnd also mit dem schwerdt
183 636 985 756 vom leben zum todt nach keyserlichem rechten richten
214 692 269 749 sölle.
172 721 963 844 Dissere urtheyll ist uff sambstag den 14. octobris
192 786 967 898 1615 jars an imme Köferli ordenlich erstattet
194 838 359 910 worden.
225 1050 874 1158 aen dans
284 1123 851 1222 Farschons von Buren ehe
417 1184 722 1267 liche hußfrouw
155 1265 960 1358 Alssdam Magdahena  dans Jarschons
189 1330 966 1405 von Büren eheliche hußfrouw wegen sy daruder
197 1388 951 1462 gegen den Rigen vnd anderen etliche gobe schire
206 1431 957 1520 und gottslefferunger ubgoßen und derhalben
194 1487 942 1562 Im gefangenschafft deß lochs alhar überschicket
201 1527 963 1602 wordenn I verdacht khomen vnd gerahten,
203 1579 961 1667 als solte sy zwo gewüße wyls personen, so nit vnd
206 1627 938 1713 by ira imloch gelegen, durch mittel einer
239 1684 951 1758 ppen, welche man dra gebracht und gemelte
198 1720 987 1795 beide wyber geholffen aßere verderbt, sonderliche
214 1771 989 1838 aber auch mit irem tträl der jüngeren gestrält
207 1817 966 1910 dahar dann derselbigen alßbaldt ein groß
204 1869 957 1959 hauptwehe zugeständere, wie auch sy beidem
189 1922 963 1998 nach genoßner supper dmn schware franckheit
199 1964 954 2059 gefallen, weliches ein ursach, (das sy Magdalena
192 2002 950 2108 sichs ansehen vnnd beuelch eiger gnedigen zu vnn
189 2061 953 2169 Oberen inn die Mannerkeli hauff gethärt
170 2126 966 2234 Ist s haruff uff sambstag den 14. octtbris 16
179 2187 964 2291 jars durch die kromen fürichtigere fürnemmen
181 2236 975 2334 ehrsamen und wyßen herren grat verporten d
171 2281 976 2383 rhats sammel vogt der Birgerer und Bupfatt
168 2330 956 2431 Fischern Grozweybel vber solche gezigene sache
183 2376 950 2476 daselbsten i der mamentaffi nit worfftung
180 2430 962 2511 examinert und befragt worden, Die hat nun
172 2448 969 2571 volgenden bescheidt unnd antwort von sich gebend
179 2529 445 2584 erwolgen laßen
171 2555 966 2643 namlichen, alls sy vor etlich abgelauffenen tagen im
172 2595 981 2707 angereghte gefangenschafft, des locher alhar ehoman
873 2643 949 2715 Da
1889 20 1963 96 147
1058 52 1937 202 Da dann zwo andere wybeppersonen mit vnd neben
1095 117 1977 245 zu Innen gelegen, das als sy mit einanderen suppen
1100 166 1923 293 meäßen, denselben beiden frauwen angentz wëhe
1082 208 1950 322 wolder sye unnd die jüngeren sich (mit reuerente.
1094 253 1905 368 alßbaldt habe erbruchen müßene, da die eine zu
1087 306 1917 432 algeprochen, die süppen sthüge dra gar wehe
1086 359 1865 463 w�ße nit, was es für ein tuppen oder was
1095 398 1970 511 darinnen sye, die andere sann auch gesagt, das
1094 451 1964 558 haupt th�ye da gar wete vermeine das gewele
1092 491 1985 587 werde sy aberbaldt einest wöllen angahn, deßwegen
1097 540 1944 633 den dieselbige supper mir halb genoßen worden
1097 582 1962 688 unnd daß überug uberbliben se, darüber sy Mag
1081 640 1943 723 dalena Inen Jeder ein bitzlin Immerg wartzen
1092 677 1929 779 So Ihr man zu Giell gekhoufft vnnd zia geben
1088 730 1868 845 zu�ßen gegeben, da nun sy im wenigsten nit
1088 801 1917 874 wüßen möge, das weder die immers wurtzen
1097 827 1976 924 noch supren, wehe gethan habe, dann sy es nit begart,
1103 882 1932 969 sauften verneine sy anders nit, dann das gemelte
1100 936 1916 1028 beide wyber solche kranckheit an etlichen biren
1101 994 1946 1069 vnnd trüblen, So man inen imn tase loch gegeben
1089 1035 1914 1129 unnd sy geäßen erholt habent, wie dann auch sy
1114 1077 1928 1181 elbs farubn geaßen unnd sitthar kranck zue
1039 1134 1898 1216 Den träl danethin belangend, darmit die eine hr
1100 1176 1930 1267 strëlt unnd fra des haupt dahar angentz wehe
1088 1233 1942 1325 gethan habe, sie nit weniger, als sy dia derselben
1103 1278 1946 1364 abgenorderet, sy söllichen da habe werden laßen
1097 1333 1947 1415 w�ße unnd vermemne aber nnt das jia sölch shaupt
1098 1380 1940 1464 wehe dahar zugestanden sye: dann auch sy selbs
1110 1433 1538 1512 darmit zutraler pflege
1083 1483 1916 1583 It vff Sambstag die 21 Octobris 1615 jars
1101 1550 1896 1629 thnt einer censur vff abtrag costend ledig
1100 1603 1399 1671 gelaßen worden.
1214 1815 1779 1946 desenn heren
1080 1856 1687 1992 11 ab dem scherblig
1076 1995 1960 2090 Wiewoll Verena Steblerin ab dem Schupberg brontig,
1109 2062 1900 2147 vmb das sy zu etlichen vnderschiderlichen muler
1119 2110 1979 2197 agwöniger wyß rüben den die statt alhar gebacht
1109 2179 1912 2248 unnd verkhaufft habe, da aber sy mit keinem
1116 2202 1948 2297 eigenen oder anderem eritrich, darismen dieselbigen
1101 2253 1916 2336 hättendt wachsen mögen, versechen neben dem
1113 2292 1936 2381 auch anderer diebstälen gezigen syn sollen, ime
1105 2349 1912 2444 verdacht gerahten, als sölte sy sökliche rüben
1094 2390 1967 2494 Im ander lichten guteren genommen vnd entfrimbdet
1100 2438 1952 2532 haben, wie dann s Bernhart bernder meisten
1103 2484 1984 2584 deß oberen spittals sich nit ma sonderbar sonders
1106 2542 1928 2633 auch by jhr gz selbs iun geseßnem shat her
1105 2595 1912 2676 klagt, was maßen imme die jtingen inn einen
1100 2652 1936 2735 hochgenandter Ihr G2 zugehörigere macten Vnn
1834 2689 1965 2762 bunder
