4000 3000
86 56 189 126 16.
77 1409 195 1488 son
78 1473 193 1545 Cymel
221 115 1096 289 darum da der Zuricher Ihme Vniliermen gschweren
224 221 1092 336 glan, der bürkf sye also gschribenn, wie er ihnen
221 273 1090 418 Ihme vorglesenns er Millicmin sich vnderschi¬
224 334 1091 464 vnd den brieff besialett habe. Dalb also hierübe
213 404 1096 545 kein andernn bscheid, dann dißem geben wellen
198 1029 1085 1172 Athus si778
221 1286 1071 1428 Mirdann noch vor etns bits Prefer
240 1383 1098 1477 Pillictae sich mit einem sack voll pu ler Vnd
261 1443 1083 1529 einem sundsstrick zum oberun shorwarth
251 1499 1084 1609 verlügt unnd ihm angemihett ihme dem
248 1564 1087 1657 zundtstiick anzubünden. Habend hieruff ein
246 1618 1091 1743 g. s. vnnd Obornn dem fromen fur sichi
231 1680 1089 1781 Wysenn herronn Jacob Eorman, drom Mittehal
240 1754 1095 1848 betolchenn ihnne Filliesae hierüben zu examinid
245 1815 1089 1919 Welches danner uff montag den 26ten juii in
246 1880 1098 1987 hilff hr Großweibels vonn Burenn erstalt
242 1950 1094 2068 unnd hatb gesegter Fulictar sich fogender ma
239 2017 671 2130 darüber versprochenn.
232 2072 1097 2187 Nanlichenn als er voretwas byts zu einem
238 2168 1097 2265 krumerladen nachst by dem sytt foggenn zuren
240 2218 1097 2339 kommen, hab er ein großlächt meihten im lad vn
238 2270 1098 2391 welchem er den hundtschuck unnd das pullber al
239 2323 1095 2471 gekaufft, wüße nict, wirt abs er ihm drum geben da
246 2408 1086 2527 er ihme ein sockel geben knnd es gheißenn, das
233 2454 1095 2615 gelt, solbib ihme gehhre darus erwerden unnd
234 2539 1086 2670 hab er hillictag stöllich pultber im Welschle
244 2600 1080 2750 umb ro somryn berwüschen wollenn unnd
2067 97 2102 192 .
1278 152 2117 300 dieeyl er mit einem Brunckbaled glen habich
1272 241 2127 363 angfochsenn von Nöllichenn vnd der Vnderweg
1278 288 2076 391 einsseil zeuberzüherlenn, dann er sie bigen
1268 347 2126 459 abendes vorhabens nin sich gan Kunz zelag
1265 401 2121 522 geben, vnnd daselbst einer armen franwenn
1268 463 2112 561 wegen sy ihme ein kind erzüche ein  da
1269 521 2102 633 eellß sinei kam glößtt hatt, zeenkingten
1267 581 2109 700 derwegen, do er zum Iberen schor komenn
1267 642 2065 762 hab er sin zundtstick wellenn laßenn
1283 702 2098 821 erzünden allein uff obgesagt und hin un
1271 776 2117 867 keins wegs darinn, damit er etwas schaden
1272 835 1541 922 damit thätte.
1284 898 2087 1022 Befengs ob er ein krnaen habe, hab er zu
1266 983 2094 1086 bsched gebonn, Ja, aber er habe diß tagen von
1279 1038 2102 1136 großer hitz wegenn die frützenn darinn den
1283 1098 2093 1219 frnam sye Vnden lbß geren dem Kiechenhuß fe
1277 1163 1881 1274 einem holtz den ein gstüd ghalten.
1259 1283 2093 1419 abt also anders nüt anzoigenn wollenn
1284 1393 2108 1530 uff 27 juli 1673 habend min e h gerbatten
1278 1487 2114 1590 in diser finigtan uff ein conjus und ernstig
1273 1544 2103 1649 vermanung sich den syne zeimat zu begäbren
1273 1605 1721 1702 ledig glaßenn worden sölle.
1359 1715 2049 1852 Viclaus Bucher Bandt
1500 1813 1972 1941 Elßbott Frickard vor
1681 1899 1815 1996 Bie.
1236 2119 2090 2256 Mly dann vor ettwas syts Elßbett
1254 2218 2112 2318 Friefard vonn Bir der emptynng kungsfelden
1278 2271 2156 2378 sich gegen minen s h. erklagt wie das Nictans Buche
1253 2333 2102 2414 der umbschärer ein frog und etwas zügs derzun
1278 2390 2118 2490 sinder Ihm habe welches dra der bemelten Firkendin
1271 2443 2135 2553 zugehöre vnd hienebenn ouch andere sachen, wie die
1284 2503 2126 2581 hernach erlütlenet von gesagtem Bucher kum
1265 2555 2113 2669 Kungold Coupsther vnttoebtt: Sind sy hiemiff
