4000 3000
82 58 170 115 180
61 413 225 477 der burgern
394 170 970 263 ntet
546 212 870 296 von Wichdorfff
210 301 1030 428 uff Dorstag den 12. junyi 1616 9st ug 1
244 364 1026 465 erommen, Shneigeten u herren, frautz Buder
232 414 1025 499 ahats Hanns Rudolff Steigeren unnd Burckandt
239 454 1014 525 Fischern Großweybel Aema Steyner vonn wich
250 484 1018 564 Dospff zu Marzili alhie mit worten examiniert
217 507 966 595 unnd durch dieselbe bekennt worden, wie volget
238 591 1014 712 Namlichen als sy vor vnngefar acht, oder ein hern
234 670 999 737 Im winter einem gwüßeng lanndtman zu Orrach
234 697 1019 768 elienet unnd derselbig jra nach verfließnung deß ime
241 727 1007 787 versprochnen zils den log nit geben wölhlen, habe sy shme
234 763 1034 837 Somalen ein mus kernen, eintfrömbdet, wellicher sy alß
242 794 1040 861 dann vonn deßwegen gefangen unnd gan Trachselweeldt ige
253 822 1038 880 hürt, das sy dann auch fnn gefangenschafft gelegt vnnd hernach
244 860 980 920 uff ein vermanung widerumb ledig gelaßen worden
245 925 1001 1003 Item habe sy im Herpst darnach zu Zutzrüthi auch einem
281 980 1020 1043 gwüßen lanndtman an einem hochzyt so daselbst ge
267 1009 1038 1078 halten wordenn den schlüßel zu sinem spyther funtwendt
264 1042 1011 1102 unnd also darus ein brotten saies einem stuuckh käß geno
258 1072 1016 1134 men, daruf sy abermalen gefangen unnd gan sigauw
264 1107 1019 1160 gefürt, wie auch nach achttägiger gefangenschafft mit der
251 1147 1001 1206 ghuten ußgestrichen unnd mit dem eydt, als sy meine von
257 1176 624 1236 dannen vwißen wordenn,
179 1220 982 1296 Er wuffuug habe sy sich mit einerem so da heist frannt
261 1265 995 1313 Borner pürtig uonn Osch ehelichen verlopt unnd sye mi
267 1307 994 1352 einselbigen auch hernach zu Heggiswyl im Endtlibuch
269 1327 870 1388 durch eineg meßprüester yngeseznet wotten
257 1387 1016 1450 einnach so habe jra vermelter ir eheman vor etwas wu
254 1434 1037 1487 ein guldie etliche schuldenn ynzuzücheng zu gestellt unnd alß
277 1463 991 1521 haruff gan Herolfingen zum sielans Steyhmans huß
231 1501 997 1545 kommen unnd niemand darinnen funden, habe sy demselbige
257 1520 1010 1571 mit einem bieln, so im hußstan fünßen, einen trog uffgewregen
231 1552 996 1608 vnnd daruß vierzeichenn, batzenn, so Inn einem Mannenseckel
244 1592 446 1655 gsin, genommen,
227 1632 1004 1697 Item imme steynen witters uß sinem huß entwendt ein ert
240 1683 1011 1731 par styffel unnd einen brust thuch, welliches sy auch glych angen
222 1711 1010 1771 daselbstenn hinder einem zum verborgen unnd nachdem sy also
237 1739 1001 1796 haruff hinweggangenn unnd ime Steyman inn siner matter
240 1770 986 1824 das houw zetleübt, angetroffen, habe sy nach vermeldetem
233 1810 995 1854 gruß zu ime gesagt, sölle es laßenn blyben, dann es werde
224 1829 994 1888 glych regnen, sye aber, das sy sölliche wort geredt, darumb be
239 1861 1001 1913 schechen, das damalen eine große schwartze wulchen am Himmel
247 1897 302 1953 s sin
245 1940 1011 2008 ein alß sy vor etwas jarenn by einem meister gedienet n
245 1986 986 2040 jar übel bekleidet gsin, der g'stalltenn, das man sy schber nit we
234 2000 1007 2068 zem diennst behalten wöllenn, habe sy haruff BWarti Stalders
228 2028 980 2096 frauwen uß irem huß ein geppegt, einen grünen schullitz
228 2064 993 2121 parschu ein parstifftl dey ofer über göller, wie auch zwey
228 2090 963 2149 soder dey Hembdli genommen, welliches aber uß keiner
227 2133 854 2190 andren ursach, das wie gemeldet, beschechenn
215 2180 976 2260 Wiewob inn byweßen vorgemellter h gedachte Anne
230 2222 962 2299 Steynerin zu Marzeli alhie uff frytag den 14. junii 6
218 2269 977 2335 mit dem dumyßen geferet unnd zu bekanntnus fhernerer
231 2262 1022 2361 gezigten unnthaten mit ernsthafften worten exsaminiert worden.
221 2316 1019 2391 hat sy doch annders unnd wythers alß verstaht nit bekhenne
224 2348 976 2425 wöllen, sonnder es by vorstehender ihrer vergicht vrblyben
231 2369 1006 2454 laßenn unnd dieselbe warhafft syn erhaltet unnd bestettiget
224 2406 1010 2474 ahlein, das sy vermeldet unnd angezeigt, das sygann schwart
216 2442 1014 2511 burgreüßen, unnd alda einen gewüße ihrem ehhemen zugeen
230 2469 1013 2550 hörige schuld habe bezuchen wellen, sye daßelbig darumb be
236 2502 995 2583 schechen, das der selbig ihr eheiman Sya darzu genötiget en
263 2542 968 2613 ghan müßen, weaenn sy imme die rsach ires ueige
13 2550 204 2617 vnnd ogcgly den
228 2565 1007 2639 kon ihn g0 staff uundt lanndt empfangen, nit habe ver
78 2598 151 2649 by de
240 2621 438 2676 nelben vorfefen
199 2601 1008 2709 zittet vmb gnad vnndt erbüttet sych nun mehr zu beßeren vnnd
213 2685 427 2733 wol ze hallten
203 2695 868 2773 est uff sambstag den 15. junii 1616 uff ein getl
215 2714 996 2799 gelübdt en sydtsstatt. Aniner g hrren lattirt unnd gebiet
889 2758 914 2786 1
216 2770 877 2833 nachmalen zelydee uß unnd ledign gelaßen worden.
874 2771 1010 2828 luthceter
45 2785 875 2877 sasten im thal übertrettens man frasalts unnd in we
41 2846 323 2900 werden laßen wurde.
1926 57 2011 102 181
1217 31 1968 215 Joseh Bidtervon
1424 191 1660 263 Otligen
1230 267 2001 353 uff frytag den 14. junii 1616 Jars Goseph Gidler
1245 311 2017 375 Zetligen durch herren drmb amman deß shats unndt
1097 306 1225 395 Alo
1173 351 1230 387 von
1176 337 1922 429 Burckart Fischern Großweybel inn der mannen keff
1960 368 2021 404 lhie
1182 369 2020 453 etlicher vunffen wegen mit worten zu red gestoßen worden
1176 399 1685 488 hat er vfolgenden psichend vom sich geben
1170 454 1995 554 unnd erstlichen über den frag, puneten, ob er namlichen der
1192 504 2002 585 ylsen, doler gewirtet, mit eittlichen sinen gesten dieseckel
1180 533 2012 608 erwütscht unnd das gellt iuen geim Fücher wyß daruß genommen,
1158 566 2028 650 veruntrüwet unnd behalltenn habe, wie dann sölliches von imme
1179 597 1994 666 mehrmalen sye geclagt wordenn c. sich also versprochenn, das er
1179 627 2003 694 einem menstschen niemalen utzit weger wenig noch vil ennt wend
1174 654 2009 714 noch genommen, das nit das sinig gsin sye. Was aber sin wirten
1177 684 2009 749 belangt, habe er daßelbig nit künng getriben, auch ihn werender
1176 712 1963 781 zytt beßelbigen nit mehr dann dry vaß mit wyn verbrucht unnd
1165 742 2010 807 volgendts wyllsonsten zwen oder bey andere wirten unndt
1180 771 1901 838 wynschencken am selbigen ort syendt, darung gelaßen.
1164 815 2022 906 as demnach anlanget, das er einem gwüßen lanndtman inn der
1151 857 2009 923 statt alhie inn einem Keller by einem trunck ein silber cronen sölle
1154 889 2004 955 uß dem sackel genommen unnd enntfrömbdet haben, hat er sich
1172 916 2010 991 volgender maßen darüber versprochenn, namlichen wie das er hie
1172 942 2000 1024 noc dem Hanf Sali vom Cappelen der kilchheri wolen ein büchser
1163 981 1979 1046 verkaufft, welcher ime inn der stattalhie etwas gelts korn
1166 1002 2001 1076 damit ze kauffen, darfür gebenn söllen unnd als sy seines zinstags
1179 1035 2010 1106 sy hrr jinnch Murstenbngers lanndtvogts zu Wifflispurg hu
1221 1065 2006 1125 d Keller einen trunck alda ze thun zusamen kommen, sein
1172 1088 1970 1165 er hidlers das jenige gehlt abgeuordret, hhabe er äli ime
1166 1119 1973 1189 das gellt gezeigt, jedoch nit angentz gelifferet, also das er
1163 1150 1968 1217 hadber daauff gesprochen, wann ers ime nit geben, wölle er
1164 1188 1970 1258 us sunstnemmen. uff welliches er sali imme geantwortet habe.
1169 1211 1982 1279 er nöge es thun oder nit haruf er Hidlen zugefharen unnd
1158 1252 1979 1304 imme hali ein Fryburg dieken uß dem bußen, aber nit mehrge
1128 1278 2022 1357 I nommen ohne das er sich einnicher maßen deßen geweigeret habe.
1146 1313 2017 1400 Intreffende dannethin, weßen er sich sitt einer erledigung des
1159 1354 1983 1427 Schallenwercke begangen nnd warumb etrff ein zyt sye
1166 1384 2025 1459 flüchtig worden, Harüber hat er sich also verantworttet das
1206 1419 1989 1485 hdam sin mutter, geschwüsterte unnd er mit unnd von ein
1167 1448 1998 1525 anderegetheillt unnd imme dsie wirtschafft, so ein neüw huß
1166 1479 1984 1539 hat sampt einer matten unnd Schuppoßenn zum theill worden
1157 1517 1977 1577 mit ßder erlutterung, das er die mutter zu sich nemmen, vnnd
1164 1538 1995 1606 ihr lebenlang uß bewustem schlyß erhallten söllen, welches auch
1169 1575 1978 1641 bißherr beschetgen, habe er zwar sölliche gutter ein zytte
1161 1595 2009 1683 glang beseßen unnd genutzet, hernach aber sine schulden ze bezalen
1172 1638 2001 1713 und sich ledig zumachen gemellte schuppoßen vekauffen und
1157 1659 1974 1746 uß dem erlästen gellt theyls sine schulder biß an dreyßin
1163 1688 1982 1778 bronen bezahlt uß dem übrigen dann dry daßmit wei
1173 1728 1975 1815 rkaufft, vnnd mit denselbigen ein Zyttlang gewirttet,
1173 1768 1956 1837 nach malen auch angeregt neüwhuß umb sechshundert
1160 1787 2029 1887 pfund pfennigen von handen geben, vnnd ein ander Schuppoßen
1155 1822 1946 1913 an statt erkaufft, da er nun fyne glegenheit unnd selbs
1150 1844 1953 1956 gearbeiten hätte. Alß aber der jenig, mit dem er also
1154 1892 1941 1983 handlet unnd gemärtet, imme nit halten können w
1959 1910 2026 1963 ge¬
1162 1916 2016 2023 wöllen, syendt deß wegen zwüschen imme unnd dem selben durch
1152 1936 1994 2059 den hrn vogt von Liarren zwren spruchtgmacht worden,
1158 1970 1963 2081 welche beid erangenommen, der Zenig aberselbige
1172 2003 1975 2110 ußgeschlagen. Buntzwüschen sye ein erbarkeit zu
1173 2034 1361 2092 geschiren, vnnd
1390 2075 1986 2142 hergricht uber inne gehallten unnd wie
1157 2094 1224 2129 es
1160 2062 2020 2185 Whol er den ursachen deßelbigen nach geforschet, habe man
1247 2109 1954 2218 ime im minstes nit sygelden noch anzeigen
1157 2124 1972 2235 wöllen, nich auch einnichen maßen thune zursvrsprechun
1157 2150 1981 2282 kommen laßen, neben dem so habe ein erberkeit einen
1157 2187 2021 2312 brieff alhar an herren üßern sinet wegen geschryben unnd
1153 2212 2006 2350 Dietryben besorget ghan, das willicht der selbige brieff
1165 2243 1979 2375 imme zu nachtheil geschriben unnd er widerumb an dass
1190 2284 2045 2437 hallenwerckh gefüßlet werden mögen, habe er ußforcht
1172 2307 2019 2449 slicher gfar, selbige zu vermyden, die flucht genommen, gan
1175 2331 2041 2479 fersetz sich begeben, unnd alda zum die sechswechen lang
1177 2374 2028 2516 den arbeit enthalten, volgets aber widel
1172 2412 1975 2538 rumb zu huß verfügt unnd sidhan niemandts beleidiget
1112 2427 1971 2596 Vittet tringenlichen vmbgnad, vnnd das man an siner
1156 2486 1988 2622 haben gefangenschafft ein gnedig vernugen vnnd mit slyden
1238 2548 2011 2655 gene auch wederumb ledig laßen wölle, dami
1157 2550 1991 2699 ersier arbeit obligen, auch alte mutter vndt ehewyl
1172 2579 1697 2713 ertweren unnd hindurch bringen mege
1155 2608 2038 2784 Ist uff menagen den 17t. juni 1616 vor minen g lh
1160 2661 1634 2796 Schultheißen vnnd Rhat vff der
1651 2757 1714 2800 zun
1246 2720 1763 2838 s Schallenwerckh erkennt worden.
1870 2782 1911 2819 er
