4000 3000
40 53 117 134 64.
184 94 975 256 bengen wollen habe domen gsagt sug
174 185 976 325 Vnd habe den schwen h bffgschan. Das E.
183 254 974 405 habe dem Eigensatz gchlikt, se wol
188 338 964 456 habe keine wyßen flächen ghan. B
183 401 963 529 byd oder g. wuchen sider: Heten E
162 477 966 624 Ingsbeid hubenn Somuel Schöpff
182 542 720 678 andere syend Jacby gsin¬
180 648 933 795 Päklend gentz Plächenlich vmb gad
188 807 962 928 Af 9. murti 16 4 sind dise beide kelt
198 895 956 988 Pun der Funsel duch die bättelvögt, Jeder zum
192 946 968 1056 drittenn ma mit vuttenn starck gesprichenn vnd
186 1010 968 1132 Vnnd Jemnach uf fipenn fuß gestolt worden,
228 1156 851 1334 Andieas Marmut
353 1292 794 1416 Burger alhie
725 1522 775 1608 12
161 1599 945 1717 As dann uf Mittwuchen dor 6.
168 1697 962 1786 April 161 4. Andrrs Marmuf der gewoßen
168 1755 965 1853 wardte vber den Verdachtt, als selche er mich min
181 1822 966 1921 gnädigen herrenn Zoll, vnnd gleidt Vntheüwlich vn
182 1884 966 1974 gangenn synn durch die Promen, furnemen, wys
178 1941 974 2045 Herrenn, Johans Spälling, deß Zrhalbs Christis
158 2005 972 2110 zugspurgen, der Burgeren vnd Catbis Von Z
176 2072 957 2172 benn, Großweibel den der Funstel mit wer¬
165 2140 957 2239 examiniert worden, hatt er folgenden bscheid dark
166 2227 286 2301 gebenn.
158 2266 975 2403 lamlich, deß ersten, So hab er nie kein geeson ohn
161 2359 975 2474 worttzeichenn vß der Statt gelafenn, dan die mi
147 2432 302 2511 folgennden
155 2484 975 2613 Als erstlich einen vonn Wballenburg, der etlich
152 2560 966 2677 gutter allhar gfurt gben, drselbig eyl er Ihne
156 2598 976 2731 gantz frungenlich erbetten, das da ihn hirllß wele
143 2661 962 2799 fheren labenn, vnd Jarnob furgeben, wie di
1886 9 1960 85 65
1124 121 1955 275 sie namten Im konffhuß Aungeschribenn wäre
1106 192 2022 349 hab er Ihnn nicht ohne worfziechen Thoren laßen.
1112 254 2017 377 ee hab ihm aber kein haller nit geben ghan, darnach
1109 323 1980 458 haber vonn sinewwegenn wol 2E. batzenn
1118 397 1518 485 entrichtenn mußenn
1101 427 1997 574 anneshin hab er auch den Hanns Astelin Vonn
1122 510 1983 615 Riebingen zweymal ohne wordtzeichen lazen
1106 565 1997 701 hinbß fharenn, Vnnd das darum das derselbe¬
1121 620 1952 754 Ihmt wol bekant vnd Ihm furgeben ghan
1121 677 2016 795 ee habe die kouffhuß knecht zu friden gstelt
1125 738 1942 853 Vonn disem hab er ouch mitt empfangenn
1101 779 1998 915 weder vehrungs weyß, noch anderer gsfalt¬
1105 889 1995 1042 Jesem, als Vff ein tytt zwen krämer degen
1118 980 1976 1089 der ein ein kläszenn getragen, der ander aber
1118 1045 1951 1142 ein Groß ghann Aine reugenlich pettenn
1127 1095 1970 1223 ds er sey ohne worszeichen wölthe paßieren
1125 1158 2006 1263 laßenn, haber 1guldin von Ihnen empfange
1123 1208 1951 1327 Vnd hiemit in Ehr begören znbewilliget
1126 1277 1973 1399 weichen halben guldiner hernach In die buchsten
1117 1374 1258 1447 gewaf
1115 1414 1992 1549 De aber hab er Vß der Vrfach gethan, das hie¬
1127 1501 1984 1603 vor inhin mit der buch ghar mit den wortt-
1127 1552 1975 1665 Zeichen nie in buch ghan dan allein an Liyen
1128 1628 1428 1709 Jaarmantenn
1111 1699 1976 1824 Bekreffennd dan das, so er an Zoll, vnnd
1061 1792 1952 1897 gleibt gewärtt, hab er pfwan 200 f. Zoll
1103 1857 1904 1957 Vnnd zleitt samptlich einsmals gwärt
1108 1917 1956 2017 Item vom gleidt allein Boeden hab er etwann
1125 1993 1772 2097 150 vd erlegt, vnd deßelben
1108 2068 2034 2195 Isem 100. F. aber Jas nit nihte, dan ein einzu
1112 2145 1232 2211 mal.
1117 2195 2014 2330 Wbie dan zu Stpädling selig, wan er nach by laben
1104 2272 1927 2389 waw, steinliches wurde zugenn konnenn.
1091 2335 2007 2490 Das aber er Marnunbt ehwan zum Zycen mit
1115 2443 2012 2540 ettlichenn gärberenn gestpilt, vnd  mune R
1116 2496 2008 2614 Zoll, vnnd gleibt belt zuspilenn qnomenn
1118 2571 1484 2682 habe das sye nih.
