4000 3000
31 61 138 126 126.
176 64 924 195 welche er, als er sy geschwengeret (uss forcht
180 134 955 257 wann es sin eheliche hussfrouw vernemmen söllen
176 187 879 275 er dessen übel entgälten müssen unnd sy sich von
178 233 887 315 imme hätte scheiden lassenn) beredt unnd so wyt
176 272 881 353 gebracht, das nach dem sy die frucht an die welt
168 318 903 409 geborenn, sy dieselbige vorgesagtem Jacob Ueltschi
173 357 951 446 als rechtem vattern (der es doch im wenigsten
177 414 914 495 nit gsin) zuogeeignet unnd überliferet unnd er
173 454 917 539 denselben mit gelt bestochen, das er es zuo sinen
176 507 927 602 handen als für sin eigen fleisch und gblut ge¬
180 556 950 646 nommen unnd volgendts inn sinem nammen
186 599 924 692 habe touffen lassen, das nun aber imme
190 651 893 725 von grundt sines hertzen leydt sye unnd
903 694 945 736 er
182 699 860 782 desswegenn Gott den Allmechtigen, sine
198 751 888 828 gnedige oberkeit unnd mencklichen umb
902 776 968 841 gnad
208 800 647 872 unnd verzychung bätte.
165 841 941 922 Wyll dann ihr gn. befunden, das vorbe¬
207 893 987 973 nampter Jacob Leenherr sich nit nur einfalter
197 932 668 1011 wyss mit schwärer unkhüsch
684 935 979 1015 heit underschidenlich
202 981 965 1058 vertiefft, sonders auch inn die vergessenheit
209 1029 779 1103 gerahten, das er zu vermydung
803 1035 966 1100 weltlicher
196 1069 981 1151 schandt unnd uneher (wider göttlich, mentschlich
211 1124 979 1187 unnd natürlich gesatz) sin eigen fleisch unnd bluot
215 1163 953 1252 umb einen schnöden pfenning hingeben und ver¬
206 1215 968 1284 khoufft unnd also (so vil an imme gsin) se
210 1265 980 1343 dasselbig sines rechten natürlichen vatters
210 1314 981 1400 bosshaffter wyss entsetzt unnd beroubt, als
218 1368 990 1433 habent hoch unnd wolgenandt min gnedig herren
212 1413 981 1486 schuldtheiss, rhät unnd burger disser loblichen
216 1461 983 1532 statt Bern uff i zuo recht erkhenndt
213 1517 554 1594 unnd gesprochenn:
176 1553 990 1627 Das er vonn sölcher siner begangenen fheleren wegen
227 1607 983 1688 nach sinem verdienen ein schwäre lybsstraaff
209 1650 968 1728 verdient und sonsten vermag der satzung von
209 1696 955 1763 statt unnd landt verwissen werden sölte,
212 1745 986 1826 er aber uss sonderen gnaden dessen alles über¬
221 1797 965 1866 hebt synn, hieneben aber zuo mehr dann wol ver¬
216 1847 980 1916 dienten gnedigen straaff minem herren seckel¬
222 1891 983 1965 meistern von Graffenriedt zuo miner gnedigen
212 1947 960 2006 herren unnd oberen handen biss jetz khünfftig
209 1987 977 2067 osteren vier thusent pfundt pfenningen inn barem
205 2017 989 2110 gelt erlegenn, so er aber denzmalen mit abrichtung
202 2085 971 2165 desselben sümig er alldann sich widerumb inn
207 2109 985 2203 gefangenschafft begeben unnd nit heruss gelassen
206 2168 983 2241 werden, er habe dann zuouor die buoss erzelter
207 2210 981 2299 massen bezalt unnd im überigenn er allen
221 2256 998 2339 mit imme uffgelüffenen costen über sich nemmen
215 2325 504 2394 unnd bezahlen sölle.
194 2345 977 2445 Dissere urtheyll ist uff montag den 13. martii
209 2392 981 2482 1615 jars ergangen unnd er Leenherr daruff
201 2469 783 2539 hin ein mal ledig gelassen worden.
176 2526 761 2635 Vide plura pag. 142 unnd 143.
1826 8 1922 97 12
1141 118 1814 236 uns chter
1257 199 1784 296 von Ochwartzenburg.
1093 323 1959 449 ff mitwochenm den 15.n februarii 1615 jars in
1103 412 1940 488 anhören der frommen etc. Herren Johans Spätings
1094 443 1931 538 deß Rhats deniel Heintzen der burgeren, vnnd dami
1092 497 1913 581 von Büren Großweibels hat Hans Mischlen
1097 539 1979 620 von Schwartzenburg bürtig, ein rinde persohn zu Mar-
1091 585 1933 675 tilen alhie bekhendt unnd mit der marter bestätiget
1099 644 1281 712 wie volget
1078 650 1970 763 dehersten, wie das er sitt etwan dryen daren dahar
1091 721 1937 805 nit ehsbeht Khüng von Plapheyen umb einanderer
1099 764 1970 851 gezogenn und by derselben glychsam sinem ehewyb, da
1100 805 1940 884 aber sy niemalen mit einanderen killchenrecht gethan
1101 857 1936 927 dey khinder, deren zwey noch im leben, sy die muter
1101 901 1931 969 aber umb das ein khommen erzaget habe wo aber
1104 949 1952 1014 inkhommen vnnd dißmalen sye, möge er nit wüßen
1040 982 1949 1065 Demnach habe ein Wallißer, deßen namen ime unbewenßt
1078 1028 1948 1109 zu Schwartzerburg im schmidts Heinrichen soycher
1091 1069 1965 1148 fleish, ein kas, den erselbs inn henden ghan, vnnd ein
1092 1121 1765 1201 hemsodt genomen und er imme darzu gewachet
1059 1163 1949 1237 Denne so habe er etwan böüm geschütlet unnd das
1092 1208 1706 1274 obs genommen zeäßen unnd wythers nit
1092 1246 1940 1341 So habe zu Schwartzenburg sie dirf ruff wecker
1089 1307 1430 1367 ein haffen endtwendt
1089 1318 1964 1421 Itemthabe sy zu Mängistorff eide yßene kettin unnd zu
1100 1392 1970 1456 Muleren sein yßenen weggen gesthollen er aber von dem
1095 1421 1962 1490 einen vnnd anderen nit gewußt biß man allwegen
1088 1464 1820 1540 die sachen hinder tra funden und fras abgeiagt
1068 1507 1950 1584 zu Schwartze burg habe er selbe vor einem jar uß
1091 1554 1955 1613 junger und Mangel Jacob Rorbachen dem Pfister umb
1089 1607 1976 1664 zwen batzen wyßbrot entwendt, als er es aber nach
1100 1637 1965 1711 malen demselben bekhenndt, habe er imme sölliches
1095 1681 1254 1740 verzigen.
1100 1717 1952 1797 Item Bartlome trogen uß einem keinen ein wurft vo
1092 1770 2004 1852 deß schrybers sandts sehigen sohn imme gezeigt entwerdt
1098 1817 1712 1887 auch derselbig glychfhals eine genommen.
1083 1849 1997 1935 Im großen schneit ob Riedtburg habe sie dien einen kar
1106 1914 1962 1987 zann, ien sy entfr�modet, iue im sacke gestoßen der
1061 1955 1944 2031 selbig aber sie imme hernach widerrumb gekommen
1095 2003 1234 2060 worden.
1083 2035 1956 2142 zu Oberwangenn habe er an einem ort uß anwysung
1098 2104 1949 2169 seer dirnen zwo handt vollen saltz veruntrüwet.
1070 2136 1979 2221 sy thun oben gemelte sie dien sein khüseile entfrömb
1109 2196 1155 2240 det
1106 2231 1956 2340 Item er unnd sie dien zu Thun im fryen hoff ein
1091 2290 1356 2372 glaße genommet.
1097 2326 1998 2435 demne habe mehr gemelte sin dirn zu Oberriedt einem
1101 2392 2005 2483 Metzger Bartlome Sohl genampt, als der truncken
1099 2433 2001 2533 gsin, vnnd einem thenn geschlaffen, vierdthalbe Croren
1109 2479 2011 2577 genommen, dieselbigen aber Ja widerumb abgeragt
1111 2522 1244 2585 worden.
