4000 3000
70 21 202 100 247
215 38 1051 232 Wollhung zu zange, Vnndt ire Steinen
215 129 1072 317 eben so lieb vnndt angueg gseh, als ihmme, Soffen
220 190 1014 348 br ses, das er syoe einicher zustallten naht
183 253 1038 416 etngt Vndt seygweltigst Enden so zer
151 314 1062 495 Weingesteg nit geschriwen haben, Welche
208 389 1061 553 Phäter aber .wie zu glich der fenngen
227 457 1006 603 er sihro hieuer beraungen Imme leydt sie
935 509 970 559 3
222 532 1025 693 begären deßwegen gnedige n zgsungen
200 641 1057 784 Als abls Haruff rong solcher Iter beiter
248 712 1050 846 widerwertigung bekofentnus wegens zu ei
231 777 1065 915 kehunnedigung der Wahrheit sy beyder sitze
222 858 1063 973 gegeng ein annderen er hallten unndt einunder
170 911 1055 1029 lauffs der satzeng gichtig kendt anerd Ie¬
218 973 1044 1094 Amarcheng vermannt wordun, hate er zum
230 1045 1059 1162 berger Vnnder mnnderen Vermelde, Vndt
230 1114 1027 1239 nntzeißt, als er sye Elßbehie un den
231 1190 1060 1312 wegn sitzung fünndag, er syn gefragt habe,
239 1250 1056 1381 ob sy uutzeng Wolle s Vnndt sy HaruPf
235 1320 846 1446 hlinnder Ine gesesßen sye
238 1409 1046 1543 Ebett als sy Juiil vorgehallten,
206 1504 1062 1621 Das er syoo zim gehleng wardt deßjenigen
198 1553 1068 1660 Knabeng, so by Inme gsich, zu nehr gedacht
230 1626 1065 1729 shanndt gezwunngen, vnndt bwylgn der be¬
213 1692 1042 1799 willigunng solchen that degselben knoben
224 1759 1064 1870 geheyßenn mit dem Roß Pork risten, welcher
188 1826 1063 1929 doch alles sameg gesehzung, er Ira antersin
224 1893 1028 2017 geandtwortet, weer wann den Also
199 1963 1043 2069 Wie sy fürgebeng, Warumb sy daly nit
770 2033 814 2094 5
206 2029 1037 2144 geschrucfteng haben, das nun aber gar nit
231 2124 564 2238 bescheheng hie
238 2191 1080 2355 6 glych wol uff monntag den 15 tebri.
223 2297 1070 2434 Jarii 1 16 ing gegeng wrürtigkeit borge-
209 2360 1067 2479 melten Hrr vnndt Cristo ffel. Grebels
189 2428 1057 2559 der burgereng gedachte beydr personen gan¬
189 2481 1048 2625 Markeli geführt, udda confrontiert
218 2560 1077 2683 unndt erstlichen die frauwrig mal li
938 2615 1079 2713 get
1891 29 2002 81 243
1142 36 1996 182 In Dmnach mit den Klein ser stein Jag
1149 131 2012 239 by wäsung deß knns Volgemnths abser auch der
1143 180 2009 298 mey der frauwen unnder angeng ebers maßen
1130 244 2027 384 f zegte vnndt geuertent worden Sohat
1127 314 2031 445 das solliches ang den einen vnndt annderenn
1150 378 2003 512 mehr nit gewurckt, dann das die Brauw
1134 448 1994 597 Vfß eer annklagt der mitz abber Vff
1162 523 2028 635 sineig vmeinig deß not zwanngs halbenn
1161 581 2027 718 suff vndt Schwelich se blben, Vnd knme
1147 651 1981 781 Won sier neinung do wenigisei nit stahn
1164 734 2032 868 willen, sonnderun Vndertheiyll sy fuegt
1163 798 2004 932 warhafft sy an der mertes ef Zallteng
1165 861 1569 985 Vnndt bestettiget.
1216 983 1255 1055 5
1132 1014 2017 1154 undt isf seyteg den 1 hebruari
1160 1107 2016 1220 15 17 jars uff eine cepsi unndt abtragn
1182 1180 2000 1301 Istems beyder ychsledig gelaßßen
1161 1238 1425 1345 wordeng.
1198 1410 1994 1527 Hans Jacob Burman
1293 1507 1836 1603 Ise dem Cempt Dentzburg.
1596 1559 1802 1624 1116 1
1152 1624 2049 1681 Als uff frytag den 20. februarii 1617 jars
1185 1667 1979 1736 durch den ehereruesten hr Jacob Thilliere
1173 1712 1959 1798 deß Rhats Hanns Jacob Buwman von
1184 1769 1997 1856 Däntzikenn der landtvogty Lentzburg bürtig
1175 1820 1997 1878 warumb und was gstalten, ei de ime erzeigte
1196 1867 2033 1956 onder gnad sines zwar verwürckter, Imme aber
1173 1918 2019 1997 geschenckten abers, durch gethanen abtritt uß
1191 1966 2048 2056 dem gemeinen werck so träffenlichen vbersechen
1172 2019 2038 2098 wer ime sine band abthrn geholffen und was
1185 2066 2015 2152 er sittheo begangen, in der mannenkeffi alhie
1175 2115 2002 2211 mit worten exarymert und bekagt, ist dunh
1175 2166 1805 2247 ine bekhenndt worden, wie volget
1167 2213 2009 2311 Namlichen als vor etwas zyt das gemeine
1172 2275 2033 2363 werck by dem Ziegelhoff alhie gearbeitet, wie en
1181 2321 2009 2403 domalen vmb das abendtbrot In die sttatt
1175 2373 2054 2458 by der woscherin ein wyßhembdt Creuerenter
1162 2421 2058 2518 Iemelden) Zereichen gangen vnd als er widerumb
1181 2472 2057 2572 uß der statt khommen, habe Hne Jacob Spreg
1185 2522 2060 2614 br der frouos underwegen antroffen und zu zun
1170 2572 2057 2658 gesagt, er sölle sich widerumb an das werck ver-
1169 2613 2040 2729 sügenn. Nach dem aber fur dom alen sen wyb
