4000 3000
113 84 208 166 26.
226 129 1064 268 gsin nihleyen bladen unnd trunken gsein, könne
237 215 1062 335 ach auf mher eigentlich erfunerenn, ob er sey vmbl
227 272 743 383 tho angsprochenn habe, oder nitt
206 395 1056 516 befrag ob er nit zu frouw nnden einer ge
212 471 1027 565 wüßen wittfruw die ehe zu Vnderschidenlichenn
233 522 998 624 malenn angemuttett vnnd Ira furgeben, er¬
995 558 1064 631 B.
234 581 1053 686 vidt deyenn Monabeno dadar vin willling. hatt
237 646 1041 733 or zu answordt erfolgenn laßenn, Was der Zein
223 703 1044 817 burger vonn Robuw, by dem er Johmal (als sie
222 764 1038 880 diß verlopenn habenn sol) Znacht geßen, hie¬
237 819 1026 927 rumb zugets habe doselbenn well er bekantlich
246 889 1037 998 ynn, Jan, stitenmal er dozmal glycher maßen
234 950 1053 1062 sich mit dem Frunck vbernommen ghan, so stie
239 1017 1062 1110 es Ihm nit nihte grundtlich vnn wußen, ob ersich
240 1075 1046 1191 fur ein willling lßgeben, vnd die seiner Weit¬
239 1145 897 1245 frouw vmb die ehe angsprochen habe,
206 1239 1029 1378 Endtlichenn, do man ihn gfiagt, ob er nit zu
246 1336 1023 1434 Frouw zum Ochsen ein Vmbschweiffende firnen
239 1392 1038 1494 fur dey Tag gesiort, vnd fundtsame mit fra¬
245 1450 1049 1551 ghann habe. Ihem ob er sy nit syn basen ge
249 1502 1043 1606 namstolt, vnd ob er nit mit Ihre gemuttwilleg
248 1565 1041 1663 habe. Hatt er zu bscheid geben, Er habe fur sey den
240 1624 1031 1723 Wirth zalt, das sye aber darum bschechen, das sy
240 1690 1050 1784 keingelt ghan: Iem er habe sy syn basene
242 1747 1052 1859 gnansett, Das er sy aber beschlaffen, das sye nih
245 1807 1056 1912 aber sy hab Ihm wol sölches angmuttett, doch I
249 1874 1022 1984 er dra darfun nit will fharenn wollenn.
227 2001 1035 2128 wondriges tags hatt Forneret sich gegen ir
234 2087 1035 2190 das nadh Inn gesebnem Rhatt durch ein schriffliche
227 2139 744 2236 supplication erluttereth Namlich
235 2199 1028 2306 Belangend die wiltfrouw vonn frouw ye e
228 2251 1053 2341 gichtig, vnnd bekantlich alles doßonn so die find
242 2323 711 2428 haffenn, harum zugedt habind.
204 2358 1047 2509 Dannethin antroffend s. Aitzius Vallers so vber¬
222 2456 1051 2566 laßne ye rraured deßen, was dieselbige anzeis,
221 2511 999 2627 Vnnd Vermeldett habe bey Ihren gutten thruwen
216 2585 1056 2693 Hatt sich aber alse entschuldiret, das er beide mal sye mit
224 2648 1056 2764 wynn bladen gsin und also nich wol gwüßt habe, was
1994 35 2088 111 27
1223 91 2047 271 erphitht darum enltan ihr G nach vmb
1226 150 2116 317 vertychung pette vnd das y Ihme welling gnädig
1226 227 2109 367 unnd berinheechzig sönn und fir sibentzig färine
1224 292 2125 416 mutter den kleine find, unnd im ehrende frundt
1239 372 1782 494 chafft g zu gmütt füren etc.
1256 407 2096 587 f wolliche sin befanteges nin ds lb sule
1240 484 2074 623 unnd shatt Ise Statt 10 fl 23 l Ano 1013
1214 546 2106 676 gekentt hand, Siewyl konneret Vermalen hie
1235 613 2081 729 am Ehörgri cht sich erlutherett das, wan es sich
1216 663 2122 793 gefinde, das er zu frouw etwas Buerbars begangen
1233 733 2110 864 in zu handen ve armen allhie ein Chutend fropen
1229 786 2135 948 geben, vnd Ihnen dahelb verehren wolle, So sölle
1227 849 2082 1002 er deßwegen (wyl er oberlütterten Chälers
1231 917 2117 1056 bekentlich It) sölliche 1000 F. namlich
1214 993 2113 1126 Jede p 25 bot grechnet erlegen, nam also
1233 1066 2095 1207 Vnd dergstalt, das 000 f. Jr. Iesel. vnnd
1243 1144 2112 1279 die Vbeigen 100 E. Iem Obegr Spittal
1248 1214 2127 1328 enbuchtett werdenn stöllind. Und sie wyl er hie
1245 1284 2129 1407 zu Bern grad so ein großen shälen begangenn
1236 1355 2085 1444 als der obbemelte Chälen E. So sölle er
1229 1405 2106 1528 dem E. tutscher Seefelmeister zu handen der Schalt¬
1217 1485 2108 1584 Ben aich ein Shusend Fronen oberlutten ver
1232 1551 2148 1662 wärung abrichtenn, neben abtrag alles sunenthalb
1236 1623 2143 1732 Vffgeluffnen Ertens, sölle auch den h. Eherrich
1232 1685 2121 1793 teren für de gehepfe müy 2 lb zalren
1242 1752 2128 1843 Vnnd fölle nit lß banden gelaßen werdenn, ee
1232 1821 2124 1917 habe dan zu bordorst an ey dts thals globt, vnnd
1247 1894 2149 2015 versprochgnn das er nit von der Statf wychen
1232 1952 2137 2074 oder weisen wolle, er haben dan vor vnd ehr, wolbe¬
1237 2021 2104 2149 meltem h. Seckelmeister die 1000 fl. dtem
1245 2094 2154 2227 den beiden hr obervögten der Insel, vnd deß Oberen
1234 2170 2172 2311 Seitlals allhie die Vbeigon 1000 F. pger bezalhn
1230 2238 2101 2361 oder sy hierim Jorgstalt Benschowt, das sy ann
1230 2298 2160 2436 Ihm kommen mögen, Item er habe dan auch an eydts
1237 2368 2152 2508 hatt globt, dise gefangen stafft an niemand zurech
1222 2449 2124 2594 In feinerley wyß noch wag. Wan er dise glübdt alß
1232 2517 2101 2644 erstaltett haben widt, sol er ledig glaßen worden.
1234 2579 2173 2756 Vf obbemalhen 13. Aug. 163 hatte Iem E. da
1220 2670 2126 2807 Weybel an eydes shatt globe und ir shand zusprochen
1235 2720 2147 2867 semliches wie nach stobelickeres zeleisten. Siemff
1216 2777 1654 2896 It er ußgloßenn worden.
