4000 3000
77 27 182 95 34.
298 234 1060 408 irich muuller
224 442 1058 602 dars und tags, ouch da bywäson nocht
234 545 1061 649 oblugt ist auch Uli Müller von Nycer Bp
237 605 1041 699 gezigte Diebstäl befragt worden, den hatt aber
249 654 1047 751 anders nitt bekennen wollen dan das alpbe byd
229 707 1041 819 deh gech d endeenget zu i hihehen e belen
236 772 1057 902 hrs i gsellen oder befen krach sgunde
237 831 1053 972 drßt haft er auch vermeldet wie dr olbemelte
235 914 1055 1019 Datuel Mottsch In gefagts Lysen garten, E gste
229 968 1064 1070 Dat erdan ein Penster miht einem ß ein geöffen
250 1027 1050 1138 Vnd I zie schub hinzungestigen, vnd dem huiß
261 1082 1055 1185 man es einem frog ein güedel und 20 ell
259 1147 1056 1248 sy din schn�r ens frömbdoll derselbig motth
250 1205 1058 1310 hab ouch einem bättlorman by 6 batz oegefan,
244 1263 1053 1367 sich gwonden, Vnd Ihme Müller darvon ein be
259 1324 1058 1435 geschoncktt, den er gedachts Eyßen frouw zu
264 1395 624 1509 ghalten gebon.
267 1446 1067 1595 off 2 detemb 1615 d disen 1
268 1546 984 1657 uff ein starck censur ledig glafenn worden.
243 1947 1000 2083 Duidli walh.
237 2174 1062 2322 ff 29. octb. 1017. Ib durd hl
231 2280 1066 2395 worden, fürsichtigen wysenn heerern samit
250 2353 1059 2453 holtzer, deß Rhatts vnnd dalbid von Büron
263 2420 1068 2530 Großweybel, Baobli Shälte vonn Jüron.
240 2470 1076 2592 rott vber gezigte diebstal Vnn der wyberkeh
241 2534 1073 2683 examinidet worden. Die hatt aber anders nütt
1049 579 1193 682 2li
1070 666 1147 730 eiß
1955 16 2046 80 35.
1202 117 2091 267 bekonnen wollenn, dan I sey vor eswas sagenn
1206 210 2064 319 Hans Jacob Sprigmeyer Iom schnyder ein paar
1183 257 2075 410 strumpff entfrombdenn wollenn, Jacob sey
1200 320 2088 448 aber ergriffenn worden. Diß habe sy ha aber uß
1206 379 2057 512 ermutt unnd malegel getzen. Da sy aber
1206 455 2080 573 einiche stifelfhäl hie vor dem Rfen gnommen
1202 516 2085 663 das sie nitt sonder ein andere frouw hab e
1201 592 2068 748 gethane, So sie es ouch vonn der wachrit
1197 667 2085 797 herr, das sey einiche schu Ruch, oder anders ver¬
1190 706 2094 868 Unfinwett habe. Im bbeigern hatt sy ber
1215 787 2052 916 meldett de ehrman Hans Poter genamptt
1215 855 2090 1000 habe sey stätts gar auch ghalten, Vnd als sey
1203 937 2067 1060 einest nit habe mit Ihm hie nhin wollen
1223 1005 2106 1143 hab er ihra mit sinem fägenn das haupt übel
1214 1124 1498 1220 zerschlagenn.
1213 1169 2046 1318 hatt anders nütt verführen welleen.
1209 1255 2080 1390 Dise Ist uff 3 Novembr 1613 leig glaßenn worden.
1124 1558 2138 1714 hhmins moneri
1198 1817 2117 1926 f jagr Bnnd tag ouch da bywä¬
1223 1910 2080 2010 Iet obstatt Ist ouch Wittalm dieleich bbonn
1232 1978 2145 2086 Bangenn vber gezigte Jiebstäb Inn der Man¬
1234 2047 2119 2140 nonkefi befragt worden. Der hatt aber annders
1235 2110 2140 2218 nütt bekennenn wellen, dan das vor etwas syb
1236 2178 2126 2292 zwon Knochtenn, die er ach anderst konne, dan das
1209 2247 2127 2366 der ein Hans heiße, Ihne gefangnen Ins Mo¬
1205 2306 2131 2448 wahals stall gfürkt, alle sy ein fröglin gnommen.
1233 2384 2134 2514 vnd Inßelbig Inn sin stall gefragen. Eß wellichem
1226 2448 2110 2578 sey fragen, heiich vnnd anderen zug gnomenn
1239 2516 2137 2635 so inen gefellig gsin, das ubrig habind sey li
1218 2593 2107 2703 steinligen. Und habind hernach das Vögtin
