4000 3000
57 46 140 103 150
178 29 879 178 erhalten, Sy aber zuuor kindehes zu
179 110 921 234 wrten im der ehen khommen, sich mit 10hn
927 151 975 209 el
176 160 959 312 man dem alten vligenn vont zulleigen, de si
176 207 923 328 unnd vrfüschheit der gestalten thätlich vere
176 253 890 360 das sy vor derselbigen schwanger worden.
886 299 940 349 3
188 300 906 398 volgende das shindt dem eheman zugestellt
185 347 897 465 metel aber solcher faltschen hengebung des
179 399 934 515 wider Görtliche metschliche vnnd natur lich
167 441 822 532 gesatz uch höchst vers�ndiget, ist
191 496 931 605 uff stumbftag den 118. novembris 162
180 545 944 649 von angeregter ohrer begangenen schandt th
174 593 957 706 land betrage wegen, da selbe zuwolte die
175 635 936 732 straaff, menschlichem aber dann zu einer
173 682 944 782 schinbaren exempel vnnd abschreckung von de
169 732 955 836 glychen vnnd anderen thälerete vnnd Vnthaten
189 781 942 880 ein stundt lang an das halßyßen gestelt zu
189 828 956 938 werden erkhendt, vnnd sölliche vrthryll an ih
189 884 699 957 albereit erstattet worden.
558 952 651 1040 Der
236 1012 857 1121 Mnn-Weyer von
319 1084 892 1189 Regenstorff Zürichgebiets
98 1167 975 1285 Als s shichans Sinner chorschwyber byde
201 1239 959 1331 dann dißere Anna Meyer ein byt lang gedre
203 1285 960 1368 sich erklaagt, das sy im werendem dienst zmm unde
210 1332 981 1422 schidenliche sachen als ein silberin kätteli ein silben
195 1385 949 1465 bestecke müßer unnd ein Flein khinden geschmelten
197 1438 966 1512 veruntrüwet unnd er sölliche hinder zra funden
191 1489 988 1562 habe Ab sy haruff vff dißes anbringere gesentlich
188 1531 975 1605 Inn die mannentefi ingezorene unnd volgendts
201 1577 957 1666 durch sein Großweybel Ficher angeregter drs
203 1630 963 1709 stälen halb unnd was hya zu derselben oder ver
197 1677 963 1767 bringung dero bewegt unnd verursachet, nit
192 1735 970 1801 worten exammert. da sy zwar aller ertliche
193 1781 971 1864 keins wegs vernemmen khörnen, sonders angeregt
203 1826 966 1912 wider ja geklagten unnd tra fürgehaltene
191 1880 952 1968 articlen gutwillig anred unnd giechtig worden.
181 1925 971 2014 hieneben aber vermëldet, sy ichs unwut und wide
183 1968 949 2056 willen, vnnd das Ihn herr ger mehrmalte onn
185 2015 953 2107 ursach und unschuldiger wüsch ein huren geheyßen
185 2057 982 2147 unnd keiner anderen ursach, auch nit umb derwilen
881 2125 950 2176 sich
195 2122 885 2200 das sy solche stuck begert habe zu behalten
198 2156 975 2247 wyt vergeßen habe, weliches aber traleydt
176 2203 956 2292 sye. nach den nun dißere ihre bekhandtnuß ihr
178 2245 971 2345 zu dem man sonfter nützit arges von ihra gewißn
174 2292 940 2386 ihr g fürbracht worden unnd dieselbig, das
173 2341 983 2448 Aenna by den vierzechen tagen zngelegen, vnnd Im
181 2396 961 2492 ein krankheit gerahten, zebedencken gthürt unnd
170 2423 971 2530 darby betrachtet, irem hin das jeinig widerumg
156 2488 965 2584 ingehendigt worden ist sr uff sambstag den 18.
158 2530 964 2614 Novembris 1615 jart mit einer cnrur und v
155 2568 965 2669 manung sich nun mehr ehrlich unnd redlich zehalten
162 2609 971 2718 und alhie mit mehr finden ze laßen, ledig erkhent und
167 2682 485 2761 gelaßen worden
1809 33 1905 88 151
1080 105 1672 272 danns seckt
1172 200 1619 322 Ns münsterschall
1042 271 1939 420 Hsdanmn Hans Weckh, bürtig vß Munster
1051 338 1895 470 ihel, so sonsten son lebtag by s bredicht
1055 397 1886 519 Wecken sinem Vettern geweßen, einer Inn ver¬
1064 446 1890 563 schinem wieter von einer gewüßen frouwen
1058 500 1934 620 von Murten an offenem rechten wider inne
1057 552 1888 686 geh�rten klagt, als das dieselbig imme hren
1033 606 1894 724 angebürenden theyll an einem gewüßen erbgut
1074 658 1886 755 umb s0l verkhaufft, umb welches ummah
1067 707 1940 818 sich gegen ira verschriben, unnd als das zill der
1062 758 1936 865 bezahlung vorhanden gsin, er sich zu der glöübig
1065 810 1915 911 trin verfügt unnd die handtgschrifft ußher ge-
1070 855 1926 953 norderet habe mit vermelden, er ya ußwyßer
1073 900 1923 1005 kind bezahlen wölle, er aber als zme solliche
1067 959 1919 1049 Im die handtkhommen selbige zerrißen hinge-
1079 994 1871 1090 worffen unnd Ja kein wytheren bescheidt
1071 1047 1934 1136 nehr darumb geben wöllen, bekhandtlich worden
1059 1093 1937 1204 hernach auch, als er vonn deßwegen inn gefangen,
1067 1144 1914 1243 schafft khomen vor den ehefreuueffen etc. 18
1064 1199 1876 1297 Jacob Thorman des Rhats und Burckhart
1071 1229 1925 1340 Fischern Großweybel als von jhr g zu zmme
1825 1327 1870 1360 n
1073 1302 1792 1382 verordneten 6 Examnatoribus anrei¬
1082 1352 1934 1445 mußen, das er erzelter maßen mit der Jengen
1076 1393 1868 1484 ro�wen, onne das weder dieselbig noch ihr
1074 1441 1895 1523 anwalt noch auch jemandt anders in an-
1080 1488 1871 1586 geregter ruption unnd zerry�ung (wie er
1080 1523 1928 1621 aber zuuor und anlencklichen fürgeben dörffen)
1088 1585 1918 1671 eewilliget habe, sye vmbgangen, daruß dann
1074 1624 1871 1735 hochgenandt ihr g wol abnem man mögen
1092 1680 1892 1763 wor gute frouw hiemit betriegen vnnd vmb
1096 1734 1880 1824 as zrig habe bringen wöllen. It imne
1088 1773 1944 1865 haruff zu wolverdienter doch gredigen ttraaff
1091 1821 1931 1913 von minen 6n den rhäter fünffzig pfunden
1076 1874 1875 1966 pfeningen vor siner ußlaßung sampt mit
1079 1918 1913 2021 Imme vffgelouffenen cosfer abbzerichten vnnd
1087 1972 1908 2076 ze bezahlen ufferlegt unnd zumr bynebent
1096 2018 1934 2121 alles ernts vorbehalten und hetter erlüteret
1084 2076 1902 2181 Im fhal man die minste klag mehr von jene
1099 2124 1907 2232 örn er den zmalen anne thernere gnad von
1083 2170 1893 2268 statt unnd landt verwißen werden sölle
1092 2230 1881 2323 keint uff söllichen bescheydt hin unnd erlag
1102 2285 1905 2363 angedüten buße unnd mit imme ergangenern
1103 2341 1916 2423 ottens mitwochen den 22. novembris
1096 2383 1955 2477 16 5jars uß unnd ledig gelaßen worden.
1090 2438 1967 2550 Er wie auch neben wider Irseehlung der frouwen
1097 2502 1937 2601 Ires erliberen coffens vnnd restitution, deßen
1103 2557 1946 2648 So er vff Imme vbergebene schuldt empfangen
