4000 3000
48 64 118 123 230
194 33 1034 188 welchen Emmenthaleren, dann der Lanndtshei
183 108 1027 250 mah Eschlimag auch einer syn welches er daß
191 164 1023 300 nit fürein gewüßheit sagten pänme nach durff
177 213 963 319 der gesagt habenn solle, er wölle den sydt
968 282 1026 344 auch
189 264 1030 388 ncte prastieren, Welliches alles by Imme ichen
192 318 1019 442 vnnd aanderen sölliche erzeigte shalstarrissih
176 375 1021 483 unngehorsamme unnd dadurch gegebne ergeßens
149 420 939 516 versachet habe. Da er aber nuh für syn versag
945 462 980 513 i
195 474 1024 584 wider eine hochen oberkeit hoch sicheng verpaßen
204 524 1020 629 vnnd vfält ze haben, wos erkenne vnndt wer
99 572 1020 693 kanne, Deßwegen daßelbig imme laßen hert
180 624 1025 734 lichen lassenn legdt I, vnd Hrmnft vmb geuige¬
180 685 1017 784 vvzychnung sölchen sines beyangnen fählers soishe
166 742 1010 842 auch darby anerbiefte sych Ing das kürfft¬
170 795 1022 905 Den Oberkeitlichen Manthoaten vnnd befelch mit
188 853 1025 951 beßangehorsamme weder aber biß her nit be-
213 908 1035 1022 ehecheyze unnderwerfefen, dem imme angemutt
197 972 1017 1062 teg sydt ung mehr gut willig an zenemmen, vnndt
191 1021 976 1111 andere, so sich darwider setzung mochtent, zu
192 1076 1017 1192 leüstung iren schuldigen pelichtens mit ernnst
172 1148 453 1219 S vermanen.
183 1211 1047 1332 obl. Das er von einicher Verstamtauenset
178 1295 1010 1391 Zwüschen denen Vong Segris wyl unnd frey den
201 1347 1026 1441 Steffisourgerin halten unnd zu widersetzligh
190 1403 1043 1505 keit disen sydt ze thug gereicheng möchte, nützit
199 1467 520 1568 wüßen welleng.
142 1555 1044 1694 Tags vund Jars vor Tasp Huurt
196 1625 974 1733 wol ermelte hrr Hannß Baurg, auch vom
167 1670 1035 1791 Steffispurg umb glycher sticheng willen zu worten
173 1753 1032 1856 gestoßen worden. Der hat nun heruff sich vol¬
158 1823 657 1940 genider maßegen ustericheig.
171 1856 1019 1996 Er könne zerar nit Vernemen, sonnders müße
180 1943 1004 2048 bekennen, das er auch Ing derey Jaabyewelche
156 1986 1012 2107 Dem hr. schultheißeng ing leystung angenut,
181 2043 1010 2161 steten bydts nit gehoramme geleistet, sonnders
183 2103 1017 2219 widerspänig sich erzeigt, die sach aber sye an sich
187 2173 1017 2282 selbs also beschaffeng, das nach dem die gemeindt
169 2229 1008 2351 uß beuelch deß gtr schultheißen berichtet
172 2284 1038 2404 worden uff welchem tag der selbig die culdigug
162 2347 1020 2458 verichten wöllen, etliche uß der gemeindt imme
168 2393 1023 2531 Domutz ufferlegt habendt, Im fahl wolge.
144 2470 1035 2603 dachter h ß schultheiß den sydt vom punge
152 2513 1038 2633 unnd alteg vorderen wurde, er denn tzmaben fürhi
179 2587 1016 2722 stag unnd imme Herren schultheißeng annamest
901 2658 999 2713 einer
1842 23 1962 75 e251.
1122 15 1929 156 muer gantzegse samblung beiten sölle, er ehne
1120 82 1916 215 mit ein anderen zu vorderst zu beseneken
1107 135 1967 269 v Sebnnnck leßen vnnd sunstg sy b alten beichen
1130 186 1994 298 ds gwonnheiten  blyben laßeng wöllen velliches
1141 235 1958 343 ug also verrichtet als aber herauff den herten
1109 320 1143 371 er
1071 290 1994 427 sschulteiß gesprochen, das welches den sydt nit
1098 345 1955 483 zu wöhle, der selbig higeß gehn sölle, gennt
1083 397 1956 534 darberfrung vil ußgetrefffen, etlichen aberg
1105 456 1968 589 labus unnd von Thngerißerd unordung wegen
1159 524 1974 637 sach ungestellt worden. Welliche sih zanggen
1100 588 1160 652 Die
1103 583 1968 704 vnß vberigen Staffsspurgerin erzeigte vnnge¬
1099 628 1956 774 Husamme aber unnd vrsacheng der selbeng ein shig
1100 695 1965 809 Dm har fließinntdas unnderschidenliche versonen
1116 753 1941 895 szzu derselbeng anngewisen unnd den ihnen
1128 805 1971 921 erenutteteg sydt nit ze schug geheißen, dann
1117 859 1976 1011 beslichen so habe michel anntan uff den guch
1117 922 1964 1078 Halterberg eins mals gefragt, ob sy die Staphis
1126 984 1986 1122 burger den sydt gethan oder thun wöllennt, vnndt
1118 1044 1965 1179 dar by gesprochen, man habe fung den Soldt
1128 1112 1980 1220 noch nit zu gemuttet, wo es aber beschechen solte
1125 1172 1944 1293 Wurdees Latz thuge Dennes habe einer vonn
1135 1227 1985 1349 zugorff, den er nit kenne, zun Wyßen kant
1134 1290 1977 1394 alhie, der man dann ebrg disen sachenn halben
1123 1343 1968 1476 zu red wordeng unnder anderen gesagt, das im
1121 1405 1947 1498 der statt Burgdorff noch niemandt, weder
1121 1460 1970 1597 jung noch alt eng solche eydtspflicht sye uff
1124 1528 1985 1645 genommen worden. So syemit donnethig etliche vo
1104 1583 1974 1698 Higriswyl zu nen herab gan Stephis spurg
1144 1635 1974 1745 kommen, welche inen vermeldet, wie das
1142 1689 1995 1810 Disen sydt zr schug keines wegs gesimet unnd
1146 1756 1985 1859 von thnen ob Staphisbürger eines glychen
1153 1808 2004 1933 edacht unnd eint schlo sey unnd sich zu sueg zu
1140 1868 1968 2006 schlachen vor gabenns vertag wöllen, darüber
1140 1925 2013 2058 aber sy Inen durch einen, alleig von deßwegen
1141 1983 1998 2129 obgefertigung botften zu Andtwort werden
1136 2052 1984 2193 läßen, Es mögimt sy die Signiswyler ang
1129 2115 1995 2245 disem fahl thun oder laßen, was jneg beliebe,
1121 2169 2022 2312 dm sy sich deßelbigen, vnnd eron sacheg mutgite
1148 2241 2043 2363 anemen noch beladen willint, im betrachtung
1141 2309 2039 2446 das so für ire versonen von einer g Oberkert
1145 2375 2016 2520 vnstig gnngsig zu versprchen habinte dise
1133 2441 2019 2562 Pfeyungen alle hobindt bydemme vnnd vlrigen
1139 2509 2021 2633 so vil zu wegig gebracht, das sy ihnen vorer
1142 2571 2045 2692 zelte uenngehorsamme unnd vgüßlichkeit gerachteg
1902 2644 2053 2734 welches
