4000 3000
87 53 150 122 80
129 101 957 221 Betragt worden, wohar sy den blanen
164 160 962 276 Mosen, so sy under dem linggenong hat
166 218 950 337 oberkomen habe, hat zu Antwore
172 283 963 391 geben erstlichen wie das sy gesagten
148 334 952 459 mosen mit rnuff die wellt gebracht,
130 387 953 533 Darnach hat sy vermeldet sy habe si
173 449 945 552 an einstangen an einem farren
172 510 947 640 gestoßen, dahar syg er fra enthpeu
158 577 956 727 hat sunst mit anders befkennen wellen
134 729 920 860 Ist erstlich Lar demnach mit den
169 796 875 899 eleitenstein ufzogen worden
252 941 797 1037 Larbara Bartman
418 1007 731 1074 von Bellmundt
170 1070 947 1173 uff zinstag den 30ten augusti 1614 jars wardt
191 1138 925 1210 Im sysyin der Eherenneften etc. Herren Samuel
195 1189 956 1261 Jenneis deß Rhats Hans Farschons der burgeren
209 1232 957 1304 vnd dami von Buren, Großeeybels dißere Bacb
197 1301 938 1357 Hartman gan Martzeli gethüff und alldas mit den
201 1326 717 1391 demeßen geexamimert vnnd gefeckt
187 1360 956 1430 Da sy aber doch anders unnd wythers nit bekhenndt
210 1414 971 1480 weder das es mit der genißt vorerlüterter gstalten
208 1454 960 1508 unnd nit anderst zugangenn allein das sy dem seinem
219 1501 969 1564 hinderen stüblen gen�ßen unnd neben der jungen wart
220 1535 956 1605 unnd hebammen vier sondere wyben gegenwertig gin
229 1574 977 1643 gendt, auch zwen manren das khindt begraben habtet
231 1686 932 1852 Nichueh her von Röchac
408 1828 705 1902 am Bodenee.
173 1928 965 2023 Diewyll dißer Michael Herr über inn vorgehendem
203 1999 1020 2074 blatte verzeichnete durch ime bekhandte dibstüll thei
208 2035 984 2120 theineren anred nach gestendig yn wöllen Ist er uß
216 2075 987 2162 Zeuelch mnner gnedigen Herren vnnd Oberer voff dorf
206 2134 966 2207 serima septembus 1614 tans in byweßen der
194 2167 962 2251 remen fürsichtigen etc. Herren Hans Mühlers der
197 2216 984 2292 Burgeren vnnd danid von Buren, Großweibells
194 2262 963 2338 Im der mannenteffi ledig gelaßen, hieneben aber uß
202 2297 980 2378 Ihr Gs landen vnnd gebietenn mit dem Eydt ver¬
194 2350 974 2437 wißenn unnd mana drom sin ehewyb bürtig vom
176 2397 960 2483 Biell, so von sinet wegenn auch eine zyt lang im
200 2450 963 2523 gfangenschafft gelegenn, derne nachzuzüchen unnd
203 2488 979 2582 nit im ihnen g landen umbher zu züchen vermandt
191 2532 337 2593 wordenn.
1838 25 1930 94 81
1118 100 1752 227 Anna Hephan von
1282 156 1709 251 München Büchsee.
1063 254 1904 398 uff donstag prima Septembris 161 jaru it
1096 300 1958 426 Aena ste han warhafft zu München buchter pronsten
1100 366 1929 466 uß Zürich gebret bürtig wegen verdachter Häpttig
1097 403 1916 510 als umb welichen willen sy dann gfencklich angenommen
1102 458 1934 547 unnd alhar überschickt wordenn, gan Martzili gethürt
1099 489 1970 593 unnd alda durch die ehereuuesten etc. Herren david kran
1094 541 1931 632 deß Rhats Feronimum Hußern der Burgeren unnd
1085 584 1941 680 dauid von Büren Großweybel, Irer sachen mit allem
1098 630 1937 721 ernst befagt unnd erstlicher lär, demnach mit dem
1100 677 1928 769 kleinen stein, vol gendt mit zweyen unnd zum gitter
1091 717 1939 802 mit digen steinen uffzogen wordenn, hat aber einichen
1103 760 1976 856 derglychen sachen im münsten nit beshandtlich, sonders
1103 811 1643 900 durch us unschuldig heim wöllen.
1099 868 1901 967 Wiewol dißer Anna Stephan uff sambtag den
1100 920 1952 1021 10 gemelten Septembris uss ihr gn ehetnetem beuelch
1113 981 1973 1071 ebermalen Martzili gethüit unnd allda im gegen.
1100 1024 1958 1110 wairt der eherenuesten tc. Herren dauid cemmans
1103 1077 1931 1142 deß Rhats Michael Ougwurgers der burgeren unnd
1106 1132 1961 1198 Cauiden von Büren, Großweibels vber gezigte vnnd
1102 1169 1938 1244 beklagte unthaten mit ernst unnd etwas freeger als
1107 1221 1984 1292 aber nechermalen beschechenn, geexaminiert vnnd gemacteret
1121 1256 1927 1322 wordenn. So hat sy von Irem harten vermeinen kheine
1113 1303 1976 1364 wegs tahn wönner onders  uff demselbigen styfl unnd
1116 1343 1937 1421 Vnbeweglich verblibenn, mit vermelden, das deß einen
1118 1385 1990 1460 vnd anderen halb Jra grot vnrecht widerthare vnnd uber
1124 1428 1957 1501 gscheche, bätte aber gott den allmechtigenn das er die
1132 1474 1930 1532 varheit an tag bringen unnd ein hoche oberkeit nun
1113 1517 1839 1581 mehr mit dra ein vernugen gnädig haben wölle
1106 1552 1924 1640 Ist zwey mal lär, demnach mit dem kleinffen stein
1119 1613 1917 1680 demne mit zweyen vnnd danethin mit digen keinen
1122 1650 1988 1713 uffzogen unnd nachstienge gemarteret worden. Ist nach-
1109 1688 1887 1760 e mit einer censuri widerumb ledig gelaßen worden
1218 1762 1755 1852 Barbara Hartman
1342 1839 1664 1915 von Bellmundt
1106 1913 1973 1998 emnach Ihr G. durch dero mitraht hin Dauid
1116 1983 1964 2058 Amman fürbracht, was maßen gemelte Barbli Hartman
1119 2023 1996 2104 penultimum augusti letst verschinen wegenn bewußten by sern
1119 2080 1997 2133 rich wiegsam erzëgeten unehelichen khindts (wie unnd an welchen
1122 2107 1949 2179 at sy deßen geneßen unnd wo sy mit demselbigen hinkhommen
1112 2145 1960 2213 zu Spartzeli mit dem ormyßen geferkt, aber anders nit, dam
1118 2181 1958 2260 was hienor durch sya erlüsteret worden, bekhennen wöllen
1118 2229 1991 2300 unnd nun nun gnedig herren durch einen rhatzedel beuolchem
1119 2274 1946 2327 ga wegenn den hartneckigkeit mit notwendiger marten
1127 2299 2009 2368 uexaminierenn,  sy hauff uff sambstag den 10. septembris
1128 2335 2018 2411 6 1 4 Jaco abermalen gan Mantzili gethürt unnd daselbter
1121 2369 1983 2429 in byweßen unnd anhören der eheren vteffen tc. Wyßen h
1115 2411 1998 2485 Samuel Tenners deß Rhats Abraham Brunnens der
1122 2458 2019 2507 kurgerenn unnd dariob von Büren Großweybels ihrer sacher
1131 2491 1907 2566 nit sonderem einst erfragt unnd nachm alen volgenden
1131 2536 1973 2608 atiglen theils vermithost der manter theils onne dieselbige
1122 2576 1983 2645 bekhandtlich, jedoch volgendts abred unnd widerumb erkichen
1141 2624 1740 2692 ischen unbestendiger wys gichtig worden.
