<?xml version="1.0" encoding="UTF-8" standalone="yes"?>
<PcGts xmlns="http://schema.primaresearch.org/PAGE/gts/pagecontent/2013-07-15" xmlns:xsi="http://www.w3.org/2001/XMLSchema-instance" xsi:schemaLocation="http://schema.primaresearch.org/PAGE/gts/pagecontent/2013-07-15 http://schema.primaresearch.org/PAGE/gts/pagecontent/2013-07-15/pagecontent.xsd">
    <Metadata>
        <Creator>prov=University of Rostock/Institute of Mathematics/CITlab|PLANET AI GmbH/Gundram Leifert/gundram.leifert@planet-ai.de:name=German_Kurrent_XVI-XVIII_M1(htr_id=19584)::::v=2.6.7
prov=University of Rostock/Institute of Mathematics/CITlab|PLANET AI GmbH/Tobias Gruening/tobias.gruening@planet-ai.de:name=de.uros.citlab.module.baseline2polygon.B2PSeamMultiOriented:v=2.6.7
prov=University of Rostock/Institute of Mathematics/CITlab|PLANET AI GmbH/Gundram Leifert/gundram.leifert@planet-ai.de:name=Turmbücher_StaBe_3_A.Funk(htr_id=27278)::::v=2.6.7
prov=University of Rostock/Institute of Mathematics/CITlab|PLANET AI GmbH/Tobias Gruening/tobias.gruening@planet-ai.de:name=de.uros.citlab.module.baseline2polygon.B2PSeamMultiOriented:v=2.6.7
prov=University of Rostock/Institute of Mathematics/CITlab|PLANET AI GmbH/Tobias Gruening/tobias.gruening@planet-ai.de:name=/net_tf/LA73_249_0mod360.pb:de.uros.citlab.segmentation.CITlab_LA_ML:v=2.6.6
Transkribus</Creator>
        <Created>2020-09-24T21:51:50.688+02:00</Created>
        <LastChange>2022-09-12T14:18:20.610+02:00</LastChange>
        <TranskribusMetadata docId="1334810" pageId="52359093" pageNr="85" tsid="114640809" status="IN_PROGRESS" userId="9570" imgUrl="https://files.transkribus.eu/Get?id=GTHESQOOIRRWPOBZAJHBJFSE&amp;fileType=view" xmlUrl="https://files.transkribus.eu/Get?id=ZOBDOQXZNCLHRDMCVOZTPCJS" imageId="15919449"/>
    </Metadata>
    <Page imageFilename="BIX460_162,163.jpg" imageWidth="4000" imageHeight="3000">
        <ReadingOrder>
            <OrderedGroup id="ro_1687513830332" caption="Regions reading order">
                <RegionRefIndexed index="0" regionRef="r1"/>
                <RegionRefIndexed index="1" regionRef="r2"/>
                <RegionRefIndexed index="2" regionRef="r3"/>
            </OrderedGroup>
        </ReadingOrder>
        <TextRegion orientation="0.0" id="r1" custom="readingOrder {index:0;}">
            <Coords points="42,10 42,161 114,161 114,10"/>
            <TextLine id="r1l1" custom="readingOrder {index:0;}">
                <Coords points="37,123 72,124 88,113 102,124 119,121 120,55 95,56 87,60 81,56 38,57"/>
                <Baseline points="42,110 78,110 114,111"/>
                <TextEquiv>
                    <Unicode>163</Unicode>
                </TextEquiv>
            </TextLine>
            <TextEquiv>
                <Unicode>163</Unicode>
            </TextEquiv>
        </TextRegion>
        <TextRegion orientation="0.0" id="r2" custom="readingOrder {index:1;}">
            <Coords points="132,103 132,2725 1010,2725 1010,103"/>
            <TextLine id="r2l1" custom="readingOrder {index:0;}">
                <Coords points="149,156 643,125 910,191 943,188 945,120 858,136 701,81 220,114 151,75"/>
                <Baseline points="155,137 194,135 233,134 272,132 311,129 350,129 389,126 429,125 468,123 507,123 546,123 585,123 624,125 663,126 703,130 742,134 781,139 820,146 859,153 898,163 938,174"/>
                <TextEquiv>
                    <Unicode>Danethin als er vor etwas abgewichener zys</Unicode>
                </TextEquiv>
            </TextLine>
            <TextLine id="r2l2" custom="readingOrder {index:1;} person {offset:16; length:13;}">
                <Coords points="176,199 673,169 934,226 935,186 687,133 605,158 529,127 479,158 412,138 379,159 177,160"/>
                <Baseline points="182,186 219,185 256,183 294,181 331,179 368,177 406,175 443,174 480,173 518,172 555,171 592,171 630,173 667,174 704,176 742,180 779,184 816,188 854,194 891,200 929,209"/>
                <TextEquiv>
                    <Unicode>unnd wochen inn Solans thelis wirts zu</Unicode>
                </TextEquiv>
            </TextLine>
            <TextLine id="r2l3" custom="readingOrder {index:2;} place {offset:0; length:6;}">
                <Coords points="176,247 327,238 353,262 494,222 702,232 976,299 938,230 761,190 667,204 626,173 562,208 510,180 474,208 366,185 178,199"/>
                <Baseline points="182,237 221,234 260,231 300,229 339,227 379,225 418,224 458,222 497,222 537,221 576,222 615,222 655,224 694,227 734,230 773,234 813,239 852,246 892,253 931,262 971,272"/>
                <TextEquiv>
                    <Unicode>Mülche huß einen trunck gethan unnd sich wliche</Unicode>
                </TextEquiv>
            </TextLine>
            <TextLine id="r2l4" custom="readingOrder {index:3;}">
                <Coords points="184,305 629,274 844,293 979,343 980,300 782,244 683,258 460,230 353,262 328,240 185,261"/>
                <Baseline points="189,288 228,284 267,282 306,279 346,277 385,275 424,273 463,272 503,270 542,270 581,270 620,272 660,273 699,275 738,277 777,281 817,285 856,291 895,297 934,304 974,312"/>
                <TextEquiv>
                    <Unicode>stalten dar mit übernommen, habe er sich hause</Unicode>
                </TextEquiv>
            </TextLine>
            <TextLine id="r2l5" custom="readingOrder {index:4;} person {offset:3; length:10;}">
                <Coords points="130,370 247,337 443,329 475,354 554,330 632,355 741,327 969,388 943,322 730,312 628,274 592,299 412,276 342,310 279,287 242,322 193,301 130,320"/>
                <Baseline points="135,344 176,341 217,338 259,335 300,332 342,329 383,326 424,324 466,321 507,320 549,318 590,318 631,320 673,321 714,324 756,327 797,331 838,338 880,345 921,355 963,365"/>
                <TextEquiv>
                    <Unicode>Im Hans Arnih daß anderen wits geseltet,</Unicode>
                </TextEquiv>
            </TextLine>
            <TextLine id="r2l6" custom="readingOrder {index:5;}">
                <Coords points="127,401 135,401 140,406 152,405 152,349 143,349 139,353 138,352 132,356 127,356"/>
                <Baseline points="132,380 147,380"/>
                <TextEquiv>
                    <Unicode></Unicode>
                </TextEquiv>
            </TextLine>
            <TextLine id="r2l7" custom="readingOrder {index:6;} person {offset:13; length:11;}">
                <Coords points="188,410 651,377 962,422 962,391 924,376 814,344 760,362 689,326 632,354 553,331 472,355 443,330 409,357 336,337 189,353"/>
                <Baseline points="194,390 232,387 270,384 308,381 346,379 384,376 422,375 460,373 498,371 536,371 575,371 613,371 651,372 689,373 727,375 765,379 803,384 841,389 879,396 917,403 956,413"/>
                <TextEquiv>
                    <Unicode>huß, da dann Hans Minder der elter mit</Unicode>
                </TextEquiv>
            </TextLine>
            <TextLine id="r2l8" custom="readingOrder {index:7;}">
                <Coords points="188,478 326,430 648,425 806,434 940,478 968,475 969,425 617,377 359,409 328,385 294,413 243,399 188,423"/>
                <Baseline points="194,444 232,441 270,437 309,433 347,430 386,428 424,425 463,422 501,420 540,419 578,419 616,419 655,420 693,422 732,425 770,428 809,433 847,438 886,446 924,454 963,464"/>
                <TextEquiv>
                    <Unicode>etlichen sinen nachburen vnd anderen Landtlichte</Unicode>
                </TextEquiv>
            </TextLine>
            <TextLine id="r2l9" custom="readingOrder {index:8;}">
                <Coords points="198,506 531,495 598,472 953,521 954,478 820,464 766,432 719,455 686,430 637,452 608,429 337,437 285,473 234,454 199,470"/>
                <Baseline points="204,494 241,491 278,489 315,486 352,483 390,482 427,479 464,477 501,476 538,474 576,473 613,473 650,473 687,474 724,476 762,480 799,483 836,487 873,493 910,501 948,509"/>
                <TextEquiv>
                    <Unicode>einen abendtrungk genößen, verlügt, alda ein</Unicode>
                </TextEquiv>
            </TextLine>
            <TextLine id="r2l10" custom="readingOrder {index:9;}">
                <Coords points="193,559 330,537 497,562 674,528 957,573 957,537 779,504 752,478 623,493 597,472 453,517 343,494 308,518 193,506"/>
                <Baseline points="198,545 235,543 273,540 310,538 348,536 386,533 423,532 461,529 499,528 536,527 574,525 612,525 649,526 687,527 725,529 762,531 800,535 838,539 875,544 913,552 951,560"/>
                <TextEquiv>
                    <Unicode>halb maß wyn geuorderet unnd als der wirt</Unicode>
                </TextEquiv>
            </TextLine>
            <TextLine id="r2l11" custom="readingOrder {index:10;}">
                <Coords points="180,625 305,590 370,612 550,579 969,627 969,592 900,556 762,567 665,530 408,568 330,538 181,571"/>
                <Baseline points="186,594 224,594 263,591 302,590 341,587 380,585 419,584 457,581 496,579 535,578 574,578 613,576 652,578 691,578 729,579 768,583 807,586 846,590 885,596 924,603 963,611"/>
                <TextEquiv>
                    <Unicode>Iinne selbige werden vnd zukhommen laßen, Soe</Unicode>
                </TextEquiv>
            </TextLine>
            <TextLine id="r2l12" custom="readingOrder {index:11;}">
                <Coords points="192,657 703,628 948,670 947,631 897,607 863,628 782,596 630,617 558,589 478,614 232,600 192,623"/>
                <Baseline points="198,647 235,645 272,643 309,640 346,639 384,636 421,635 458,632 495,630 532,630 570,629 607,629 644,629 681,629 718,630 756,632 793,635 830,638 867,644 904,648 942,654"/>
                <TextEquiv>
                    <Unicode>er damit zu einem tisch, an welichem zwen</Unicode>
                </TextEquiv>
            </TextLine>
            <TextLine id="r2l13" custom="readingOrder {index:12;}">
                <Coords points="193,710 444,689 597,712 630,687 759,686 952,719 952,674 799,647 193,657"/>
                <Baseline points="198,698 235,696 272,693 310,692 347,690 385,688 422,686 460,684 497,683 535,681 572,680 609,680 647,680 684,681 722,683 759,684 797,687 834,690 872,695 909,700 947,705"/>
                <TextEquiv>
                    <Unicode>Schiider gearbeitet, geseßen, alßbaldt mit</Unicode>
                </TextEquiv>
            </TextLine>
            <TextLine id="r2l14" custom="readingOrder {index:13;}">
                <Coords points="201,761 707,733 739,765 832,747 966,770 966,715 905,731 759,686 696,713 629,686 599,713 445,689 324,721 201,708"/>
                <Baseline points="206,747 243,745 281,743 319,742 356,740 394,738 432,737 469,735 507,732 545,732 583,731 620,731 658,731 696,732 733,733 771,735 809,738 846,742 884,745 922,751 960,758"/>
                <TextEquiv>
                    <Unicode>unnützen lychtfertigen worten ußgebrochen und</Unicode>
                </TextEquiv>
            </TextLine>
            <TextLine id="r2l15" custom="readingOrder {index:14;}">
                <Coords points="205,812 660,783 792,820 832,794 968,819 967,775 890,754 738,765 625,737 592,763 204,765"/>
                <Baseline points="210,800 247,798 285,795 322,792 360,790 398,788 435,786 473,783 510,782 548,780 586,779 623,779 661,779 698,779 736,780 774,783 811,786 849,788 886,793 924,797 962,804"/>
                <TextEquiv>
                    <Unicode>habe ihme mindern an eheren der gstaltenge</Unicode>
                </TextEquiv>
            </TextLine>
            <TextLine id="r2l16" custom="readingOrder {index:15;} person {offset:16; length:6;}">
                <Coords points="222,883 264,852 322,869 506,835 871,842 977,876 977,830 886,797 803,820 659,783 222,816"/>
                <Baseline points="227,849 264,846 301,843 338,841 375,838 413,835 450,833 487,831 524,830 561,828 599,827 636,827 673,827 710,828 747,828 785,831 822,834 859,836 896,840 933,845 971,851"/>
                <TextEquiv>
                    <Unicode>hinecht, das er Minder darab ein verdrus</Unicode>
                </TextEquiv>
            </TextLine>
            <TextLine id="r2l17" custom="readingOrder {index:16;}">
                <Coords points="212,912 349,918 497,886 963,907 963,881 901,854 866,875 746,835 696,862 466,840 383,870 293,851 263,879 212,877"/>
                <Baseline points="218,902 256,900 295,896 334,894 373,891 412,890 451,887 490,885 529,884 568,882 606,881 645,881 684,881 723,881 762,882 801,884 840,887 879,890 918,895 957,899"/>
                <TextEquiv>
                    <Unicode>empfangen, vnnd dem wirt beuolchen, Inne</Unicode>
                </TextEquiv>
            </TextLine>
            <TextLine id="r2l18" custom="readingOrder {index:17;} person {offset:0; length:13;}">
                <Coords points="205,972 329,956 387,981 467,941 583,977 632,944 724,942 761,975 812,954 930,987 1002,976 1002,944 910,900 854,927 675,889 627,914 592,895 550,929 472,900 444,925 399,901 332,929 297,899 204,913"/>
                <Baseline points="210,957 249,954 288,953 327,950 367,948 406,945 445,944 485,942 524,941 563,939 603,939 642,938 681,938 720,939 760,940 799,941 838,943 878,946 917,949 956,953 996,959"/>
                <TextEquiv>
                    <Unicode>Wasenmeistern von eherlichen lichten abzesindern</Unicode>
                </TextEquiv>
            </TextLine>
            <TextLine id="r2l19" custom="readingOrder {index:18;}">
                <Coords points="219,1017 629,996 677,1019 776,982 802,1006 971,1015 971,989 796,954 754,972 727,945 636,943 588,974 470,943 387,980 329,956 219,969"/>
                <Baseline points="224,1002 261,1001 298,999 335,998 372,996 409,995 446,993 483,993 520,992 557,990 594,989 631,989 668,989 705,989 742,989 779,990 816,992 853,994 890,997 927,1000 965,1005"/>
                <TextEquiv>
                    <Unicode>sund uß der stuben zeuerschipffen, dann einem</Unicode>
                </TextEquiv>
            </TextLine>
            <TextLine id="r2l20" custom="readingOrder {index:19;}">
                <Coords points="216,1069 595,1044 682,1074 781,1047 925,1055 958,1080 983,1025 818,1004 772,1028 741,1002 665,1019 628,996 505,1024 450,1001 376,1033 324,1010 215,1018"/>
                <Baseline points="221,1055 258,1053 296,1052 334,1050 372,1048 410,1047 447,1044 485,1044 523,1042 561,1041 599,1040 636,1040 674,1038 712,1040 750,1040 788,1041 825,1043 863,1044 901,1047 939,1051 977,1055"/>
                <TextEquiv>
                    <Unicode>sölchen mit gebüren wölle, sich zu eherlichen lëchte</Unicode>
                </TextEquiv>
            </TextLine>
            <TextLine id="r2l21" custom="readingOrder {index:20;}">
                <Coords points="201,1129 525,1100 987,1115 986,1073 898,1054 852,1077 589,1048 562,1074 416,1072 385,1048 341,1080 200,1067"/>
                <Baseline points="206,1112 244,1109 283,1106 322,1103 361,1101 399,1100 438,1097 477,1097 516,1095 554,1094 593,1092 632,1092 671,1092 709,1092 748,1092 787,1094 826,1095 864,1097 903,1099 942,1102 981,1104"/>
                <TextEquiv>
                    <Unicode>zegesellet, welches ehegedachter wirt zu mehr</Unicode>
                </TextEquiv>
            </TextLine>
            <TextLine id="r2l22" custom="readingOrder {index:21;} person {offset:29; length:6;}">
                <Coords points="225,1181 346,1159 385,1190 425,1161 723,1150 959,1168 976,1122 896,1136 860,1113 775,1107 743,1129 529,1103 323,1141 281,1118 224,1131"/>
                <Baseline points="230,1160 267,1158 304,1156 341,1154 378,1152 415,1151 452,1149 489,1148 526,1146 563,1146 600,1145 637,1145 674,1145 711,1145 748,1145 785,1146 822,1147 859,1148 896,1149 933,1151 971,1154"/>
                <TextEquiv>
                    <Unicode>malen erstattet unnd zwar er Martin etliche</Unicode>
                </TextEquiv>
            </TextLine>
            <TextLine id="r2l23" custom="readingOrder {index:22;}">
                <Coords points="225,1219 996,1215 996,1172 834,1158 756,1181 708,1152 561,1185 412,1163 385,1189 345,1161 225,1193"/>
                <Baseline points="231,1209 270,1208 310,1206 350,1204 390,1203 430,1202 470,1200 510,1199 550,1198 590,1197 630,1197 670,1196 710,1196 750,1196 790,1197 830,1197 870,1199 910,1200 950,1202 990,1203"/>
                <TextEquiv>
                    <Unicode>mal ußgeträtten, aber eden mals widerumb</Unicode>
                </TextEquiv>
            </TextLine>
            <TextLine id="r2l24" custom="readingOrder {index:23;}">
                <Coords points="216,1291 412,1255 959,1261 958,1227 909,1201 665,1228 550,1202 340,1213 303,1237 215,1222"/>
                <Baseline points="221,1253 257,1253 294,1251 330,1251 367,1250 404,1249 440,1248 477,1247 513,1247 550,1247 587,1245 623,1245 660,1244 696,1244 733,1244 770,1244 806,1244 843,1244 879,1245 916,1245 953,1247"/>
                <TextEquiv>
                    <Unicode>hieyn khommen unnd sin vor verübt wüßen</Unicode>
                </TextEquiv>
            </TextLine>
            <TextLine id="r2l25" custom="readingOrder {index:24;}">
                <Coords points="223,1328 672,1299 818,1318 850,1292 950,1309 949,1278 906,1253 847,1278 757,1247 663,1279 591,1255 508,1275 482,1254 456,1277 411,1256 222,1284"/>
                <Baseline points="228,1308 263,1307 299,1305 335,1304 371,1302 407,1301 442,1299 478,1298 514,1297 550,1296 586,1295 621,1295 657,1293 693,1293 729,1293 765,1293 800,1293 836,1293 872,1293 908,1293 944,1293"/>
                <TextEquiv>
                    <Unicode>er�feret. Das dann inne mindern der</Unicode>
                </TextEquiv>
            </TextLine>
            <TextLine id="r2l26" custom="readingOrder {index:25;}">
                <Coords points="217,1377 506,1358 577,1384 637,1350 978,1369 977,1308 916,1301 887,1325 776,1325 739,1301 662,1329 576,1305 510,1332 474,1304 410,1327 303,1312 217,1344"/>
                <Baseline points="222,1362 259,1359 297,1357 334,1355 372,1353 409,1352 447,1350 484,1349 522,1347 559,1347 597,1346 634,1346 672,1345 709,1344 747,1344 784,1344 822,1344 859,1344 897,1344 934,1344 972,1344"/>
                <TextEquiv>
                    <Unicode>maßen unnd so eher beschwachet, das er anzeigt,</Unicode>
                </TextEquiv>
            </TextLine>
            <TextLine id="r2l27" custom="readingOrder {index:26;} place {offset:11; length:14;}">
                <Coords points="219,1423 273,1438 571,1407 603,1428 671,1406 772,1428 838,1394 870,1414 972,1403 972,1381 806,1355 635,1388 602,1365 565,1383 449,1357 219,1391"/>
                <Baseline points="225,1412 262,1410 299,1408 336,1406 373,1406 410,1404 447,1403 484,1403 521,1402 558,1401 595,1401 632,1401 669,1401 706,1400 743,1400 780,1400 817,1400 854,1400 891,1398 928,1398 966,1398"/>
                <TextEquiv>
                    <Unicode>er habe zu frbuwenbrunnen gehört, das man</Unicode>
                </TextEquiv>
            </TextLine>
            <TextLine id="r2l28" custom="readingOrder {index:27;}">
                <Coords points="226,1480 386,1456 419,1476 450,1454 496,1476 815,1472 864,1449 962,1454 962,1429 886,1404 843,1427 705,1411 626,1435 569,1409 279,1444 225,1424"/>
                <Baseline points="231,1460 267,1458 303,1456 339,1454 376,1453 412,1452 448,1451 485,1449 521,1449 557,1449 594,1448 630,1448 666,1448 702,1446 739,1446 775,1446 811,1446 848,1446 884,1445 920,1445 957,1445"/>
                <TextEquiv>
                    <Unicode>Inne Martin nit dulden solle, derhalben unn</Unicode>
                </TextEquiv>
            </TextLine>
            <TextLine id="r2l29" custom="readingOrder {index:28;}">
                <Coords points="234,1528 307,1532 363,1505 409,1526 679,1503 746,1522 954,1497 953,1454 741,1480 608,1461 525,1488 475,1463 430,1484 385,1455 358,1479 233,1476"/>
                <Baseline points="240,1512 275,1509 310,1507 346,1505 381,1504 417,1502 452,1502 487,1500 523,1499 558,1499 594,1497 629,1497 664,1497 700,1496 735,1496 771,1494 806,1494 841,1493 877,1493 912,1491 948,1490"/>
                <TextEquiv>
                    <Unicode>dewyll kein abmanen by Imme erheblich, solle</Unicode>
                </TextEquiv>
            </TextLine>
            <TextLine id="r2l30" custom="readingOrder {index:29;}">
                <Coords points="222,1567 408,1553 455,1580 592,1551 953,1545 941,1494 857,1520 779,1506 753,1529 679,1503 498,1532 465,1507 398,1535 324,1516 221,1540"/>
                <Baseline points="228,1562 265,1559 303,1556 341,1554 379,1552 417,1550 455,1550 492,1548 530,1547 568,1547 606,1545 644,1545 682,1544 719,1544 757,1542 795,1541 833,1539 871,1538 909,1535 947,1532"/>
                <TextEquiv>
                    <Unicode>man Inne gefangenen behendigen, vnnd vff si</Unicode>
                </TextEquiv>
            </TextLine>
            <TextLine id="r2l31" custom="readingOrder {index:30;}">
                <Coords points="225,1609 995,1588 994,1554 926,1535 868,1565 740,1549 713,1573 594,1552 473,1580 412,1555 378,1576 224,1569"/>
                <Baseline points="231,1599 268,1598 306,1596 344,1595 382,1593 420,1592 458,1592 496,1590 534,1589 572,1589 610,1587 647,1586 685,1586 723,1584 761,1584 799,1583 837,1581 875,1580 913,1577 951,1576 989,1574"/>
                <TextEquiv>
                    <Unicode>minders cosfer gefemblich gar frouwenbrudmen</Unicode>
                </TextEquiv>
            </TextLine>
            <TextLine id="r2l32" custom="readingOrder {index:31;}">
                <Coords points="228,1655 533,1633 635,1663 665,1635 975,1624 956,1581 856,1611 797,1587 736,1612 607,1593 558,1615 227,1608"/>
                <Baseline points="233,1640 269,1637 306,1635 343,1634 380,1632 417,1632 453,1631 490,1631 527,1629 564,1629 601,1629 637,1628 674,1628 711,1626 748,1626 785,1625 821,1623 858,1622 895,1620 932,1616 969,1614"/>
                <TextEquiv>
                    <Unicode>fhuren, welches auch beschechen, vnd er gesagte</Unicode>
                </TextEquiv>
            </TextLine>
            <TextLine id="r2l33" custom="readingOrder {index:32;}">
                <Coords points="234,1692 303,1717 343,1683 669,1692 965,1668 964,1640 905,1616 807,1654 718,1630 630,1661 536,1634 502,1656 234,1654"/>
                <Baseline points="240,1679 277,1679 315,1677 353,1676 391,1676 429,1674 467,1674 504,1674 542,1674 580,1673 618,1673 656,1673 694,1671 731,1671 769,1670 807,1668 845,1667 883,1664 921,1661 959,1658"/>
                <TextEquiv>
                    <Unicode>Waeemeister daruff hin gebunden worden.</Unicode>
                </TextEquiv>
            </TextLine>
            <TextLine id="r2l34" custom="readingOrder {index:33;}">
                <Coords points="223,1742 343,1761 455,1724 481,1743 984,1714 983,1681 933,1669 851,1699 763,1672 700,1704 635,1675 601,1705 518,1679 492,1700 388,1681 222,1702"/>
                <Baseline points="228,1728 265,1726 303,1724 340,1724 378,1722 415,1722 453,1722 490,1722 528,1722 565,1722 603,1722 640,1721 678,1721 715,1719 753,1719 790,1717 828,1715 865,1713 903,1709 940,1706 978,1701"/>
                <TextEquiv>
                    <Unicode>Vnangesechen aber sölcher siner banden, nach dem</Unicode>
                </TextEquiv>
            </TextLine>
            <TextLine id="r2l35" custom="readingOrder {index:34;}">
                <Coords points="222,1790 474,1800 631,1772 743,1797 782,1770 816,1792 851,1758 974,1773 957,1716 848,1743 633,1727 593,1756 555,1727 487,1746 459,1727 342,1761 295,1739 222,1760"/>
                <Baseline points="228,1778 265,1778 302,1776 339,1776 376,1775 413,1775 450,1773 487,1773 524,1772 561,1772 598,1770 635,1770 672,1769 709,1767 746,1766 783,1765 820,1763 857,1761 894,1758 931,1756 968,1754"/>
                <TextEquiv>
                    <Unicode>er sich nebent sich uff einen stul gesetzt und ni</Unicode>
                </TextEquiv>
            </TextLine>
            <TextLine id="r2l36" custom="readingOrder {index:35;}">
                <Coords points="229,1836 420,1825 463,1861 575,1825 871,1834 977,1809 976,1772 812,1794 774,1770 690,1807 528,1803 497,1781 228,1802"/>
                <Baseline points="234,1824 270,1823 307,1821 344,1821 381,1821 418,1821 455,1821 491,1820 528,1820 565,1820 602,1820 639,1820 676,1818 713,1818 749,1816 786,1814 823,1812 860,1810 897,1806 934,1802 971,1797"/>
                <TextEquiv>
                    <Unicode>mandt siner wahr genomen, habe er sich vnner</Unicode>
                </TextEquiv>
            </TextLine>
            <TextLine id="r2l37" custom="readingOrder {index:36;}">
                <Coords points="237,1886 671,1890 996,1852 973,1811 735,1848 623,1826 539,1849 422,1826 340,1853 235,1839"/>
                <Baseline points="242,1874 279,1872 316,1871 354,1869 391,1869 428,1869 466,1868 503,1868 540,1868 578,1868 615,1868 652,1866 690,1866 727,1865 764,1862 802,1860 839,1857 876,1854 914,1849 951,1844 989,1838"/>
                <TextEquiv>
                    <Unicode>erhener wyß zu offtgedachtem minderen welcher</Unicode>
                </TextEquiv>
            </TextLine>
            <TextLine id="r2l38" custom="readingOrder {index:37;}">
                <Coords points="225,1938 401,1921 546,1942 964,1907 963,1871 912,1849 725,1892 695,1874 611,1893 554,1876 525,1901 414,1876 381,1905 224,1892"/>
                <Baseline points="230,1920 266,1920 302,1920 339,1919 375,1919 412,1918 448,1917 485,1917 521,1917 558,1916 594,1916 630,1914 667,1914 703,1913 740,1911 776,1909 813,1907 849,1905 886,1901 922,1899 959,1895"/>
                <TextEquiv>
                    <Unicode>uff einem anderen stul geseßen unnd imme den</Unicode>
                </TextEquiv>
            </TextLine>
            <TextLine id="r2l39" custom="readingOrder {index:38;}">
                <Coords points="231,1985 440,1975 530,2000 579,1974 634,1992 986,1955 984,1920 919,1903 884,1930 820,1940 790,1916 681,1954 634,1931 467,1945 398,1921 230,1952"/>
                <Baseline points="236,1971 273,1970 310,1970 347,1968 384,1968 422,1968 459,1968 496,1968 533,1967 570,1967 608,1967 645,1965 682,1965 719,1964 756,1962 794,1960 831,1956 868,1954 905,1950 942,1945 980,1940"/>
                <TextEquiv>
                    <Unicode>rucken gekhert begeben, inne by dem halß er-</Unicode>
                </TextEquiv>
            </TextLine>
            <TextLine id="r2l40" custom="readingOrder {index:39;}">
                <Coords points="225,2032 539,2047 812,2015 853,2046 945,1996 983,2008 982,1974 905,1983 880,1961 584,2002 441,1975 390,1997 366,1978 224,1995"/>
                <Baseline points="230,2021 267,2021 304,2021 342,2021 379,2021 416,2021 454,2021 491,2021 528,2021 566,2019 603,2019 640,2018 678,2016 715,2015 752,2013 790,2011 827,2008 864,2005 902,2001 939,1997 977,1991"/>
                <TextEquiv>
                    <Unicode>wütscht, hinder sich über den stul ußzogenn</Unicode>
                </TextEquiv>
            </TextLine>
            <TextLine id="r2l41" custom="readingOrder {index:40;}">
                <Coords points="226,2090 359,2080 413,2107 485,2075 538,2099 623,2074 655,2100 682,2078 820,2065 877,2084 972,2054 960,2019 583,2051 429,2032 374,2058 225,2034"/>
                <Baseline points="231,2070 267,2070 304,2070 341,2070 378,2070 414,2072 451,2072 488,2072 525,2070 561,2070 598,2070 635,2069 672,2067 708,2066 745,2064 782,2061 819,2060 855,2056 892,2052 929,2047 966,2043"/>
                <TextEquiv>
                    <Unicode>unnd der gestalten gewürgt, das er minder</Unicode>
                </TextEquiv>
            </TextLine>
            <TextLine id="r2l42" custom="readingOrder {index:41;}">
                <Coords points="229,2133 764,2141 860,2108 891,2134 959,2119 957,2067 926,2056 889,2088 786,2076 657,2103 623,2074 545,2105 486,2076 415,2106 361,2081 293,2104 228,2088"/>
                <Baseline points="234,2121 271,2120 309,2120 347,2119 385,2118 423,2118 461,2118 498,2118 536,2118 574,2118 612,2117 650,2115 688,2115 725,2114 763,2111 801,2109 839,2106 877,2103 915,2099 953,2094"/>
                <TextEquiv>
                    <Unicode>darab beim worden unnd ein wyll nit mehr</Unicode>
                </TextEquiv>
            </TextLine>
            <TextLine id="r2l43" custom="readingOrder {index:42;}">
                <Coords points="221,2193 361,2171 856,2179 993,2136 992,2099 780,2146 587,2129 521,2158 432,2120 380,2148 327,2124 219,2142"/>
                <Baseline points="225,2171 263,2169 301,2169 339,2168 377,2168 415,2168 453,2168 491,2168 529,2168 567,2168 606,2167 644,2166 682,2165 720,2163 758,2161 796,2157 834,2155 872,2150 910,2145 948,2138 987,2130"/>
                <TextEquiv>
                    <Unicode>habe reden khömen, auch wann man ime nit</Unicode>
                </TextEquiv>
            </TextLine>
            <TextLine id="r2l44" custom="readingOrder {index:43;} person {offset:41; length:5;}">
                <Coords points="217,2244 668,2219 733,2252 1007,2185 1005,2136 828,2195 744,2171 705,2193 642,2173 215,2198"/>
                <Baseline points="222,2222 263,2220 304,2219 345,2217 386,2217 427,2217 468,2217 509,2219 550,2219 591,2219 632,2217 673,2217 714,2216 755,2213 796,2209 837,2206 878,2200 919,2193 960,2183 1001,2174"/>
                <TextEquiv>
                    <Unicode>zehilff khomen unnd er uf angst gemelten Martn</Unicode>
                </TextEquiv>
            </TextLine>
            <TextLine id="r2l45" custom="readingOrder {index:44;}">
                <Coords points="230,2279 527,2279 582,2304 1004,2242 1009,2204 956,2193 868,2236 837,2215 726,2254 667,2219 503,2253 435,2228 229,2242"/>
                <Baseline points="236,2270 274,2268 312,2267 351,2267 389,2267 428,2267 466,2268 504,2268 543,2268 581,2270 620,2270 658,2270 696,2268 735,2266 773,2264 812,2260 850,2256 888,2250 927,2242 965,2233 1004,2223"/>
                <TextEquiv>
                    <Unicode>nit inn die handt gebißen, derselbig inne minder</Unicode>
                </TextEquiv>
            </TextLine>
            <TextLine id="r2l46" custom="readingOrder {index:45;}">
                <Coords points="225,2330 270,2357 320,2330 709,2319 751,2349 986,2286 985,2264 906,2250 835,2291 778,2269 670,2306 343,2278 224,2300"/>
                <Baseline points="230,2318 267,2316 305,2316 342,2316 380,2318 417,2318 455,2318 492,2319 530,2319 567,2319 605,2319 642,2319 680,2318 717,2316 755,2313 792,2310 830,2306 867,2301 905,2295 942,2287 980,2277"/>
                <TextEquiv>
                    <Unicode>alßbaldt erwürgt hatte. Nach dem unnd ein</Unicode>
                </TextEquiv>
            </TextLine>
            <TextLine id="r2l47" custom="readingOrder {index:46;}">
                <Coords points="220,2398 265,2375 528,2394 780,2361 839,2386 977,2338 975,2293 747,2349 709,2319 639,2349 594,2328 517,2348 364,2328 275,2355 218,2334"/>
                <Baseline points="225,2367 262,2367 299,2367 336,2367 374,2367 411,2367 448,2367 486,2367 523,2367 560,2367 598,2367 635,2366 672,2365 709,2363 747,2360 784,2357 821,2353 859,2347 896,2342 933,2334 971,2327"/>
                <TextEquiv>
                    <Unicode>Imme Martin die händt widerumb ein male</Unicode>
                </TextEquiv>
            </TextLine>
            <TextLine id="r2l48" custom="readingOrder {index:47;}">
                <Coords points="229,2440 375,2411 453,2435 664,2417 695,2438 998,2379 996,2341 938,2341 839,2386 780,2362 749,2385 511,2402 426,2370 380,2397 273,2375 227,2395"/>
                <Baseline points="233,2420 272,2418 312,2417 352,2415 392,2415 432,2415 472,2415 512,2415 552,2415 592,2415 632,2414 672,2412 712,2411 752,2408 792,2404 832,2400 872,2394 912,2387 952,2379 992,2369"/>
                <TextEquiv>
                    <Unicode>gebunden worden, er aber sich widerumb ledig g</Unicode>
                </TextEquiv>
            </TextLine>
            <TextLine id="r2l49" custom="readingOrder {index:48;}">
                <Coords points="222,2478 810,2483 989,2426 988,2397 486,2450 381,2415 221,2449"/>
                <Baseline points="227,2465 264,2463 302,2463 340,2462 378,2462 416,2462 453,2463 491,2463 529,2463 567,2463 605,2463 642,2463 680,2462 718,2460 756,2457 794,2454 831,2450 869,2444 907,2436 945,2428 983,2418"/>
                <TextEquiv>
                    <Unicode>macht, sye er nochmalen nebent sich geseßen</Unicode>
                </TextEquiv>
            </TextLine>
            <TextLine id="r2l50" custom="readingOrder {index:49;}">
                <Coords points="229,2525 714,2529 877,2488 905,2505 1013,2455 1012,2424 748,2488 722,2468 551,2501 448,2473 308,2496 226,2476"/>
                <Baseline points="234,2511 272,2510 311,2508 350,2508 388,2508 427,2510 466,2510 504,2510 543,2510 582,2510 621,2510 659,2508 698,2507 737,2504 775,2501 814,2495 853,2490 891,2483 930,2474 969,2464 1008,2451"/>
                <TextEquiv>
                    <Unicode>unnd habe uber ein wyll sölche wort ufgeschlahen</Unicode>
                </TextEquiv>
            </TextLine>
            <TextLine id="r2l51" custom="readingOrder {index:50;} person {offset:15; length:12;}">
                <Coords points="231,2565 575,2572 721,2549 759,2579 966,2514 987,2462 908,2504 877,2488 728,2529 229,2522"/>
                <Baseline points="236,2552 273,2550 310,2550 348,2550 385,2551 422,2552 460,2552 497,2553 534,2553 572,2553 609,2552 646,2552 684,2550 721,2548 758,2544 796,2539 833,2534 870,2528 908,2520 945,2510 983,2498"/>
                <TextEquiv>
                    <Unicode>das er geredt, Hanns Winder sie zwar wole</Unicode>
                </TextEquiv>
            </TextLine>
            <TextLine id="r2l52" custom="readingOrder {index:51;}">
                <Coords points="231,2606 881,2596 1001,2545 999,2502 759,2578 721,2550 652,2578 556,2557 505,2581 230,2574"/>
                <Baseline points="236,2594 275,2594 315,2594 355,2594 395,2595 435,2595 475,2596 515,2597 555,2597 595,2597 635,2595 675,2595 715,2592 755,2589 795,2584 835,2579 875,2571 915,2563 955,2552 995,2540"/>
                <TextEquiv>
                    <Unicode>ein rycher man, aber es müße mit lang an dor</Unicode>
                </TextEquiv>
            </TextLine>
            <TextLine id="r2l53" custom="readingOrder {index:52;}">
                <Coords points="229,2652 616,2669 934,2621 1017,2582 1015,2552 742,2617 709,2595 683,2616 226,2611"/>
                <Baseline points="233,2636 271,2636 310,2636 349,2636 388,2637 427,2638 466,2639 504,2640 543,2640 582,2640 621,2640 660,2639 699,2636 738,2634 776,2630 815,2624 854,2617 893,2609 932,2599 971,2587 1010,2573"/>
                <TextEquiv>
                    <Unicode>so wolle er verschaffen, dar er eben so werig habe</Unicode>
                </TextEquiv>
            </TextLine>
            <TextLine id="r2l54" custom="readingOrder {index:53;}">
                <Coords points="957,2645 967,2646 971,2643 983,2643 983,2605 977,2605 965,2616 957,2616"/>
                <Baseline points="963,2636 978,2636"/>
                <TextEquiv>
                    <Unicode>e</Unicode>
                </TextEquiv>
            </TextLine>
            <TextLine id="r2l55" custom="readingOrder {index:54;}">
                <Coords points="223,2691 283,2724 326,2695 425,2692 465,2726 504,2699 640,2711 901,2673 953,2649 953,2621 616,2669 475,2652 451,2672 367,2647 327,2671 288,2641 222,2661"/>
                <Baseline points="228,2684 264,2684 300,2684 336,2685 372,2685 408,2687 444,2687 480,2687 516,2688 552,2688 588,2687 624,2687 660,2685 696,2683 732,2681 768,2676 804,2672 840,2666 876,2659 912,2652 948,2643"/>
                <TextEquiv>
                    <Unicode>müste, als es, hiemit auch ze doben unnd im</Unicode>
                </TextEquiv>
            </TextLine>
            <TextLine id="r2l56" custom="readingOrder {index:55;}">
                <Coords points="870,2728 885,2724 895,2729 902,2718 919,2711 930,2713 971,2695 1002,2694 992,2659 962,2659 944,2652 936,2652 918,2668 909,2666 900,2675 874,2678 869,2687 859,2687"/>
                <Baseline points="872,2714 902,2708 932,2699 962,2689 992,2681"/>
                <TextEquiv>
                    <Unicode>Mindere</Unicode>
                </TextEquiv>
            </TextLine>
            <TextEquiv>
                <Unicode>Danethin als er vor etwas abgewichener zys
unnd wochen inn Solans thelis wirts zu
Mülche huß einen trunck gethan unnd sich wliche
stalten dar mit übernommen, habe er sich hause
Im Hans Arnih daß anderen wits geseltet,

huß, da dann Hans Minder der elter mit
etlichen sinen nachburen vnd anderen Landtlichte
einen abendtrungk genößen, verlügt, alda ein
halb maß wyn geuorderet unnd als der wirt
Iinne selbige werden vnd zukhommen laßen, Soe
er damit zu einem tisch, an welichem zwen
Schiider gearbeitet, geseßen, alßbaldt mit
unnützen lychtfertigen worten ußgebrochen und
habe ihme mindern an eheren der gstaltenge
hinecht, das er Minder darab ein verdrus
empfangen, vnnd dem wirt beuolchen, Inne
Wasenmeistern von eherlichen lichten abzesindern
sund uß der stuben zeuerschipffen, dann einem
sölchen mit gebüren wölle, sich zu eherlichen lëchte
zegesellet, welches ehegedachter wirt zu mehr
malen erstattet unnd zwar er Martin etliche
mal ußgeträtten, aber eden mals widerumb
hieyn khommen unnd sin vor verübt wüßen
er�feret. Das dann inne mindern der
maßen unnd so eher beschwachet, das er anzeigt,
er habe zu frbuwenbrunnen gehört, das man
Inne Martin nit dulden solle, derhalben unn
dewyll kein abmanen by Imme erheblich, solle
man Inne gefangenen behendigen, vnnd vff si
minders cosfer gefemblich gar frouwenbrudmen
fhuren, welches auch beschechen, vnd er gesagte
Waeemeister daruff hin gebunden worden.
Vnangesechen aber sölcher siner banden, nach dem
er sich nebent sich uff einen stul gesetzt und ni
mandt siner wahr genomen, habe er sich vnner
erhener wyß zu offtgedachtem minderen welcher
uff einem anderen stul geseßen unnd imme den
rucken gekhert begeben, inne by dem halß er-
wütscht, hinder sich über den stul ußzogenn
unnd der gestalten gewürgt, das er minder
darab beim worden unnd ein wyll nit mehr
habe reden khömen, auch wann man ime nit
zehilff khomen unnd er uf angst gemelten Martn
nit inn die handt gebißen, derselbig inne minder
alßbaldt erwürgt hatte. Nach dem unnd ein
Imme Martin die händt widerumb ein male
gebunden worden, er aber sich widerumb ledig g
macht, sye er nochmalen nebent sich geseßen
unnd habe uber ein wyll sölche wort ufgeschlahen
das er geredt, Hanns Winder sie zwar wole
ein rycher man, aber es müße mit lang an dor
so wolle er verschaffen, dar er eben so werig habe
e
müste, als es, hiemit auch ze doben unnd im
Mindere</Unicode>
            </TextEquiv>
        </TextRegion>
        <TextRegion orientation="0.0" id="r3" custom="readingOrder {index:2;}">
            <Coords points="1101,21 1101,2719 2022,2719 2022,21"/>
            <TextLine id="r3l1" custom="readingOrder {index:0;}">
                <Coords points="1916,59 1922,60 1936,73 1947,66 1957,68 1963,63 1978,65 1984,12 1973,11 1969,6 1966,8 1959,3 1952,6 1923,2"/>
                <Baseline points="1923,44 1948,48 1974,50"/>
                <TextEquiv>
                    <Unicode>165</Unicode>
                </TextEquiv>
            </TextLine>
            <TextLine id="r3l2" custom="readingOrder {index:1;}">
                <Coords points="1096,171 1403,95 1451,123 1581,93 1642,115 1840,86 1891,122 1932,108 1929,75 1763,39 1517,76 1437,28 1224,114 1142,90 1092,115"/>
                <Baseline points="1101,164 1142,150 1183,139 1224,128 1265,119 1307,111 1348,106 1389,101 1430,97 1471,95 1513,92 1554,90 1595,90 1636,89 1677,89 1719,90 1760,90 1801,90 1842,90 1883,92 1925,92"/>
                <TextEquiv>
                    <Unicode>Widern an eheren solcher maßen zuverletzen ange</Unicode>
                </TextEquiv>
            </TextLine>
            <TextLine id="r3l3" custom="readingOrder {index:2;}">
                <Coords points="1112,223 1407,141 1473,165 1540,139 1637,161 1745,131 1883,144 1887,103 1654,117 1568,97 1435,124 1403,102 1108,176"/>
                <Baseline points="1116,209 1154,195 1192,182 1231,172 1269,163 1307,156 1346,149 1384,145 1422,140 1461,137 1499,135 1537,134 1576,132 1614,132 1652,132 1691,132 1729,132 1767,132 1806,132 1844,131 1883,129"/>
                <TextEquiv>
                    <Unicode>langen, das er ieme gantz ungeschücbt einer</Unicode>
                </TextEquiv>
            </TextLine>
            <TextLine id="r3l4" custom="readingOrder {index:3;}">
                <Coords points="1105,267 1402,192 1581,181 1638,211 1709,176 1803,202 1970,184 1967,144 1926,124 1851,150 1739,134 1704,162 1407,141 1102,217"/>
                <Baseline points="1110,245 1152,231 1195,219 1238,210 1280,202 1323,195 1366,189 1408,184 1451,181 1494,179 1537,177 1579,176 1622,176 1665,176 1707,176 1750,176 1793,176 1835,176 1878,176 1921,176 1964,176"/>
                <TextEquiv>
                    <Unicode>schihmen mörder kätzer unnd verrahter geheißen.</Unicode>
                </TextEquiv>
            </TextLine>
            <TextLine id="r3l5" custom="readingOrder {index:4;}">
                <Coords points="1117,315 1341,236 1424,229 1466,256 1583,220 1862,213 1953,238 1990,229 1987,177 1868,204 1709,176 1615,209 1486,185 1358,220 1317,200 1114,260"/>
                <Baseline points="1121,284 1164,271 1207,261 1250,251 1293,244 1336,237 1379,232 1422,227 1465,223 1508,221 1552,219 1595,218 1638,217 1681,216 1724,216 1767,216 1810,216 1853,216 1896,215 1939,215 1983,213"/>
                <TextEquiv>
                    <Unicode>volgendts, als er von zwegen landtmannen, welche</Unicode>
                </TextEquiv>
            </TextLine>
            <TextLine id="r3l6" custom="readingOrder {index:5;} place {offset:9; length:14;}">
                <Coords points="1115,338 1477,268 1960,274 1969,230 1423,229 1112,297"/>
                <Baseline points="1119,323 1161,311 1203,300 1245,292 1288,284 1330,277 1372,273 1415,268 1457,264 1499,261 1542,259 1584,258 1626,257 1668,257 1711,255 1753,255 1795,255 1838,255 1880,255 1922,255 1965,255"/>
                <TextEquiv>
                    <Unicode>aler gan frouwenbrunnen thüren sollen, deß nachts</Unicode>
                </TextEquiv>
            </TextLine>
            <TextLine id="r3l7" custom="readingOrder {index:6;}">
                <Coords points="1117,378 1449,313 1502,333 1631,309 1678,338 1782,297 1938,309 1936,276 1664,259 1476,295 1372,276 1114,338"/>
                <Baseline points="1122,362 1162,352 1202,343 1243,335 1283,329 1324,324 1364,318 1405,314 1445,311 1486,309 1526,306 1566,305 1607,303 1647,302 1688,300 1728,300 1769,299 1809,298 1850,297 1890,296 1931,294"/>
                <TextEquiv>
                    <Unicode>verwachet wordenn, habe er sich am morgenn</Unicode>
                </TextEquiv>
            </TextLine>
            <TextLine id="r3l8" custom="readingOrder {index:7;}">
                <Coords points="1097,428 1407,355 1989,355 1986,315 1856,297 1779,326 1343,325 1094,384"/>
                <Baseline points="1101,411 1145,400 1189,391 1233,382 1277,375 1321,369 1365,362 1409,358 1453,354 1497,351 1541,349 1585,347 1629,346 1673,345 1717,344 1761,344 1805,342 1849,342 1893,342 1937,341 1982,339"/>
                <TextEquiv>
                    <Unicode>bin de mitte der stuben getelt sin wambsel sampt</Unicode>
                </TextEquiv>
            </TextLine>
            <TextLine id="r3l9" custom="readingOrder {index:8;}">
                <Coords points="1119,465 1508,400 1580,425 1732,396 1904,410 1961,389 1958,339 1846,339 1816,370 1770,345 1726,380 1654,358 1502,387 1407,358 1117,422"/>
                <Baseline points="1124,449 1165,439 1207,430 1248,424 1290,417 1331,412 1373,409 1414,405 1456,402 1497,401 1539,399 1581,398 1622,396 1664,396 1705,395 1747,395 1788,393 1830,393 1871,390 1913,389 1955,386"/>
                <TextEquiv>
                    <Unicode>den stricken, mit denen er gebunßer gsin, abzögen</Unicode>
                </TextEquiv>
            </TextLine>
            <TextLine id="r3l10" custom="readingOrder {index:9;}">
                <Coords points="1118,508 1443,450 1541,470 1581,448 1958,445 1965,404 1732,395 1548,425 1492,402 1342,439 1179,436 1115,468"/>
                <Baseline points="1122,495 1166,484 1210,475 1254,466 1298,460 1342,456 1386,450 1431,447 1475,446 1519,443 1563,443 1607,441 1651,440 1696,440 1740,440 1784,438 1828,437 1872,435 1916,433 1961,429"/>
                <TextEquiv>
                    <Unicode>ein stul genommen unnd geredt, detz wäre er ein</Unicode>
                </TextEquiv>
            </TextLine>
            <TextLine id="r3l11" custom="readingOrder {index:10;}">
                <Coords points="1129,552 1529,493 1580,516 1670,490 1938,497 1950,441 1546,471 1460,450 1394,482 1343,460 1126,507"/>
                <Baseline points="1133,539 1173,529 1214,521 1254,514 1295,508 1336,503 1376,499 1417,496 1458,494 1498,492 1539,491 1580,489 1620,489 1661,489 1702,488 1742,488 1783,488 1824,486 1864,486 1905,485 1946,482"/>
                <TextEquiv>
                    <Unicode>man für minder unnd ob glych wol er haruff</Unicode>
                </TextEquiv>
            </TextLine>
            <TextLine id="r3l12" custom="readingOrder {index:11;}">
                <Coords points="1128,602 1362,552 1971,550 1989,507 1683,492 1584,523 1529,493 1126,556"/>
                <Baseline points="1133,584 1175,576 1218,567 1260,560 1303,554 1346,549 1388,546 1431,542 1473,540 1516,539 1559,537 1601,536 1644,536 1686,536 1729,536 1772,536 1814,536 1857,535 1899,534 1942,534 1985,533"/>
                <TextEquiv>
                    <Unicode>widerumb gebunden worden, habe er sich doch Vnder</Unicode>
                </TextEquiv>
            </TextLine>
            <TextLine id="r3l13" custom="readingOrder {index:12;} place {offset:11; length:14;}">
                <Coords points="1129,642 1455,592 1979,595 1962,558 1819,566 1769,540 1734,563 1690,539 1634,571 1411,549 1128,601"/>
                <Baseline points="1134,629 1178,621 1222,612 1266,605 1310,600 1354,596 1398,591 1443,588 1487,587 1531,584 1575,584 1619,582 1663,582 1708,582 1752,582 1796,582 1840,582 1884,582 1928,582 1973,581"/>
                <TextEquiv>
                    <Unicode>wegen nach brouwenbrunnen abermalen mit einer</Unicode>
                </TextEquiv>
            </TextLine>
            <TextLine id="r3l14" custom="readingOrder {index:13;}">
                <Coords points="1129,686 1216,663 1281,681 1405,640 1437,657 1473,629 1686,650 1908,622 1964,644 1977,594 1457,591 1127,643"/>
                <Baseline points="1134,675 1178,666 1222,658 1266,652 1310,646 1354,641 1398,638 1443,635 1487,632 1531,630 1575,630 1619,629 1663,629 1708,627 1752,627 1796,627 1840,627 1884,627 1928,627 1973,627"/>
                <TextEquiv>
                    <Unicode>landt ledig gemacht unnd zufliechen angehebt, we</Unicode>
                </TextEquiv>
            </TextLine>
            <TextLine id="r3l15" custom="readingOrder {index:14;}">
                <Coords points="1129,729 1227,712 1251,733 1341,690 1990,699 2004,648 1908,622 1798,650 1406,640 1127,692"/>
                <Baseline points="1134,720 1177,714 1220,707 1263,699 1307,695 1350,691 1393,687 1437,684 1480,681 1523,680 1567,678 1610,678 1653,677 1696,677 1740,678 1783,678 1826,678 1870,680 1913,681 1956,681 2000,683"/>
                <TextEquiv>
                    <Unicode>aber angentz widerumb ergriffen unnd also volgendts</Unicode>
                </TextEquiv>
            </TextLine>
            <TextLine id="r3l16" custom="readingOrder {index:15;} place {offset:17; length:14;}">
                <Coords points="1130,793 1478,738 1546,760 1660,739 1712,768 1756,736 1889,735 1886,681 1828,707 1774,684 1703,712 1480,686 1252,734 1222,714 1192,739 1127,730"/>
                <Baseline points="1134,770 1171,762 1208,757 1246,751 1283,746 1321,742 1358,738 1396,736 1433,734 1471,732 1508,731 1545,731 1583,729 1620,729 1658,728 1695,728 1733,728 1770,728 1808,726 1845,726 1883,725"/>
                <TextEquiv>
                    <Unicode>gelenklichen gan frauwerbrunnen gebracht</Unicode>
                </TextEquiv>
            </TextLine>
            <TextLine id="r3l17" custom="readingOrder {index:16;}">
                <Coords points="1453,830 1478,829 1488,819 1501,825 1511,819 1522,823 1541,812 1550,812 1568,829 1585,827 1582,750 1547,760 1536,757 1527,766 1505,773 1492,767 1474,783 1462,779 1451,783"/>
                <Baseline points="1457,803 1487,804 1517,804 1547,803 1578,798"/>
                <TextEquiv>
                    <Unicode>hauff</Unicode>
                </TextEquiv>
            </TextLine>
            <TextLine id="r3l18" custom="readingOrder {index:17;}">
                <Coords points="1136,830 1168,823 1179,816 1198,820 1216,812 1225,818 1235,818 1252,811 1248,788 1228,787 1189,770 1169,771 1166,775 1158,772 1144,790 1131,793"/>
                <Baseline points="1139,815 1165,811 1191,807 1217,803 1244,800"/>
                <TextEquiv>
                    <Unicode>worden.</Unicode>
                </TextEquiv>
            </TextLine>
            <TextLine id="r3l19" custom="readingOrder {index:18;}">
                <Coords points="1123,902 1510,843 1678,871 1992,860 1989,797 1916,779 1835,823 1752,771 1619,784 1577,829 1314,810 1120,832"/>
                <Baseline points="1128,882 1170,877 1213,870 1256,864 1299,861 1342,857 1385,854 1427,851 1470,849 1513,847 1556,846 1599,845 1642,845 1685,843 1727,843 1770,843 1813,842 1856,842 1899,842 1942,840 1985,840"/>
                <TextEquiv>
                    <Unicode>Als habent derwegen nun gnedig herren schult</Unicode>
                </TextEquiv>
            </TextLine>
            <TextLine id="r3l20" custom="readingOrder {index:19;}">
                <Coords points="1138,946 1181,964 1230,929 1339,911 1363,933 1431,904 1983,905 1981,869 1858,877 1811,851 1706,882 1651,850 1503,884 1364,865 1136,898"/>
                <Baseline points="1143,935 1184,927 1226,919 1268,914 1309,909 1351,906 1393,903 1434,900 1476,899 1518,899 1560,897 1601,897 1643,897 1685,897 1726,897 1768,897 1810,897 1851,897 1893,896 1935,894 1977,893"/>
                <TextEquiv>
                    <Unicode>leyß Rhät unnd burger dißer loblichen statt</Unicode>
                </TextEquiv>
            </TextLine>
            <TextLine id="r3l21" custom="readingOrder {index:20;} place {offset:0; length:4;}">
                <Coords points="1127,1007 1358,967 1405,1001 1433,971 1551,950 1660,953 1722,991 1758,959 1938,953 1880,900 1798,927 1629,900 1561,933 1433,904 1373,944 1325,921 1180,964 1125,949"/>
                <Baseline points="1131,980 1171,975 1211,969 1251,966 1291,962 1331,960 1371,957 1411,955 1451,953 1491,952 1531,951 1571,951 1611,950 1651,950 1691,950 1731,948 1771,948 1811,948 1851,948 1891,947 1932,945"/>
                <TextEquiv>
                    <Unicode>Bern uff ihren sydtzu vecht erkhenndt unnd</Unicode>
                </TextEquiv>
            </TextLine>
            <TextLine id="r3l22" custom="readingOrder {index:21;}">
                <Coords points="1143,1062 1153,1058 1173,1065 1198,1038 1252,1054 1263,1048 1281,1051 1304,1030 1299,985 1268,979 1250,998 1236,993 1211,1001 1179,984 1136,1009"/>
                <Baseline points="1145,1031 1170,1027 1195,1024 1220,1021 1245,1018 1270,1015 1296,1011"/>
                <TextEquiv>
                    <Unicode>soreschen</Unicode>
                </TextEquiv>
            </TextLine>
            <TextLine id="r3l23" custom="readingOrder {index:22;}">
                <Coords points="1106,1137 1252,1090 1504,1081 1582,1110 1800,1069 1955,1083 1954,1053 1796,1023 1687,1045 1625,996 1438,1038 1322,1004 1260,1062 1104,1082"/>
                <Baseline points="1110,1101 1154,1095 1198,1089 1242,1085 1286,1082 1330,1079 1374,1077 1419,1076 1463,1074 1507,1074 1551,1073 1595,1073 1639,1073 1684,1073 1728,1073 1772,1073 1816,1071 1860,1070 1904,1070 1949,1067"/>
                <TextEquiv>
                    <Unicode>as mur Iune dem Nachnechten beutlechen der dem</Unicode>
                </TextEquiv>
            </TextLine>
            <TextLine id="r3l24" custom="readingOrder {index:23;}">
                <Coords points="1138,1153 1198,1145 1232,1172 1274,1142 1544,1120 1583,1151 1628,1123 1915,1119 1915,1094 1649,1083 1540,1109 1505,1084 1368,1086 1294,1109 1253,1090 1137,1123"/>
                <Baseline points="1143,1140 1181,1137 1219,1135 1258,1132 1296,1130 1334,1128 1373,1127 1411,1125 1449,1125 1488,1124 1526,1122 1564,1122 1603,1121 1641,1121 1679,1119 1718,1118 1756,1117 1794,1116 1833,1115 1871,1113 1910,1110"/>
                <TextEquiv>
                    <Unicode>oben uff uff gewohnliche richtstatt zmme alda</Unicode>
                </TextEquiv>
            </TextLine>
            <TextLine id="r3l25" custom="readingOrder {index:24;}">
                <Coords points="1138,1209 1280,1183 1327,1210 1566,1170 1900,1175 1926,1168 1925,1126 1747,1147 1628,1123 1583,1150 1540,1124 1454,1157 1376,1139 1227,1172 1136,1155"/>
                <Baseline points="1143,1190 1181,1186 1220,1184 1259,1181 1298,1179 1337,1176 1376,1175 1414,1173 1453,1172 1492,1172 1531,1170 1570,1169 1609,1169 1648,1167 1686,1167 1725,1166 1764,1166 1803,1164 1842,1164 1881,1163 1920,1161"/>
                <TextEquiv>
                    <Unicode>sin haupt abschlachen unnd also mit dem schwerdt</Unicode>
                </TextEquiv>
            </TextLine>
            <TextLine id="r3l26" custom="readingOrder {index:25;}">
                <Coords points="1144,1251 1374,1249 1444,1225 1629,1253 1665,1228 1703,1246 1913,1223 1912,1192 1862,1175 1746,1199 1704,1173 1674,1192 1568,1169 1502,1203 1413,1185 1352,1211 1304,1192 1184,1221 1143,1206"/>
                <Baseline points="1149,1239 1186,1236 1224,1232 1262,1230 1300,1228 1338,1226 1376,1224 1414,1223 1452,1221 1490,1220 1528,1220 1565,1218 1603,1218 1641,1217 1679,1217 1717,1217 1755,1217 1793,1215 1831,1215 1869,1215 1907,1214"/>
                <TextEquiv>
                    <Unicode>vom leben zum todt nach keyßerlichem rechten</Unicode>
                </TextEquiv>
            </TextLine>
            <TextLine id="r3l27" custom="readingOrder {index:26;}">
                <Coords points="1155,1299 1170,1299 1197,1320 1227,1294 1251,1295 1268,1282 1292,1298 1323,1296 1329,1289 1347,1293 1344,1238 1337,1236 1310,1239 1303,1247 1275,1235 1237,1255 1215,1244 1203,1253 1172,1249 1153,1257"/>
                <Baseline points="1160,1286 1185,1284 1211,1283 1237,1281 1263,1280 1289,1278 1315,1278 1341,1278"/>
                <TextEquiv>
                    <Unicode>richten sölle.</Unicode>
                </TextEquiv>
            </TextLine>
            <TextLine id="r3l28" custom="readingOrder {index:27;}">
                <Coords points="1116,1400 1374,1379 1416,1402 1451,1369 1974,1380 1973,1320 1910,1341 1777,1293 1675,1334 1568,1292 1402,1341 1278,1297 1210,1329 1115,1322"/>
                <Baseline points="1121,1379 1163,1376 1205,1374 1248,1373 1290,1371 1332,1370 1375,1368 1417,1368 1459,1367 1502,1367 1544,1365 1586,1365 1629,1364 1671,1364 1713,1364 1756,1362 1798,1362 1840,1361 1883,1359 1925,1358 1968,1356"/>
                <TextEquiv>
                    <Unicode>Dißere Urtheyll ist uff sambstag den 27. januarii</Unicode>
                </TextEquiv>
            </TextLine>
            <TextLine id="r3l29" custom="readingOrder {index:28;}">
                <Coords points="1149,1439 1269,1454 1308,1429 1758,1417 1871,1445 1908,1412 1945,1444 1983,1425 1982,1380 1742,1390 1692,1367 1663,1392 1546,1377 1515,1399 1444,1376 1417,1402 1275,1385 1148,1412"/>
                <Baseline points="1154,1427 1195,1425 1236,1423 1277,1422 1318,1421 1359,1419 1400,1418 1442,1418 1483,1416 1524,1416 1565,1415 1606,1413 1647,1413 1688,1412 1730,1411 1771,1410 1812,1409 1853,1408 1894,1407 1935,1406 1977,1404"/>
                <TextEquiv>
                    <Unicode>11616 jars an inme Martin ordenlichen erstattet</Unicode>
                </TextEquiv>
            </TextLine>
            <TextLine id="r3l30" custom="readingOrder {index:29;}">
                <Coords points="1147,1482 1268,1474 1302,1496 1300,1441 1270,1453 1197,1430 1181,1440 1146,1448"/>
                <Baseline points="1152,1470 1180,1467 1209,1467 1237,1465 1266,1464 1295,1463"/>
                <TextEquiv>
                    <Unicode>wordenn.</Unicode>
                </TextEquiv>
            </TextLine>
            <TextLine id="r3l31" custom="readingOrder {index:30;} person {offset:0; length:15;}">
                <Coords points="1219,1671 1255,1651 1291,1676 1373,1639 1470,1676 1589,1634 1645,1654 1788,1642 1786,1566 1662,1581 1644,1565 1523,1593 1459,1579 1412,1607 1346,1563 1289,1600 1218,1608"/>
                <Baseline points="1224,1644 1251,1643 1279,1641 1307,1640 1335,1640 1363,1638 1391,1637 1419,1637 1447,1637 1475,1635 1503,1635 1530,1635 1558,1635 1586,1635 1614,1634 1642,1634 1670,1634 1698,1634 1726,1632 1754,1632 1782,1631"/>
                <TextEquiv>
                    <Unicode>Jacob Sher Bonn</Unicode>
                </TextEquiv>
            </TextLine>
            <TextLine id="r3l32" custom="readingOrder {index:31;}">
                <Coords points="1347,1740 1524,1722 1591,1731 1671,1716 1692,1723 1690,1676 1639,1669 1616,1647 1592,1646 1551,1683 1512,1662 1456,1683 1395,1646 1345,1681"/>
                <Baseline points="1352,1724 1377,1722 1403,1721 1429,1719 1454,1718 1480,1718 1506,1716 1531,1716 1557,1715 1583,1715 1608,1714 1634,1713 1660,1713 1686,1713"/>
                <TextEquiv>
                    <Unicode>vorbhouffen.</Unicode>
                </TextEquiv>
            </TextLine>
            <TextLine id="r3l33" custom="readingOrder {index:32;} person {offset:8; length:10;} place {offset:23; length:11;}">
                <Coords points="1149,1848 1855,1814 1890,1840 1934,1804 1990,1814 1989,1786 1720,1763 1532,1783 1451,1750 1339,1798 1292,1784 1148,1823"/>
                <Baseline points="1154,1835 1195,1833 1237,1831 1278,1829 1320,1827 1361,1826 1403,1824 1444,1822 1486,1820 1527,1819 1569,1817 1611,1816 1652,1814 1694,1813 1735,1811 1777,1811 1818,1809 1860,1808 1901,1808 1943,1806 1985,1805"/>
                <TextEquiv>
                    <Unicode>einnach Jacob Wyer von Worblauffen burtig ein</Unicode>
                </TextEquiv>
            </TextLine>
            <TextLine id="r3l34" custom="readingOrder {index:33;}">
                <Coords points="1162,1894 1263,1919 1325,1880 1421,1898 1554,1871 1598,1907 1716,1863 1947,1871 1944,1804 1899,1840 1854,1813 1813,1835 1697,1820 1655,1847 1489,1819 1416,1855 1351,1837 1209,1868 1160,1845"/>
                <Baseline points="1167,1884 1205,1884 1244,1883 1283,1882 1321,1881 1360,1878 1399,1877 1437,1875 1476,1874 1515,1871 1554,1869 1592,1868 1631,1866 1670,1865 1708,1862 1747,1860 1786,1859 1824,1859 1863,1857 1902,1857 1941,1857"/>
                <TextEquiv>
                    <Unicode>verzochen järig knabli wegen volgender dreb</Unicode>
                </TextEquiv>
            </TextLine>
            <TextLine id="r3l35" custom="readingOrder {index:34;}">
                <Coords points="1152,1965 1263,1932 1389,1959 1439,1933 1525,1956 1625,1924 1697,1953 1744,1923 1985,1921 1983,1884 1830,1866 1795,1891 1649,1877 1597,1908 1529,1874 1286,1894 1260,1923 1149,1897"/>
                <Baseline points="1157,1937 1198,1937 1239,1937 1280,1935 1321,1934 1362,1932 1403,1931 1444,1929 1485,1928 1526,1925 1568,1923 1609,1920 1650,1919 1691,1916 1732,1914 1773,1911 1814,1911 1855,1908 1896,1908 1937,1907 1979,1905"/>
                <TextEquiv>
                    <Unicode>stälen verdacht unnd gegantlich ingezogen</Unicode>
                </TextEquiv>
            </TextLine>
            <TextLine id="r3l36" custom="readingOrder {index:35;}">
                <Coords points="1144,1996 1360,1981 1523,2012 1673,1969 1961,1965 1927,1924 1731,1927 1681,1953 1584,1926 1525,1956 1390,1959 1142,1940"/>
                <Baseline points="1149,1983 1189,1983 1229,1983 1269,1982 1310,1982 1350,1980 1390,1979 1431,1979 1471,1977 1511,1975 1552,1974 1592,1972 1632,1970 1672,1968 1713,1966 1753,1964 1793,1962 1834,1961 1874,1958 1914,1956 1955,1955"/>
                <TextEquiv>
                    <Unicode>worden, hat er deren halber uff mitwochen</Unicode>
                </TextEquiv>
            </TextLine>
            <TextLine id="r3l37" custom="readingOrder {index:36;}">
                <Coords points="1159,2050 1406,2039 1451,2063 1524,2025 1974,2023 1972,1975 1928,1965 1777,1997 1600,1978 1457,2018 1357,1990 1157,2002"/>
                <Baseline points="1164,2034 1204,2034 1244,2033 1284,2033 1324,2033 1364,2031 1404,2030 1445,2028 1485,2026 1525,2025 1565,2023 1605,2021 1645,2019 1685,2016 1726,2014 1766,2012 1806,2010 1846,2009 1886,2007 1926,2005 1967,2004"/>
                <TextEquiv>
                    <Unicode>Den 7ten februarii 1616 jars in byweßen</Unicode>
                </TextEquiv>
            </TextLine>
            <TextLine id="r3l38" custom="readingOrder {index:37;} person {offset:20; length:14;}">
                <Coords points="1162,2102 1461,2082 1545,2105 1659,2062 1698,2094 1854,2058 1909,2089 1970,2062 1968,2029 1886,2010 1788,2045 1671,2025 1612,2050 1574,2026 1492,2029 1452,2063 1272,2036 1159,2056"/>
                <Baseline points="1166,2087 1205,2087 1245,2087 1285,2085 1325,2084 1365,2083 1405,2081 1445,2079 1485,2078 1525,2075 1565,2073 1604,2070 1644,2068 1684,2065 1724,2063 1764,2060 1804,2058 1844,2057 1884,2054 1924,2052 1964,2051"/>
                <TextEquiv>
                    <Unicode>der eherenuesten kr Jacob Thormans deß</Unicode>
                </TextEquiv>
            </TextLine>
            <TextLine id="r3l39" custom="readingOrder {index:38;} organization {offset:0; length:5;} person {offset:10; length:18;}">
                <Coords points="1155,2155 1441,2144 1499,2170 1530,2138 1713,2119 1748,2141 2006,2133 2005,2092 1922,2076 1891,2102 1764,2065 1720,2102 1616,2078 1522,2112 1394,2086 1153,2107"/>
                <Baseline points="1160,2136 1202,2139 1244,2139 1286,2141 1328,2139 1370,2139 1412,2138 1454,2136 1496,2133 1538,2132 1580,2129 1622,2127 1664,2124 1706,2123 1748,2120 1790,2119 1832,2118 1874,2117 1916,2118 1958,2118 2000,2120"/>
                <TextEquiv>
                    <Unicode>Rhats und Burckhart Fischers Großwenbess</Unicode>
                </TextEquiv>
            </TextLine>
            <TextLine id="r3l40" custom="readingOrder {index:39;}">
                <Coords points="1138,2220 1225,2188 1491,2194 1531,2219 1672,2177 1760,2208 1874,2169 1962,2176 1960,2130 1929,2123 1769,2161 1611,2129 1498,2170 1458,2143 1136,2169"/>
                <Baseline points="1143,2186 1183,2188 1224,2189 1264,2190 1305,2190 1346,2190 1386,2190 1427,2189 1468,2188 1508,2186 1549,2184 1590,2183 1630,2181 1671,2179 1712,2176 1752,2174 1793,2172 1834,2170 1874,2168 1915,2167 1956,2166"/>
                <TextEquiv>
                    <Unicode>In der mannenkeffi alhie versachen unnd</Unicode>
                </TextEquiv>
            </TextLine>
            <TextLine id="r3l41" custom="readingOrder {index:40;}">
                <Coords points="1164,2251 1203,2270 1368,2244 1581,2259 1616,2237 1658,2260 1694,2234 1839,2223 1885,2253 1952,2224 1951,2195 1877,2169 1775,2208 1676,2178 1534,2220 1394,2196 1349,2225 1230,2188 1162,2205"/>
                <Baseline points="1169,2235 1207,2238 1246,2240 1285,2241 1324,2241 1363,2241 1402,2241 1440,2240 1479,2238 1518,2237 1557,2235 1596,2232 1635,2230 1674,2228 1712,2226 1751,2224 1790,2221 1829,2219 1868,2219 1907,2217 1946,2216"/>
                <TextEquiv>
                    <Unicode>bekhenndt, das er namlichen einem Euger</Unicode>
                </TextEquiv>
            </TextLine>
            <TextLine id="r3l42" custom="readingOrder {index:41;} place {offset:24; length:6;}">
                <Coords points="1152,2301 1275,2313 1322,2289 1439,2318 1619,2287 1722,2318 1803,2275 1920,2306 1970,2275 1968,2228 1941,2223 1891,2255 1831,2229 1708,2261 1678,2241 1584,2266 1507,2246 1151,2268"/>
                <Baseline points="1158,2289 1198,2291 1238,2292 1278,2292 1319,2292 1359,2292 1399,2292 1440,2291 1480,2289 1520,2288 1561,2287 1601,2284 1641,2283 1681,2280 1722,2278 1762,2276 1802,2274 1843,2272 1883,2270 1923,2268 1964,2267"/>
                <TextEquiv>
                    <Unicode>so by jhr Rudolphen von Erlach in dienst</Unicode>
                </TextEquiv>
            </TextLine>
            <TextLine id="r3l43" custom="readingOrder {index:42;}">
                <Coords points="1150,2375 1207,2348 1386,2369 1439,2344 1492,2371 1599,2344 1822,2333 1854,2356 1973,2334 1972,2307 1844,2282 1712,2319 1662,2291 1430,2320 1148,2308"/>
                <Baseline points="1155,2339 1195,2342 1236,2343 1276,2345 1317,2345 1358,2346 1398,2345 1439,2345 1479,2343 1520,2342 1561,2340 1601,2339 1642,2336 1682,2334 1723,2333 1764,2330 1804,2329 1845,2327 1885,2325 1926,2325 1967,2325"/>
                <TextEquiv>
                    <Unicode>Im deßelben fr schüren uß einem tschopen</Unicode>
                </TextEquiv>
            </TextLine>
            <TextLine id="r3l44" custom="readingOrder {index:43;}">
                <Coords points="1162,2405 1408,2394 1461,2421 1532,2392 1960,2394 1958,2345 1854,2357 1823,2334 1776,2361 1669,2343 1599,2372 1432,2348 1389,2368 1161,2360"/>
                <Baseline points="1167,2394 1206,2396 1245,2397 1284,2397 1324,2399 1363,2397 1402,2397 1442,2396 1481,2394 1520,2393 1560,2390 1599,2388 1638,2386 1677,2385 1717,2382 1756,2379 1795,2378 1835,2378 1874,2376 1913,2376 1953,2376"/>
                <TextEquiv>
                    <Unicode>dy Ducaten sampt einer sonnen cronten</Unicode>
                </TextEquiv>
            </TextLine>
            <TextLine id="r3l45" custom="readingOrder {index:44;}">
                <Coords points="1167,2463 1516,2465 1824,2427 1894,2461 1961,2432 1905,2379 1661,2411 1534,2392 1468,2423 1411,2397 1267,2432 1165,2409"/>
                <Baseline points="1172,2441 1211,2445 1250,2447 1289,2448 1328,2448 1367,2448 1406,2448 1446,2447 1485,2446 1524,2444 1563,2442 1602,2439 1641,2437 1680,2436 1720,2433 1759,2432 1798,2430 1837,2429 1876,2427 1915,2427 1955,2427"/>
                <TextEquiv>
                    <Unicode>genomen vnnd entfrembdet vnnd selbige</Unicode>
                </TextEquiv>
            </TextLine>
            <TextLine id="r3l46" custom="readingOrder {index:45;}">
                <Coords points="1164,2515 1225,2499 1350,2539 1465,2504 1509,2532 1606,2502 1994,2503 1993,2460 1951,2434 1897,2462 1825,2427 1612,2470 1499,2448 1362,2484 1283,2452 1163,2467"/>
                <Baseline points="1169,2492 1212,2496 1255,2498 1298,2500 1341,2501 1384,2501 1427,2501 1470,2499 1513,2499 1556,2497 1600,2495 1643,2493 1686,2490 1729,2489 1772,2487 1815,2485 1858,2483 1901,2483 1944,2483 1988,2483"/>
                <TextEquiv>
                    <Unicode>volgender gstalt u�geben unnd vertriben</Unicode>
                </TextEquiv>
            </TextLine>
            <TextLine id="r3l47" custom="readingOrder {index:46;}">
                <Coords points="1169,2556 1175,2557 1185,2552 1187,2555 1200,2554 1204,2557 1208,2554 1218,2558 1227,2553 1233,2556 1249,2550 1256,2551 1259,2512 1246,2514 1241,2508 1234,2510 1231,2506 1215,2518 1203,2507 1193,2505 1182,2508 1179,2504 1174,2504"/>
                <Baseline points="1176,2540 1201,2545 1226,2547 1251,2546"/>
                <TextEquiv>
                    <Unicode>habe</Unicode>
                </TextEquiv>
            </TextLine>
            <TextLine id="r3l48" custom="readingOrder {index:47;}">
                <Coords points="1167,2599 1209,2626 2028,2582 2025,2524 1978,2519 1931,2558 1846,2524 1747,2548 1709,2517 1626,2566 1498,2553 1460,2587 1377,2587 1314,2548 1165,2563"/>
                <Baseline points="1172,2592 1214,2597 1257,2600 1299,2603 1342,2603 1384,2603 1427,2603 1469,2601 1512,2599 1554,2597 1597,2595 1639,2592 1682,2589 1724,2586 1767,2583 1809,2581 1852,2579 1894,2577 1937,2576 1979,2576 2022,2577"/>
                <TextEquiv>
                    <Unicode>Als habe er gemelte Sonnen E. by Jetzigem hußen</Unicode>
                </TextEquiv>
            </TextLine>
            <TextLine id="r3l49" custom="readingOrder {index:48;}">
                <Coords points="1170,2658 1252,2676 1385,2659 1457,2687 1710,2639 1846,2671 1916,2650 1915,2609 1871,2583 1828,2616 1737,2594 1642,2619 1169,2618"/>
                <Baseline points="1175,2639 1211,2643 1248,2646 1285,2649 1322,2650 1358,2651 1395,2652 1432,2652 1469,2652 1505,2651 1542,2650 1579,2649 1616,2648 1652,2646 1689,2644 1726,2642 1763,2640 1799,2639 1836,2637 1873,2636 1910,2634"/>
                <TextEquiv>
                    <Unicode>wart zum räblichten umb 36 bz verwechstet.</Unicode>
                </TextEquiv>
            </TextLine>
            <TextLine id="r3l50" custom="readingOrder {index:49;}">
                <Coords points="1866,2723 1927,2722 1936,2714 1963,2719 1979,2710 1995,2722 2027,2722 2025,2681 1974,2684 1952,2668 1922,2660 1912,2665 1889,2654 1864,2664"/>
                <Baseline points="1871,2708 1896,2707 1921,2706 1946,2705 1971,2703 1996,2703 2021,2702"/>
                <TextEquiv>
                    <Unicode>die eine</Unicode>
                </TextEquiv>
            </TextLine>
            <TextEquiv>
                <Unicode>165
Widern an eheren solcher maßen zuverletzen ange
langen, das er ieme gantz ungeschücbt einer
schihmen mörder kätzer unnd verrahter geheißen.
volgendts, als er von zwegen landtmannen, welche
aler gan frouwenbrunnen thüren sollen, deß nachts
verwachet wordenn, habe er sich am morgenn
bin de mitte der stuben getelt sin wambsel sampt
den stricken, mit denen er gebunßer gsin, abzögen
ein stul genommen unnd geredt, detz wäre er ein
man für minder unnd ob glych wol er haruff
widerumb gebunden worden, habe er sich doch Vnder
wegen nach brouwenbrunnen abermalen mit einer
landt ledig gemacht unnd zufliechen angehebt, we
aber angentz widerumb ergriffen unnd also volgendts
gelenklichen gan frauwerbrunnen gebracht
hauff
worden.
Als habent derwegen nun gnedig herren schult
leyß Rhät unnd burger dißer loblichen statt
Bern uff ihren sydtzu vecht erkhenndt unnd
soreschen
as mur Iune dem Nachnechten beutlechen der dem
oben uff uff gewohnliche richtstatt zmme alda
sin haupt abschlachen unnd also mit dem schwerdt
vom leben zum todt nach keyßerlichem rechten
richten sölle.
Dißere Urtheyll ist uff sambstag den 27. januarii
11616 jars an inme Martin ordenlichen erstattet
wordenn.
Jacob Sher Bonn
vorbhouffen.
einnach Jacob Wyer von Worblauffen burtig ein
verzochen järig knabli wegen volgender dreb
stälen verdacht unnd gegantlich ingezogen
worden, hat er deren halber uff mitwochen
Den 7ten februarii 1616 jars in byweßen
der eherenuesten kr Jacob Thormans deß
Rhats und Burckhart Fischers Großwenbess
In der mannenkeffi alhie versachen unnd
bekhenndt, das er namlichen einem Euger
so by jhr Rudolphen von Erlach in dienst
Im deßelben fr schüren uß einem tschopen
dy Ducaten sampt einer sonnen cronten
genomen vnnd entfrembdet vnnd selbige
volgender gstalt u�geben unnd vertriben
habe
Als habe er gemelte Sonnen E. by Jetzigem hußen
wart zum räblichten umb 36 bz verwechstet.
die eine</Unicode>
            </TextEquiv>
        </TextRegion>
    </Page>
</PcGts>
