4000 3000
35 85 137 156 192
174 53 876 159 sinem hanndtwercken gewinen, unndt sich se
172 119 971 219 sinigen also dardurch bringen mögen, bittet aber hieneben
875 130 961 189 t den
167 155 963 248 eins hocher oberkeit umb söllichen siney tnnthal gned
164 186 977 292 klichen umb verehuung, mit ein aen im ghab erzeun
172 220 971 315 r g begnadet werde sich der gstalltenn er vergallten
160 257 968 354 daß iren daß künfftig mag gahuntz kein kag noch et
180 305 959 374 waß vnneerberß vnndt böses vonn Inne vnemme
174 320 962 418 werde, dann er sich vber disers noch Jeder Zytt eheli
164 355 602 434 Vnndt wob gehallstenn habet
160 438 987 562 gstorf monntag segen 6 augusti 1616 Jarß jnnd
176 477 893 577 sch alfenn werek erkennt unndt gefhürt worden
270 751 801 855 Janns Bagner
344 825 722 887 von Walckringen bürtig
170 911 888 1020 Vff Wittwuchen den 31. julyi 1616 Jer
182 975 892 1038 Ist durch Herrenn Bueckardt Fischerg Groß
206 1025 892 1092 Weybel Hannß Wagner von Walckringen
204 1063 863 1134 burtig Inn der Mannen Keff alhie sines
201 1104 893 1169 mußiggangs vnndt etlichen enntwendeten
195 1140 891 1218 fleysches wegenn mit wortenn examinien
195 1181 900 1259 vnndt befragt wordenn, der hat nun sich
200 1227 563 1294 vsprochnen wie volgt
168 1290 888 1379 Deß erstenn betreffendt de Inne vor ge¬
196 1359 897 1427 haltenen müßiggang, hat er vermeldet
188 1398 887 1454 es sye nit weniger, dann das er bißwylen
185 1434 880 1498 der arbeit nit do gelegenn, wie er aber
206 1476 902 1546 sollen, sonnders zug Zuttenn sich der selbe
201 1517 882 1590 enntzogens unndt dem müßig ganne
194 1561 870 1634 nachzogenn. Solliches aber sye vß der
188 1600 909 1676 Ursach beschechens, das er nun ein zyt da har
200 1635 914 1714 mit einer sonderbaren Zuuerlichen Kranck¬
203 1683 722 1757 heit behafft gsin, vnndt noch sye
177 1733 900 1826 Selangendt aber demnach daß jenige fleyß
173 1806 904 1861 So er an einem gwüßen ort enntfrömbdet
198 1845 891 1919 haben solle, Darüber hat er zu anntwort
173 1891 910 1952 everoeng laßenn, alß er eines tags iun eine
185 1931 881 2001 Keller holhte zug der Staff (vermeine In¬
201 1965 897 2039 mines hrren schultheißen sägers keller be
182 1998 910 2085 schechenn syn) getruncken, vnndt enntschlaffen
189 2049 880 2124 habe er als er hernach erwachet, setlich
186 2098 884 2170 grün fleysch inn einem sack, so unnge
196 2130 899 2206 fhar Eicheng Zwölff pfunndt gseg by unndt
198 2177 896 2242 erkennt sich gefunden, daßelbig, wyll er
201 2215 919 2286 allein vnndt nirmandt, by Imme g syn, ge¬
197 2257 907 2331 nommen vnndt dem hußwirt zug Schutzen
191 2295 917 2359 verkauffen. Wyl aber der selbig sölliches nit
186 2337 897 2406 nemmen wöllen unndt er betrachtet, daß es
195 2370 917 2454 nit das synig gsin, habe ers noch malenn inn
200 2419 896 2488 einen Keller geworffen, vnndt da selbsten
192 2454 893 2517 bigen laßen darnebent aber auch andere
176 2510 805 2571 sanndtwiters diebstäl mit begangen
788 2565 884 2657 Ob.
1060 2063 1128 2138 Im
1849 36 1956 107 193.
1106 20 1818 169 Obwob diser Hannß Wagnes uf monte
1101 87 1781 210 dn 5. augussi 16 16 Jan vber ob gemelte
1110 139 1790 246 runtig durch Herrem Großweybel schischern
1100 179 1798 289 oer maln müt worten befragt worden
1119 221 1819 329 heter doch witers unndt vernners nit bekenn
1108 272 1811 360 wollenn, sonnders es by ob er lüterter siner
1116 313 1803 409 ethaneg bekannt wn s genntzlichen vrolgben
1101 351 1909 448 laßn. Ift deren wegenn iem etlichen tagen darnach
1103 388 1822 492 uoff ein ceusur weiderumb ledig geläßenen
1109 468 1256 544 worden.
1118 680 1764 791 Juntz Angerger
1320 755 1646 839 burger alhie
1733 822 1781 863 4
1100 822 1915 951 Vo vff Mitworhen den 22. Mayi 616 Jars
1119 893 1922 986 mr Hanns Gulberger der tischmacher alhie uß
1117 943 1952 1034 beuelch miner g  unnd obere durch hhr Jaco
1116 987 1910 1084 dilliern deß Rhats unnd Burkhart Fischern
1113 1042 1960 1121 Großweybel inn der mannenkeffi alhie dß durch
1113 1086 1972 1171 Ine mit zerhortagung eines bloche mr Hanns
1116 1127 1921 1211 dißis lertt abgelübten stieffsöhnlin zugefügter
1120 1174 1955 1273 schadens vnd dahar ervolgten leidigen taßtshals
1125 1223 1948 1302 ob er dieselbige Zeunderlaßen nit gewarnet worden
1122 1275 1958 1349 unnd ob semandt inne darzu angereitzt nit worten
1125 1307 1945 1400 examimert und beklagt worden, hat er sich volgenden
1133 1363 1742 1430 maßen verantweihtet und versprochen.
1130 1377 1956 1484 Namlichen, wie das nit weniger, dann das er vor sienen
1133 1452 1952 1527 hußein gewüse blord ghan ligen unnd aleer daßelbi
1139 1492 1964 1578 wyll es anderen gstalten ni gespalten werden mögen.
1131 1537 1925 1626 srengen wöllen unnd zunöterft ein loch daryn
1137 1569 1950 1661 geborten, wendel des schmid dahar khoumn unn
1133 1624 1907 1711 habe zu Imme gesagt, wann er Ime Wendel en
1136 1659 1983 1751 halb maß wyns bezahlen, wolle er imme bulfer geben,
1145 1706 1961 1797 damnt er das bloch vorenin khönne, zu welchen
1143 1756 1969 1856 gelagt, ja sölle es imme bringen saruff
1141 1803 1967 1888 ie gemelter Wendel gangen, habe das bulter ge¬
1147 1843 1957 1940 ericht, im das loch geschüttet unnd mr Hanns
1136 1889 1940 1992 Heinrich Berport der Steinmetz den Jarfen darge
1134 1946 1976 2043 geschlagenn volgendts sin dülbergers gsell, so Jetzonder
1137 1982 1992 2091 In diell sie, angezeindet, vnd das Koch zersprengt
1149 2031 1988 2130 daruß Fißer leidige unfhal alßbaldt fruolget lee
1121 2067 1997 2178 das aber dißere sorenge nit zethun Jemandt Aber
1142 2122 1973 2227 mandt habe Eyo gantz nit dann wo daßelbig be¬
1143 2171 1994 2262 heshen, hätte ers underlaßen. Wyll aber man ine
1148 2214 1978 2317 mit der sach gertharen laßen vnnd Inme nützet
1154 2269 1988 2366 abeewert, habe er uß teinfalt unnd das er keins
1154 2291 2013 2405 wegs vermeint, ein solcher großer vnthal daruß
1162 2350 2022 2461 ertstahn sölte diße sprenge zugahn laßen, jedoch
1162 2400 1979 2494 arby keiner ley gestalten bezeit noch thon Sen
1160 2438 2015 2541 ghan jemandem dtardurch einichen schaden zuzefügen
1160 2483 1976 2590 Wyll aber (leiden) das widerpil sich erzeigt
