4000 3000
44 25 140 78 246
191 28 1000 178 act haber bekant, dad ab sech is dreind
182 122 1027 242 ancd Ime ein vnnehrlich knnt zu geeignet, da
194 169 1021 286 selbig auch imme zugespracheng worden, er sich soch nit
167 217 1004 328 Ire niemalt Enn ffleyschlicheng Werckenn segamnen
195 268 1044 389 unnd deß wegen ire auch eüntzikbung kruteren angebeten,
197 318 1032 425 noch sich ira berünbt habe, wie er danseig sollge
187 369 1024 482 ihra Wundermurdts er halten Wollen, vnnd befärb den
201 419 654 502 sy imme vorgestellt werde.
156 471 998 585 Prlategeneds frenners, das er hieuor etlichen
161 532 1031 640 Jarens mit pfierer exaod sich uff einen berg begeben,
156 584 1033 702 Da selbsteng by einen Jar ennthalten, vnnd einer nacht
169 639 1014 750 zu Feine Trcodgesprochen, man sagte, er hate
181 693 1025 797 eich glußligh, dero hallbann so er sy vosih obeg herab ze
192 745 1041 855 f kiechen macheng köstete, er imme denntzmalen sig buchsey
182 797 1017 905 vnndt dedo Dugateng schmicken wolte, gemelter
199 854 1005 953 Ertad aber Imne Verspotet vnndt zemeldet, man
199 902 1051 1024 imme unrecht unnd alß ses nacht wordeng, sy uff dem bey
177 961 1048 1073 habinnt verblyben müßen, Imne der nacht aber ermiess
149 1013 1017 1122 Inne acorb gewerkt. SFrechennde mag hörte
213 1062 1010 1157 ein getoß, E. Acob gesprochen, es were der win
180 1119 1045 1210 Der also brületete, er minod geanntwortet habe
209 1172 1045 1264 es sye Villicht das so Ime am abendt nemmen wolle,
193 1229 1034 1311 Uber diseren pundten ist das sey bescheidt, das er
208 1281 1049 1368 by einem jag uff den berg gsyn sy unnd angedüt
212 1336 1050 1424 gespräch gehaltung haben, sich nit wüße ze erinnen
159 1386 1041 1504 Anblecher hatt er bekennt, weig er die denge
111 1465 1050 1553 Wort, namlichen das er die eine hanndt gebehwölte
186 1519 1032 1608 das er sinen Vatter niemalch gekennt heste, geredt
189 1568 1026 1657 Dauer aber für wenigsteg mit weße, so sye er
166 1629 1050 1720 Imme bang herheng widt unnd müße bsor langst
216 1678 463 1768 siy beklechen.
152 1706 1051 1832 Ist uff mitwuhen den 25. martyi 167 Janß
191 1786 1037 1866 ff nig consus unnd abtrag kostens widerumb uß
191 1857 1031 1933 vnndt ledig gelaßen gewördung erkhennt, aber vrst
199 1890 1046 1984 Montag deß Letstenn eiusdem der pfanngenschafft
222 1950 599 2026 erlediget wordenn
400 2074 872 2199 Ulli Bacpman
321 2156 857 2258 Vndt Margret Widerig,
379 2220 844 2326 renertsihen, beid von zossingen
328 2269 410 2345 l
399 2296 522 2362 bürtig
222 2320 1013 2445 AEs vffmit wochen dene 15 Januuli
215 2373 1037 2519 1677 schnoß durch die ehrwündigen wolhe
223 2442 1050 2579 lenten, Pranz Iles vnsteg, Versuchtigen vndt
178 2504 1027 2633 Wysen Hrr Frmannum aignariaun
1877 13 2016 88 1247.
1115 33 2030 161 professoren der h. schafft Ho Glado Wyerman
1113 116 2027 223 Deß Rhats unndt zuerwort Fischern (Haßwegbe
1129 172 2031 294 Uli Bachmann unndt Marget Widerin ehrnentsch
1139 225 2013 330 beß bang zespung würtig, ihrer her vor andge
1145 274 2032 393 emnng unndt biß han continuibrten Teüfferischen
1166 332 2014 429 of halben In der jnnsel alhie grift worten
1163 387 2043 490 ervorsehet, vnndt über nach gesetzte puncken befraght
1160 447 1981 544 Wordeng habent sy sich deß einen und bandertg
1159 500 1746 603 volgend maßen, od buntwartet
1111 572 1989 718 Vnnd sio d eiste, alß nan sy befregt, alsy
1149 653 2011 750 aller vnd Jedes runcten, deren sy von den bi¬
1094 702 2007 823 Hosfingen kundt anklagt worden anred Zundt
1154 756 2008 864 gestendig sgent habent sy geandtwortet, Ja
1121 811 1981 932 undt kömmend inen vorgehalten Artienen
1157 880 1393 967 nit langnen.
1174 957 1997 1112 Dermath alß so vmb der Vrsachen deren dingen,
1169 1048 1968 1161 darüber sy angeklagt, befangt, habent
1160 1107 1598 1200 s ve medet wibelget,
1139 1189 2004 1334 Db ssch wider teuffen laßen, ye eß dresen
1173 1280 2007 1391 beschechen, das der kinder tauff nit recht sye, da dan
1184 1339 1992 1427 obgeneld Uld Zanhman Perners angezegt, das er
1184 1391 2012 1503 sich vor vngepharlichen 16. Manaten zu haffenwyl
1159 1450 1985 1555 Osßert dem dorffhn einen sonderbesren huß
1167 1507 2014 1607 Welches einer Wittwen elßbeth gemangt, zu
1160 1568 1977 1665 steedig sye, durch Caspar den schumacher
1161 1624 1969 1711 habe Widerumb tauffen laßen: Sy diefe
1161 1678 2018 1759 frauwaber Dorgra vermeldet, das sy schan vor
1154 1735 2007 1824 etlichen Jahren vor Irdig Eheiin wider taufft
1172 1796 2052 1874 Worden he undt kens von deß anderen wider
1170 1850 1535 1953 auffl geleist habe.
1125 1945 2056 2075 Das y aber vnsere gemeiden vnd Luchgängnit
1173 2030 2030 2125 besichint undt nit sacrament meßit ge
1166 2096 2071 2199 schuhe darub, das die predig müt erkunnt
1163 2152 2039 2248 die Wordiranzselbs gkloßen sent, un
1166 2210 2070 2317 den Merdichen, vil gott loser Luten zusamen
1158 2272 2042 2371 Komint vnndt mann die Gott losen ben d
1152 2324 2078 2432 Gmeindt vnd den Saerament nit bßschließen
1163 2421 2048 2560 Das sy dene zur Hhongricht oder auch by das
1173 2509 2030 2626 erdieanl Mmange sechen sy zu den einen
1898 2592 2050 2707 bdt
