4000 3000
52 18 138 85 170
200 28 996 176 Erstlich namlichen als er vernommen, das deß lede
196 95 1009 198 Lrmane verter geredt, er habe immer ein aerk
211 139 1015 265 ertgrenhet, welches aber nit gse habe en sihait
196 168 1008 288 zu demselben verfügt, imme solches vorzuhalten, das
215 217 1001 347 aber also hart an ein anderen gewachten, das das
197 265 972 367 genig ime zum ersten angriffen unnd mit einem
216 302 981 421 sterken schlachen wöllen, er gefungene aber als
215 346 965 452 sterkerthmme denselben vsh den händen gerißen
221 386 1014 514 unnd dar mit uff der rugken geschlagen, iene hin
216 434 959 527 nit zum ersten noch hinderwertz angriffen, es
214 476 978 571 habints aber zwey Meidtli als Barbli Märt
215 516 989 629 unnd Chistina Sh sin gefangente vatter buge
222 566 975 655 Hanßen ehefrouw, welcher maßen sich dißer sach
228 611 969 709 verkauffen gesechen unnd darumb ze zügenen
218 659 346 730 wyßen
221 670 995 783 demnach als uff ein zyt iren zwen inne im einen
242 743 1005 836 tall angryffen und sollachen wöllen, habe er sich
228 780 1005 879 gestelt unnd gesagt. sy söllindt inne ruwg laßen
246 836 1000 926 und schwygen, er habe noch niemalen den lüffen
239 896 995 958 das Vych (reuerenter) angangen, wie aber die
235 926 1007 1005 meydtlin sagnt, das der ein uß inen ramlichen
248 975 999 1051 dem egger sölle gethan haben, diß aber habe
246 1014 1014 1097 Gilgen Brügger, welcher auch harumb werde zügeen
240 1078 484 1139 khönnen gehort
216 1091 1022 1192 Danethin habe, auch uff ein zyt einer zu Uri sa
233 1159 1023 1243 genandt wegen derselbig imme einen schuch uffge
234 1204 1014 1275 hiwen, betröüwest, er wölle Imne schlachen, das
228 1246 695 1320 ime lyten müße angahn.
192 1265 1034 1356 Endtlichen hatt er bekhendt, als eins mals in schwesten
234 1333 1016 1418 imme ein löffel den sin vatter imme gekhaufft unnd
261 1381 1031 1453 eines dicken werdt sin, genomen, vnnd selbigen In
260 1426 1031 1496 einen trog verschloßen, habe er den frag vffbrechen
258 1469 1022 1540 wöllen, in dem aber ye ins vatters bruders
258 1510 1007 1575 sohn mit einem Baren stieß dahar thommen unn
239 1554 1028 1644 Inne stechen wöllen, zu welchem er dem alen gesagt
249 1604 1011 1683 habe, waenn er inne täche, vnnd er gefangere
246 1643 1025 1736 z'nechst khönne, wolle ser ime auch schlsachen unnd
251 1703 539 1780 ein glyches thur.
222 1750 1025 1865 Ist zwey mil lär, vnnd ein mal mit dem Kleisten
239 1827 1025 1903 stein uffzegenn unnd nachmalen von solcher
246 1874 1031 1966 siner bethandten diebstälen wegen an das
239 1910 1011 2002 gemein ohallenwerk uff gnad unnd gugen,
239 1972 959 2063 chynliche beßerung hin angeteßlet worden.
620 2023 752 2089 kee
869 2063 1032 2204 Bul
294 2112 619 2215 Habehta
344 2171 961 2279 uß der Herrschafft Biokey seligene
553 2243 863 2322 verlaßee.
219 2352 698 2447 Biewol Jsabehta Wyllundt
256 2369 1070 2505 uß der Herrschafft Bioly seligen verlaser siten
256 2424 1065 2529 so ein zyt lang inn der vogti Lauppen und andere
261 2468 1039 2572 erten im bättel umbhar dem allmußer nach
256 2519 1043 2640 wegen verdachts unnd argwohns der Häpfege
1899 32 1998 90 177
1136 55 1955 171 gesenklich angenomen, vnnd volgendts alhar ihn
1127 112 1967 217 grn g kandt unnd gefangen schafft überschicket
1122 159 1976 276 doch zu wyle s als üg uff zinstag din
1132 207 1979 304 28. maii 1616 jars iur byweßen der frommen
1137 250 1952 344 fürsichtigen, fürnemmen unnd wyßen hr Jacob
1134 295 1988 392 Tharmans dess rhats Hanns Lubwig Ongpürgers
1136 340 2008 429 der burgerern unnd Buckhart Fischers Großweybels
1136 385 1940 483 zu Martzili alhie an de marter geschlagen unnd
1139 438 2006 523 daselbsten gezigener sachen nach esturfft mit worten
1146 474 1991 574 xamimert unnd befragt worden. Ist sy deßwegen
1139 521 2008 614 w�gkn nitzit uff sy erwaaret werden.
1142 563 1979 656 mögenn unnd sy darneben inn die fünff oder sechs
1137 619 1986 698 wochen immgelegen, uff mitwochen den 29. maii
1143 665 1974 750 Hars obstaht durch nin 9tag shrn schultheyßen unnd
1140 704 1970 801 khat der efangenschafft uff ein censut hin ledig
1151 754 1982 850 erkhendt, vnnd donstags darnach vß vnnd ledig
1448 804 1481 863 1
1151 809 1433 881 gelaßen wordenn.
1140 829 1969 935 gantz nützit bekhennen noch gestendig syn wollen
1166 897 1976 968 inders vermeldet unnd mit marter erhalten, das
1157 940 1884 1031 unschuldig hye unnd hiemit fra überscheche
1202 1038 1829 1221 Jacob Eschöümel
1341 1185 1603 1284 von Inss.
1097 1320 2006 1414 Abs uff mitwochern den 22. maii 1616 jars
1149 1376 1956 1453 U beuelch miner gt s unnd sberen durch dr
1151 1409 2030 1497 komin Eherenueften fürsichtigenn vnnd wyßen herren,
1152 1471 1948 1551 Jacob Gilleern deß Rhats unnd Burrkarten
1152 1523 1988 1594 Fischern Großweybel Caspar Thönmet von Ins
1161 1561 1962 1642 gezigener enthaten, weren wegen ir vom hin
1163 1613 2018 1686 schultheyßen zu Gürer nargegr und gewahrsamlich
1163 1651 2038 1723 alhar gethurt inn der mannerkeff alsie mit worten
1161 1702 1958 1787 befragt unnd examinert worden, hat derselbign
1163 1747 1727 1838 volgenden bescheydt von sich geben.
1164 1785 1991 1877 Namlichen als er vnnd Simon Geyßler auch von
1163 1858 2013 1930 Ins eins mals mit einanderen getruncken unnd sich
1188 1909 2058 1983 sysaamen also lang verwylet, das die nacht sy ergriffen
1169 1944 2021 2032 habe sich begeben, das als sy uß dem wotshuß uff die
1170 1991 1996 2075 gaßen khommen und er an einem Ghrybler aber an
1172 2041 1992 2125 einem anderen ort  doch nach by iur gestandenn
1172 2101 2036 2159 ein klein knabli dahar kommen unnd fürgahnt wöllen, zu
1183 2140 2010 2222 welchem gesagter Geyßler einen stein geworffen,
1179 2191 2001 2273 habe daß big Pnabli angentz angefangen jämmerlich
1170 2231 2037 2300 thryen, vnnd wie wol er inne darumb abgemandt vnnd
1177 2278 2030 2364 bescholten und gesagt, er werde gemacht haben, das sy
1176 2327 2069 2405 wol vnnd gung werdent zuuersprechen haben, habe es
1183 2373 2039 2452 doch by imme so vil nit erschoßen, weder das er
1188 2421 2060 2503 heyßler zu ferre gesagt, ob ers dann offenbaren wölle
1197 2474 2027 2553 uund als er uß tatht) gesagt nem, habe er nit
1187 2511 2027 2597 destoweniger hernach zu zweyen manspersonen so
1200 2559 2085 2656 auch Jahar khommen, glycher gstalten geworffen, die dann
1927 2621 2052 2686 ebener
