4000 3000
50 1275 173 1329 der Jrahu
44 1314 162 1353 vor die Ehe
54 1341 171 1388 verheißenn
648 76 700 133 61
78 96 175 167 90.
302 64 827 175 Sepulit der
388 142 775 229 von Münsingen
121 207 185 303 d
91 239 948 371 Li zlychthalg Ift diber Vrsula Weyler durch vor
193 313 944 405 gelte eherende herren hren brat Herparten deßen
183 339 947 448 Rhats, Wilhelm Hirtzen der Burgeren vnnd deig
182 401 937 497 von Büren Großweibel tags vnnd tars er
189 442 942 542 gemelt vorgesagten mit damel Stucki begangnet
179 491 939 586 fhäleren unnd verlauffs unnd beschaffenheit halben
191 538 936 624 selben, auch etlicher gezigten diebstälen, vnnd mit
188 584 918 664 wein sy sich wytheis vergangen, Im der Wyb
181 639 946 717 teffi alhie mit worten examimert wordenn, Welh
195 679 951 770 dann uff sölliches nit volgendem bescheidt (weinen
200 715 946 795 begagnet leider wahr syn unnd aurch sia ehers
198 761 941 854 wegs zuuernemmen, das sy mit gemeltem stucki
191 809 933 889 diy vnderschidenliche Eheler begangenn, vnnd als si
194 852 930 941 letstlichem von Tense schwanger gsin, er sya mit
185 909 954 978 funff cronen inn luderner gebiest, daselbsten thindte
186 946 959 1026 zuligen abgefertiget, auch beuolchen, das khindt aller
195 996 954 1070 Imme zutouffen vnnd Inne als vattern deßelbigen
198 1034 951 1119 namsen zulaßenn, das er aber ja angethrißenn
195 1079 936 1170 gemelt khindt nit jenne sonders seinem anderen
201 1130 498 1188 zuzetouffen unnd
513 1132 958 1210 sölches gethan habe, sye gart
191 1172 722 1249 nit, sonders bescheche Ihra vnrecht
195 1212 936 1290 hieneben aber sye nit weniger, dann das er sia
202 1262 936 1327 angewißen unnd überlistet, inn dem er sy berede
492 1302 757 1343 alhr 100  Jacob
204 1314 939 1391 vor dem cholgricht anzuzeigen Jonggi habe syn
200 1355 926 1431 geschwengert, welches sy dann uß einfalt und si
201 1401 784 1478 stuckes liftigem firgeben gethan habe
199 1446 966 1514 Sonften habe sy keinen diebstal niemalen verbracht,
210 1490 957 1562 auch ufert dine stuki sich mit niemandt anders
207 1533 957 1604 vnnd wythers vergangen, als der sy stets zum the¬
215 1578 957 1653 geleiht unnd dra alles jeder zyter glatt fürgeben
206 1624 948 1701 unnd ufgeredt, glychsam es nit gefält syn sollte.
189 1674 969 1757 Erzeigt einen eynen rüwen mit sctiffzent vnd weinend
209 1733 948 1806 augen, erbütet sich der beßerung unnd begärt der
194 1777 321 1845 gnaden
1868 64 1943 128 91
1206 20 1860 259 Bauli Wler.
1331 211 1680 285 von Mendingen.
1072 269 1965 398 uff Sontag den 18. novembris diß
1074 348 1897 454 4 jars inn gegenwürtigkeit
1082 408 1921 513 Vnnd anhören der tromen hernemen
1083 436 1952 565 Wysen herren brath Herporens deß Bhatts
1101 492 1947 603 Andres Haberers der Burgeren vnnd
1000 555 1950 667 Duind von Bürens Großweybells unnd
1101 597 1962 697 ertlicher weiblen miner oshernn
1099 654 1939 752 Oberen dieneren, hat Pauli Wyber
1094 705 1974 808 Margrett Dünsthi unnd Hanns Berli
1099 753 1964 844 man zu Marzili beckheitt verzächen
1102 791 1940 888 ouch mit der Martter erhalten vnd
1099 864 1414 952 besäniget
1100 939 1955 1041 vnn alls er Wyler aller ertlichen betragk
1100 1003 1975 1082 ward wie offt vnnd diek daniel Stuckh
1071 1046 1974 1140 hen sydeß gfangnen hus komen vnnd
1109 1090 1941 1179 allda sybend wie buch syn gelangnen
1099 1131 1953 1235 tochter ursi genampt mt so mit ime
1101 1179 1964 1279 Stuckhi gun bösein verdacht, mit ein
1100 1224 1929 1311 anderen gesen vnnd truncken hat
1104 1273 1958 1371 zu Antwortt geben ettliche aber gar
1073 1333 1422 1411 secit velene al
1435 1350 1482 1408 4
1513 1353 1565 1410 81
1109 1383 1966 1488 sanne nach dem s mit ein anderen geßen
1094 1457 1935 1519 vnndtrunckeis vnnd spangsin hab er
1101 1500 1931 1568 ein, oder zweymal Vermelten Stucke
1100 1523 1964 1628 heißen dapfhin uffvsis bethliggen.
1095 1604 1940 1699 Item so habe er ouch Inne Stuckt zwey
1112 1671 1877 1746 mal zu syine tochter Ursi gerdich
1074 1715 1492 1790 wegen das kind
1496 1716 1974 1792 so sy domalen ghan
1083 1756 1931 1839 vnnd Stuckhis gsin trank gsin da
1112 1801 1958 1871 e darn ouch gun smein his uber
1112 1851 1964 1923 nacht gsin vnnd verbliben So sye
1110 1888 1944 1951 auch er Stuckhi uffeinmas alls ehr
1107 1940 1962 2003 gefangne alhie vß der Statt Eien
1046 1981 1984 2057 vnnd anheisch worden, inn inem
1010 2021 1088 2067 d
1093 2028 1949 2107 hns innder stuben uff dem stull
1439 2080 1588 2110 ordene
1124 2071 1950 2151 iendegfunden, da zu tochter ai
1126 2118 1974 2200 anheiisch gsoie, hieruf er sy beide be¬
1116 2168 1306 2237 holten.
1037 2217 1953 2338 Dannothin habe er ettwan ein klungk
1043 2305 1930 2388 Jarn von einem denbb genomen
1053 2344 1933 2440 Aß welchemer harliff gemacht sine
1107 2399 1959 2483 gschirr, so zu sinem Handwerck ghöne
1056 2439 1794 2550 danit zuuuerbeßeren.
1069 2534 1953 2670 befragt worden, ob nit auch andere sich
1097 2629 1925 2722 mit sinen töchteren Vergangen gab ze¬
1099 2671 1930 2758 antwortt wie das man Ime daos
