4000 3000
46 94 126 150 156
176 116 930 278 dem namlichen er Martin gemelten Minder
188 198 952 332 mals vor dem wirtshuß zu Limpach mit ein
197 228 956 370 bielhalm zu boden geschlagenn vnnd darüber
193 275 967 420 sporochern haben sölle, er habe langest gerd
185 331 967 466 er wolle imme trochn unbbiigenn. Deßwegen
187 370 972 505 darin gesagter Minder umb fürsechung eüwi
210 418 944 540 icherheit gebetten, vnnd begertt, Inne was¬
193 479 982 594 meistern uff sinen costen gfencklichen ganschrei
200 511 996 652 bruten thüren wölte, das dann haruff beschen
181 569 996 701 Vnnd darüber Vorgemelter Amptsman der des
174 608 958 722 Ine Martis Abgeschlagenen schmach vnnd tei¬
197 653 936 757 worten halb gebürende thundeschafft und
197 700 959 816 mation vffgenommen. Eßs welicher khund
175 753 981 874 schafft nun sich gnugsam befindet unnd nach s
198 801 971 910 Rechters henter erwißen vnnd bybracht worde
154 881 973 1002 Deß erstenn wie das ermelter Wasenmeister
191 955 964 1053 Marttin mehrgesagten kinderer offtmalenbe
207 1010 989 1109 schultiget unnd geredt habe, er habe ime ein hat
194 1060 973 1154 mit gunst zemelden) gefolete, wie ein sohelm
216 1109 978 1207 unnd er wölle imne noch umbbringen vnnd mit
200 1152 640 1230 steinen zutodt werffenn
174 1195 984 1292 Demnach habe er sich inn sinem schmechlichen dien
184 1260 994 1341 Im welchen er sampt noch seinem anderen sich selbe
209 1309 1000 1399 eigenen mutwillens begeben, sich anderer gstalte
206 1352 998 1436 nit verhaltenn, dann das, So einem oder dem anderen
222 1407 993 1477 mit reulrentz gemelden) etwan ein not abgungee
222 1456 975 1528 vnnd verdorbenn, vnnd man glych wol nach
201 1510 996 1582 imme geschickt, er doch gint habes khommen wöllen.
215 1555 993 1633 also das der ein eins ander söllich verdorben
221 1605 1007 1688 Vych selbs lorgen mußen, vnnd demnach er daßelb
214 1655 984 1731 widerumb herfür gegraben, die hut genommen
222 1697 993 1778 unnd verkhoufft unnd volgendts das daruß
225 1753 1011 1836 erlößte unnd sonsten ander gewunnen gelt mit
222 1803 1003 1883 einer gemeinen dirnere, welche fieuor mit einer
230 1842 1000 1922 übelthätigen ahhie zu Berr hingerichten pesen
230 1880 995 1968 offendtlichen Vmlher gezogen, verzächet, mit den
242 1933 991 2027 elbigen auch inn zyt einer warenden ehe im
222 1987 998 2075 suey unnd ehebruch sich lychtferliger wyß ver-
222 2035 612 2113 tiefft vnd vergangten.
228 2076 989 2173 denne als mehr angereghter Martin der gefangen
224 2134 989 2226 vor etwas hingewichtner zyt unnd mordatte im
224 2174 1000 2277 siehaus gselig wirts zu Milche hus ein trur
221 2224 997 2327 gethan undd sich etlicher gstalten nit wyn vder
227 2269 998 2360 nommen, habe er sich demnach den Hanns Cerns
224 2330 988 2408 deß anderen wats daselbeten huß, da
231 2354 1010 2458 dann Hanns Mitn der der elter mit und
241 2434 985 2523 mer nachburen unnd anderen landtlichten eir
225 2465 998 2569 abendtrunk genoßen, verfügt, allda ein halb
230 2524 989 2613 maß wynn geuorderet unnd nach dem man
202 2571 1001 2659 inne sölliche werden unnd zukhommen laßen,
222 2615 998 2689 mit derselben zu einem tisch, an welchem zwe¬
228 2662 980 2737 schnider gearbeitet geseßenn, alßbaldt mit un
225 2688 983 2803 lchtferigen worten ußgebrochtenn unnd habe
1017 1173 1111 1252 eist vnd
1887 29 1932 70 1d
1177 46 1954 213 mindern an eheren der gestalten geschmächt
1093 110 1968 303 senen minder darab ein verdruß empfangen
1098 166 1966 345 vnd dem wirt, beuolchenn, Inme gefangenen von
1109 223 1934 395 ehrlichen lichten abzesinderen und uff der stuber
1097 260 1927 439 zuuerschaffen, dann vorem sölchen nit gebürenn
1100 312 1953 476 wilt, sich zu eherlichen lüchten zugesellen, welches
1104 355 1937 540 hgedachter wort zu mehrmalen erstattet und
1099 422 2006 576 zwar er verhaffte Martin etliche val ubgetragen
1117 450 1951 602 ber Jeden mals widerumb hinge kommer Brim
1113 506 1950 658 sis vor verübt wäßer eräferet, das dann inm
1094 562 1931 706 kindern der maßen unnd so eher beschwachet
1108 611 1971 746 das er angezeigt, er habe zu frouwenbrunnen
1105 657 1963 796 gehärt, das man inne Martin nit dulden sölle
1108 699 1984 843 derhalben vnnd diewyll kein verwarnen noch
1115 761 1942 887 abhalten by zume erheblich, sölle man inne
1117 800 1989 942 gefangenen behendigen, vnnd vff sin Minders conter
1106 841 2001 1002 gefencklich gan Frouwenbrunnen thüren, welches
1111 905 1967 1045 ausch beschechenn vnnd er gesagte Warsenmeister
1114 962 1949 1086 daruff hin gebunden worfen, Vnangesechten
1118 1012 2010 1122 aber sölcher siner baudere nach dem ers iich nrbent
1129 1057 1977 1179 sich uff einen stul gesetzt unnd niemandt hyner
1124 1111 2010 1222 wahrgenommen, habe er sich bunersechener (wyß
1117 1167 1971 1278 zu offtgedachtem Mindern, welcher vff einem
1117 1216 1977 1316 anderen stul geseßen und imme der rucken gethert
1124 1266 1946 1365 begeben inne by dem halß erwütscht, hinder
1138 1308 1959 1422 sich über den stull uszogern unnd der gestalten
1130 1366 1961 1462 gewürgt, das er minder darab brun worden
1112 1408 1979 1504 Vnnd ein wyll nit mehr habe reden khönnen auch
1130 1466 1941 1544 wann man imme nit zehilkt khommen und er
1126 1509 1940 1595 uß angst gemelten Martin nit inn die handt
1132 1552 1975 1647 gebißenn, derselbig Inne Mindern alßbaldt er
1133 1599 1967 1688 wütrgt hätte. Nach dem unnd nun zwaren
1130 1645 1938 1744 Imme Martin die händt widerumb ein maler
1138 1699 1975 1793 gebunden worden, er aber sich widerumb ledig ge¬
1139 1739 1973 1843 macht, sie er nochmalen gebent sich geseßen, enn
1142 1798 1988 1893 habe über ein wyll sölliche wort ußgeschlagen
1139 1840 1960 1935 das er geredt, sanns Minder sye zwar wol
1141 1896 1971 1983 ein rycher man aber es müße nit lang an¬
1143 1947 1984 2042 stahn, so wölle er verschaffen, das er so wenig
1147 1987 1970 2083 haben muße als er, hiemit auch zedoben, vnnd
1132 2046 1989 2151 ine mindern an eheren sölcher maßen zeuerletzen
1147 2104 1967 2176 angefangen, das er Inne gantz vnsgeschricht einen
1140 2141 1947 2227 schelmen möider kätzer unnd verrächter ge
1153 2184 1910 2289 teyden habe. Volgendts, als er von Zweyen
1150 2225 1999 2322 Candtmannen welche Inne gan brouwenbrunner
1155 2273 1950 2397 fhüren söllen deß nachts verwahhe, habe ein
1166 2327 2007 2442 ich gegen mogen inn die mitte der stubere gestelt
1154 2364 1954 2486 sin wamsel kampt den stricken mit Jenen er
1153 2416 1989 2528 gebunden gsin, abzogen, sein stul genommen vnnd
1153 2465 2009 2574 geredt, jetz were er ein man für Minder, vnd ob glüe
1157 2518 2005 2620 wol er haruff widerumb gebunden worden und nach
1171 2554 2030 2653 frouwenbrunnen gefhürt werden söllen, habe er sich doch
1158 2594 2012 2698 Vnderwegen abermahen mit einer handt ledig gemacht
1176 2640 2013 2744 vnnd zufliechen angehebt, sye aber angentz widerumb
1814 2684 2016 2751 erwirtscht
