4000 3000
59 2045 156 2116 nne
45 2258 123 2337 n
101 38 197 101 228
230 26 1088 187 Das der Meszger sya Winnters zyt nit sen
231 88 1099 246 uff das fleyckh wirten laße, sonnders als se
245 146 1059 276 obfertige, Sonnsteg holessy (leyder sich auch tc.
233 199 1085 355 wyt außgaumet, das sidt sy alda zing falleken
215 254 1090 414 Am dieest sich mit nehn gedachten Cristen Berwen
229 315 1043 453 dem drittenn das feg Zury vnnd vnnzecht
197 375 833 487 Mleysllich Vertiefft vnnd Vengeßeng.
172 436 564 568 Dieg Rnbgend
205 528 1086 695 Ist uff zumtag 29 Novembris jahrs vorstend
221 604 1078 742 nach abgelegeten keffen losten, wyl sy es ergelt
209 670 1057 803 gescheffts einn Amnfengerin, neben dem vnnd erschi¬
205 728 1074 845 Denliche vnnzuchlten begaangen zwag monat lon¬
242 802 1060 916 an das Schallenn wercks erkennt, Vnnd darse
246 859 1097 972 angehrunckt wordenn, das sy demnach auch vom de
215 921 897 1024 Statts wisenn Werdeng solle ec
271 1015 373 1136 h
254 1070 1051 1200 aßun Hanz
419 1165 1040 1276 Zaugg, beyg von Steffisoleng
206 1294 1049 1399 Ais uff Donstag den 28. Novenbris
265 1371 386 1416 Haff 11
240 1366 1101 1459 16 16 Jars Ußbeurlch miner ghen unnd oberens durch
231 1420 1050 1501 Die ehrenvesten etc. Hr franntz Ludwigenn vom
222 1470 1048 1562 Erlich deß Reats, vnnd Burekart Fischerg Groß¬
237 1529 1071 1614 weybel Hanns Räß seckelmeister im gricht
233 1586 1069 1672 Steffisurg, der ursachenn umb welcheren willen er
240 1629 1073 1719 unnd anndere jüngst hingewichner zyten, als ihr
227 1683 1061 1782 amptsman der hrrn schultheiß zu ihnn sy unnd eine
221 1731 1079 1830 gemeind zu Steffieurg uß oberkeitlichem anselhen
209 1791 1083 1881 Inn sydtspflicht unnd hufedignung ffnemmen dem
220 1845 1093 1949 selbeg nit gehorsammen wöllen sonnders hallstareig
219 1891 1058 1996 wyß sich widerseers deßwegeng gang eing gemeindt
208 1935 1056 2055 hoshlich geergerete vnnd also das vurgenomme Werckh
216 1994 1089 2102 verhinderet unnd still gestellt, auch wer sy zu sollihe
188 2034 1065 2185 Anngewisen ag der mannenkoffe, alhie miternst
188 2114 1074 2249 hafftenn wortenserforschet unnd befragt worden
197 2147 1086 2297 Hannd derselbig harüber sich erlüteret die Volget:
166 2215 1077 2416 Wie namelicher nib weigerdan das den
194 2309 1067 2472 Herr Schultheis von Thug etliche tag zuvor vnndt
126 2357 1075 2504 Sehr er sy die Steffisburgen vnnd gemeindt daselbst
187 2411 1068 2558 Ang sydt uffnemmen Wëllens seiner fun schloß
182 2473 1093 2610 zu Thug vermeldet habe uff welchen tagen stliche
185 2533 1068 2676 vrichteng unnd deßing einen gemeindt zu ihrer nach,
958 2582 1076 2666 richtug
1964 50 2054 105 22x
1197 37 2042 143 richtnung offenntlich vong der anntzele ustenndigen
1208 106 2052 191 leßeng wölle, das dann auch beschechen. Nung habe sich
1209 150 2072 261 begeben, das grad deß tags, als disere huldigung zags
1204 202 2074 309 werek gericht werdeng söllen unnd er auch derselbigem
1203 260 2048 372 hanndlung by ze wohnen sich tennfhen vong der kilchene
1194 311 2060 413 teunden har an ein gewüßorth zu etlicheng gestallt.
1203 367 2069 473 Hanns Schwytzer, welcher by Hennßli Gerwer Hannß
1206 420 2030 541 zanggen unnd annderen an einem sonuberbaren orth
1214 484 2066 581 nach by der Kilchen gestannden, vnnd deß letsten Zeuchens
1196 536 2075 639 gewarttet zu imme kommen, jnnes u  was ursachen
1193 593 2053 696 aber unnd uff was unnd Hy yr temne Domalen nit
1188 649 2045 779 Ing wüßen gs) zu gemelteg versonet geführt, vnnd
1211 712 2039 802 neben den selbenn den sydt nit zu thun nungewisen
1208 765 2066 870 mit vernerem vermelden wyl der hrr raltheiß
1212 823 2051 926 deßelbeng tags vnnd stundt einn ganntze gemeindt ven
1203 876 2066 975 Jungen vnnd allten Ang Eystopflicht zrempfachen
1184 937 2055 1031 unnd hiemit eing neüwen by jnegstenngewohnten
1204 990 2061 1092 bruch ingzeführen vor habenns das er deßwegeng
1211 1049 2057 1136 wann es darzu kommen vor der menge sichstellen
1214 1102 2033 1211 vnnd aldan Innamen der ganntzen gemeindt dem
1206 1153 2049 1256 n schulltheißen offennt hach angzeigen sölle
1202 1218 2070 1314 man sy vom fren alltens brüchen unnd fryheitem
1215 1280 2043 1376 nit trengen, sonnders by den selben v lgten laßenn
1211 1337 1998 1410 wölle, Da aber sih verstamdert annders nit gsyn
1196 1387 2018 1479 dem das alleig die Ehegiumer grichtssoßen vnn
1206 1450 2069 1554 gemeine Vff secher Inn sölliche huldigung Vfsgemmn
1215 1509 2024 1607 werden, Die vbrigenh aber ennog alter brüchenen
1880 1574 2027 1639 Das er
1192 1569 1676 1667 Deßem vberhept sy sollennt.
1220 1613 2033 1719 ber also wylg für gschoßen unnd verergerliche
1200 1670 2024 1767 unnordnung, durch welliche das gute wercke
1192 1735 2046 1841 Verginderet worden, anngericht, habe er nit uß
1196 1799 2048 1903 In sich selbs, sonnders ob zemeldeter personen ag.
1220 1848 2038 1956 wysnung, sonnderlichen aber nachgemelter personen
1212 1921 2067 1999 verhaltnung vnnd Volgennder Vrsahen gethag, als das
1205 1984 2032 2077 Hanns Herffig von Rötfenbuch zu ffimne gesagt
1196 2041 1995 2152 habe sy sy ennt schlecht lüth wang sy den eydt
1214 2095 2088 2210 so mag furg also anmutten möchte thuymnt, Item
1211 2162 2030 2254 einer von Burgdorff deßeng namen aber er nit
1205 2208 2087 2313 Weibe Inn der Stott alhie sich gegen Imne er¬
1210 2265 2070 2382 flört, das man Inn der Statt Jurgdorff
1220 2333 2077 2439 noch niemandt ing der glychen sydes pflicht uff
1204 2378 2078 2482 genommen habe, neben dem sollindt die Im Sunnen
1208 2446 2063 2529 thall sich erlüteret unnd gesagt haben, sy Die
1210 2506 2103 2577 Stafftisburger Cillet disen sydt nit leysteng
1212 2563 2078 2674 des auch sy denselbeng nit thun wellint unnß e
1943 2627 2074 2711 welches
