4000 3000
68 21 161 103 110
248 116 893 232 larten Bimen
309 187 810 284 tem von Rider Bipp.
141 297 986 427 Ote dem 27. decembris 1614 Jarsr tum gegen
206 361 986 468 keit der kromme, eherengerichten furnemen, finsichtien
211 408 987 511 vnd wißen Herren Sammel Holtzers, deß Sihel
499 451 995 551 der burgeren unnd dauid von di
209 472 990 600 GGroßweybelse hat Martin Blumenstein von Ni
201 558 1000 658 Dipesbürtig zu Martzili alhie verjäschen und bekent,
191 599 957 678 auch mit der marter erhalten vnnd bestätiget
195 644 984 728 erstlichen, wie das er vor etwas zyt zu solider dig
216 687 982 794 uß einem soycher, da schon ein loch im boden gse
205 731 620 827 Wer päß Roggen gensmen
173 772 992 885 Demnach habe er im Hans Wielandts huß ein wyse
228 836 998 936 Jar tuchin hoßen sampt einem tschoppen, so eines welt
212 886 637 974 knechts gsin entfrömbdet
174 924 1001 1018 Denne gemeltem Wielandt zwo ancken ballen Veruntuer
222 983 871 1055 welche er hernach umb 17 batzen verkhaufft
219 1035 970 1105 Item im gesagts wielandts huße uß einer bütti er
222 1079 984 1154 stuck fleisch ab einem bachen gehouwen, vnnd selbiges
210 1132 387 1206 entriegetm.
215 1170 980 1259 So habe er uff ein zyt wider inner gnedigen herren
223 1229 989 1301 mandat und verbott under frömbde hauffleht, als und
224 1268 997 1361 Hauptman Paulum Stocker und Brat Jacob von zu
185 1323 993 1409 gedinget und mit inen hirweg gezogen, welichen thale
191 1364 980 1454 aber ihr g imme verzigen und nachgelaßenen
221 1413 335 1489 haben
222 1466 993 1550 vff 25 Januarii 1615 Jars hat er abermalen zu
212 1528 947 1588 Martzil an der marter verjächen und bekhendt
168 1555 999 1649 Deßerffen habe er zu Rider Birp Wolffgang Weybel
207 1618 861 1692 uß sinem wycher zwey nähs erbs genommen
199 1657 986 1752 Mathys Zinggen zwen yßin weggenn entwendt und
204 1714 623 1790 Im der clus verkhaufft.
170 1756 998 1842 Dere Martin rot sinem schwägere ein wägeßenge
221 1816 905 1879 nommen und auch im der cluß verkhaufft.
207 1845 989 1942 Item so habe er zu siner frauwen, als sy inne gesucht
216 1910 987 1981 und by Riggisperg anfroffen under anderem gesagt,
212 1959 990 2043 sy sölle nur von zeume hinwegen, dann er mit zran
207 2006 1001 2093 khinne noch wolle zußhaltenn, wegen sy dmme kin
211 2060 498 2128 guts gethan habe.
201 2092 992 2192 Alo man imne befragt, ob er nit uß dem rechten im
204 2140 1001 2233 welches er sich ein mal gegen gwüßen personen gestelt
218 2192 1004 2264 gewichen unnd geredt habe, die jefugen habeit falts
204 2259 968 2339 khundtschafft geredt. ist es bekhandtlich worden.
919 2292 987 2348 sich
878 2299 923 2351 s
188 2303 864 2378 So habe er auch einer gewüßen wybspersohn
213 2324 1004 2430 Wyder namse unnd von Bargdockf Bürftigen zu Vins
201 2386 990 2480 die ehe uffrecht unnd redlich verheyßen, mit daab
210 2435 588 2516 kein kilchenrecht gethan.
171 2469 1004 2569 Endtlichen hat er bekhendt, das er hinor vnder Houpten
206 2517 1001 2613 reder unnd Gysinger beid von Sollothure gediget
206 2586 848 2672 unnd mit denselben hinweg gezogen hye.
1855 45 1951 137 173
1079 77 1975 204 It zwar mehngesagter Blumenstein 2 januarii
1106 154 1988 230 zu Martzili widerumb pynlich eramemeit wordenn.
1095 189 1745 289 hat aber wytheis sit bekhennen wöllen.
1088 229 1957 333 glach dem nun dißere sin bekhandtnuß für nun s
1109 284 1994 367 herren einen ehrsammen rhat khommen unnd geschlagen.
1101 329 1982 416 Ist er hauuff uff 28 ciurdem von sölcher unthaten
1103 375 1967 452 unnd diebstälen wegenuff gnad hin) angefeßlet
1104 411 1937 494 an das groß yßen unnd leften geschlagen unnd in
1107 459 1954 548 gemeinet arbeit gehalten zeweiden erkhendt, auch
1086 504 1952 605 nachgenden tagen albereit dahin gethünt worden.
1139 587 1778 793 Cristen Bälti von
1280 759 1655 865 Danen Bürtik
1086 873 1948 979 emnach diser Christen Wälti. Samne bürt
1100 949 1952 1015 ob etlichen ziebstälen zu inderlagfen ergriffenn und
1113 991 1994 1058 volgendts mit schrifftlichem bericht gfenklichen alhar gethürt
1101 1031 1920 1106 Ist er uff danstag den 26 januarii 1615 jars
1109 1068 2006 1159 durch die fromentc. Herren grat Herpaten deß rats
1360 1115 1980 1191 oder burgeren und danid von Büren
1103 1152 1937 1248 Goroßweybel eber gezigte sachen zu Martzili alhie
1110 1204 1973 1289 mit buarter und sonsten eraminiert unnd volgende
1109 1255 1825 1338 bekhandtnuß von mme vernommen worden
1095 1276 1980 1378 samlichen und für das erst, habe er inn underwalden
1105 1351 1974 1403 einem am holßzwerck, so sich Melchior Walleman namse
1109 1395 1945 1449 gedienet, heinach aber mit einer gsellschafft alda zun
1103 1435 1963 1502 seßen und trinken sich angelaßen, daß er dem wirt by
1110 1466 2004 1543 siyen gulden schulldig gsin und als der wirt imne zur be
1107 1515 2006 1590 zahlung getriben, er sich gan vnderseewen vnd selbige gegne
1103 1557 1944 1610 da er hieuor gedienet, begeben, vnd j leider) Inn den
1100 1599 1965 1671 bölen willen gerahten, das er Heinrich Eschiemere
1104 1644 1998 1700 vom Matten us dem gaden durch einen felleden den ein
1100 1679 1998 1745 mit einem bunfthaggen geöffnet nin läßen entfrömbden
1107 1731 1998 1801 unnd nächtlichen wyll uff einem schlioten dnn ein höüw
1097 1780 1982 1849 huß, so Hans Schneitern zugehöng verbrigen, vor
1101 1820 1980 1896 habens, selbige mit dem schlitten zum See zefertigenn
1101 1864 2016 1946 unnd durch ein weidtschiffflin, so er einem von Leupingen
1101 1916 1992 1984 genommen vnd entthicht, abler dem Zenigen wider worden
1080 1955 1971 2037 dden See hinab ze thuren vnd zeuerkouffen, vnnd mit
1115 2003 1972 2091 dem erlößten gelt den wort zu Vnderwalden zebe¬
1094 2040 1200 2108 zahlen
1089 2084 1987 2197 deme das er zu inderlacken uß der gfangenschafft
1105 2146 1958 2228 gebrechen und entlouffen wellen, sie sie ursach
1112 2180 1941 2276 das der herr landtvogt jenne getroüwt, sori
1106 2212 1955 2306 vnd welcher stalten ertdnne wolle strecken vnn
1118 2266 1378 2340 marteren laßen
1110 2303 1949 2424 siestets allein gsin, vnnd habe keine gsellen ghan
1098 2366 2006 2491 s von minen gnedigen herren einem ehrsamen schal
1109 2424 2014 2546 uff 25 januari 1615 jars uff gnad und sin beßen
1110 2479 1997 2598 ung hin (an das klein yßen gefeßlet und geschlagen
1133 2530 1989 2667 im gemeinen werck erkhendt, vnnd also auch vß¬
1110 2556 1393 2650 gelaßen worden.
