4000 3000
32 43 135 113 106.
127 1561 167 1623 e
170 54 879 189 uff Wringlen ein bar huß fuchin schendt
482 127 567 199 111
194 133 393 214 eetagetn.
668 143 825 217 30
183 160 955 304 Sonser habe er zu vnderschidenlichen zeten by be¬
194 232 948 342 Hnbeggern by Ulrich Müllerr zu Kurtzen eie
192 273 941 375 vnnd by Peter Gerbern inn der by ein halben
180 329 962 428 Sommergedienet, habe auch Im Eggenwyll, als In
186 362 964 483 Hosfacher im Dänggen im der hollmacten
189 406 936 506 Thobia Rürkhommet unnd Flaus Saltzean
179 458 442 541 wonung gehebt
192 507 954 623 vem in Haßlibach ein zyt lang gedienet und
197 585 329 657 röschet.
183 598 959 715 Eetrners zue er verschinen Sommeise zu Crassen
202 664 947 751 waldt gsenklich ingezogene, alda zechen ta¬
189 719 966 808 land enthalten worden und endtlichen widerumb
190 769 394 839 ußkhommen.
172 826 957 933 Withers hat er bekhenndt, er habe Vlich Schwerden
192 901 975 989 zu Schwendinatt ein sägeßen sampt einem stein
196 944 553 1021 ehnter verentrüwet.
164 992 960 1081 zu Mungnouw von einem thorret Creverenter
185 1044 862 1130 Iumeldend ein schwantz wemen entzuckt
192 1097 963 1189 So habe er Herrn symon Kirchein burgere als
194 1155 974 1234 by welchem er ein winter gedienet zwey hembder
206 1200 794 1286 unnd zwey kalbthal entfrömbdet.
908 1237 953 1274 11
177 1253 963 1333 Im Homgraben ein willhemmbdt, so zum theyl
171 1303 884 1375 zerbrochen gsin und ein nü hembdt gestolen.
162 1348 975 1443 zu Gheyliggut ein bar wyber strümpffge
199 1420 366 1469 nommin.
214 1433 974 1536 Befher von Caupperswyll einer frouwen tucht
218 1504 964 1583 einem kagen, den er auch machens laßen, eit-
213 1559 341 1627 werdt.
191 1568 980 1668 einem bursman uff der Läntenberg fünff.
194 1647 920 1732 so er imn einer wannen gezelt, vermntineret.
194 1699 974 1796 uff dem stalden by hünigen uß einem tschopte
195 1752 965 1848 so an einem robekhommet gehanget, siber
200 1806 461 1891 cronn gestolen
208 1865 962 1982 Vber das habe er vff Abersoldt einer persohn
194 1936 972 2028 so sich hauweter namset uß einem tschspee
206 1992 978 2089 ein pfundt pfennnger unnd darzu ein bar hoßen
193 2059 387 2120 genosennen.
185 2073 973 2188 Im Inneren gebet ein hochen hat sampt einem
191 2158 477 2237 ehembdt entragen.
169 2165 989 2276 in waggnou e im obern wortshuß fete e
183 2235 977 2327 gerknecht, so trunkken gsin unnd geschlaaffene
186 2293 827 2385 uff dem seckel zwo konen gestolet.
174 2361 971 2472 zu Hälfflingen habe er ein mir heribdt som
192 2420 972 2520 einem par gestieckten wyberstrümpffen vertintig
164 2490 446 2563 vnnd gestolten.
1006 2378 1110 2478 schwege
1825 40 1912 95 107
1059 62 1931 211 Item habe er zu Waldthusse dm khüpffers huß
1070 131 1790 239 ein zuger dicken vnd zwen batzen earzuckt,
1059 183 1898 323 vnnd endtlichen hat er bekhenndt, wie das er zu
1079 240 1934 358 Wytenbach, Caspari Sanen dem alter uss sienen
1079 295 1921 428 tschoppenn ein halber guldin verentinwet thabe.
1059 379 1897 522 Uff sölliche deß vorgenandten Peters ss
1071 455 1898 570 schwere imschaeßlungen unnd verbrachte diebställ
1068 499 1940 619 habet hoff unnd wolgenampt nun gnedig werren
1075 547 1940 652 schuldtheyß Rhät d briger dißer loblichen
1073 591 1946 703 statt beke uff iren sydt zu recht erkhenndt
1093 669 1337 748 und gesprochenn.
1066 701 1967 811 das er zwar sie leben verwenkt, daßelbig aber Imme
1095 761 1988 839 von siner zugendt unnd anerbottnen beßerung wegen uß
1098 813 1943 906 B geschenckt syn, hieneben aber er widerumb imn ge-
1080 860 1964 940 fangenschafft geshürt, daselbster lenger enthaltenn dem
1097 900 1982 982 nach in einer zylkt angefeßlet unnd zu gemeinen wercken
1085 944 1918 1026 und arbeit gehalten und angestreegt werden sölle
1063 991 1563 1082 Actum 2t Januari 1615 .
1149 1161 1200 1227 6
1142 1202 1804 1318 Pter Gollochienman
1263 1285 1588 1374 von Vechingen
1049 1414 1926 1500 Alsdam gegenwürtiger Peter sollothurnman
1100 1478 1924 1560 von verhingen büitige, nun vill jar dahar ein sölchen
1091 1521 1953 1587 liechtsinngen, liederlicher, vnnd vernwiger gsell ge¬
1105 1568 1917 1645 reßen, welcher inn zyt siner biß anheio wer.
1091 1613 1892 1688 zerten labzet nit mir sin gehabt, zytliches gut
1101 1640 1940 1715 mit äßen trincken unnd knnntem tröllwerck
1106 1700 1946 1788 Mnünter unnd nydiger wyß hindurch gericht vnnd
1110 1755 1968 1835 terthien, Sondern auch sich fuler  Inn solche
1097 1810 1923 1882 fräffenheit unnd liechttfettigkeit gelaßen, das sei
1101 1841 1959 1927 mitler wylen etliche sonderschidenliche biderbe lücht
1106 1899 1949 1967 vnnd personen an Iren eheren latterlichen an¬
1086 1944 1932 2022 faftet vnnd, wegemn er die durth Inne wider
1107 1988 1988 2074 die einer unnd anderen schandtlich erdichten wyßen
1104 2039 1955 2121 vsgeschlagenen ehernerhetzlichen schmachwortt
1107 2094 1962 2165 einicher gstalten neinalen erfraaren mogenn
1104 2135 1968 2226 dieselbigen so iun gehenn, so offendtlich an geyst
1107 2184 1917 2252 lichen vnnd waltlichen Rechteme geburender
1117 2234 1980 2321 maßen entschlachen unnd verletzter eheren reta¬
1115 2285 1379 2355 riester müßenn.
1083 2320 1992 2404 Inn dem et namlichen vor vngefhanlich 12 18 oder
1125 2379 1920 2456 9 jaren uß sonderem boßen willen vnnd
1113 2418 1975 2499 tüfflischens nyd unnd haff wider eine bekhandte
1099 2467 1971 2558 persohn an offnem rechter klagswyß für und
1115 2523 1950 2602 anzubrangen sich nit geschrcht, dieselbig ssich mit
1110 2566 2016 2658 einem mandt unnd trdtschlag haftelichen vergriffen.
