4000 3000
34 53 136 107 238
212 65 1049 248 welche von einer hußtrauwen harrurendt, Jerlich
209 126 1021 267 Vmb den hinse hingelishen und aber jeder zyhen
212 179 1038 329 wann das shill vertloßen gsin, worin und an g
216 223 1027 373 eit er den Zinsh desselben begwenden vnnd bruchen
200 267 786 367 wolle, vermeldet nnd anzeigt
153 325 1015 485 Ist uff zinttag den 28. januarii jars vorstalt von
202 397 1021 535 bemelter Einer Eheleren wegde mit dem Eydt von
200 456 1001 580 Staff vnnd landt (vff gnad hin) verwißenn
197 509 384 566 wordenn.
255 594 900 853 rich Grinder
312 793 863 900 von undischwyhlen ser
368 858 797 950 vogty Karwanger
786 982 846 1031 e
169 982 1052 1089 fl sambstag den 4. januguu 1617 jnn bywesen
237 1046 1019 1129 der frofnen fürsichtigen furnemmen und wyßer
224 1096 1033 1174 Herfen Sammel Holtzers deß Rhate und bur
218 1143 1025 1224 khart Fischers Großweybel hat vll Studer
228 1190 1053 1266 von Gbundischwyll der Herr schafft Barwangen
227 1242 1014 1308 b�rtig im der mannenkobfi alhie uber iume
232 1288 906 1354 daselbsten fürgehaltene puncten bethendt
141 1351 1013 1452 Deßeisten, wie das er sich (leider sihm sine
239 1425 1025 1505 gelüffen und begirden, so wyt mißgoumbt, das er
249 1477 1028 1562 versehner hyter mit einer gewüßen wybsprische
238 1525 982 1592 Christina genandt, deren zumam ihmmme nit im
246 1564 1001 1648 wüßen inn zyt und wyll er unnd deselbigen zu
239 1601 1029 1688 Rötenbach neben einandere gedrneht sich uß
236 1655 1020 1747 fleischlichen schwachzeit ihm fleischlichen vrseecht
245 1703 1028 1790 vergangen unnd deßwegen an Anna Thuriman
245 1747 1029 1838 ine ehefrauwen lychtfertiger wyß die ehe ge¬
246 1807 476 1881 brochen habe.
233 1851 1062 1955 Was aber demnach antrifft, das gemelte in ehefrouw
238 1911 1052 2017 vor einem ehrsammen chorgricht alhie ab fur geklagt,
245 1973 1040 2047 er sölchen seinen eheler eitwilliger und gegetzlicher
239 2019 1060 2097 wyße unnd alhein uff das endthin, daß sy sich von
222 2056 1043 2167 hunte soheiden laße, dann sy deßen gut Recht Im
230 2097 1055 2221 handen, beganten ze haben Ita groffenbäret und
250 2139 1058 2270 sch deßen berumbt habe. Iem sölchem thal bescheche
233 2210 1053 2305 inme unrecht, dann abs er glych nach begangenem
238 2245 1029 2355 Eheler inn rüwen gnahten und sich deßwegen
220 2284 1059 2418 gedachtem einem ehewyb verzugt, habe er derselben
235 2334 1082 2444 anders und wythers nit, dann was maßen er sya uber
243 2382 1067 2502 sechen, angezeigt noch geredt, vnnd sy darby vmb ver¬
215 2443 1053 2562 zychung gebeotten, welche aber sich dahin nit meigen
238 2472 1077 2597 wöllen, sonders die sach ihrem wetter erzellet, weichen
239 2528 1067 2635 auch wi der inme also entrüffet worden, das nach
232 2583 1046 2701 malen der handel alhar khomen und endtlichen di
231 2646 903 2745 schidigung zwüschen ihnen ergangen sye.
190 2693 1043 2834 ist montags den 27. januarii 1617 uff abtrag
232 2698 1078 2852 costens vnnd ein Centur hin weiderumb ledig gelaßen
241 2835 392 2892 worden.
1113 1779 1164 1886 be
1871 38 2000 104 239.
1152 75 1823 250 Aenam Hauwod
1309 164 1638 277 von Olb
1560 259 1602 303 3
1114 272 1973 422 zintag den 28 januarii 1617 jaro ihm
1130 324 2002 479 gegen wertigkeit den wolgeachten tromen, fir
1129 381 1954 509 sichtigen, Ernemmen vnd wyßen sy Jacob
1116 423 2037 552 villiere deß rhats und Buvekhart Bischew Großen
1152 481 1970 591 weybels hat Abraham Baurad von Och den
1158 554 1976 639 andtvogty sanen burtig uber gezigne diebstäl
1148 591 1982 690 unnd begangen untruw zu Martzilen alhie mit
1155 645 1450 730 werten bethendt
1150 663 2033 799 thach dem er ten verschinem Soner letst hingefloßnen
1151 734 1986 833 1616 fars sich gan stüwenstatt by Chilliot
1145 753 2043 894 I spittal sarelbtten dien shwyß begeben und alda
1160 832 1994 927 by einem halben far enthalten machmalen aber
1164 870 1988 983 wegen imme zugetallener krankheit beurlaubet
1166 928 2011 1014 worden unnd volgendts alhar inn die statt khommen
1162 975 2025 1070 da erdann also krank vmbher gezogen, vnd so vil
1152 1025 1964 1137 fun müglich gsin, sich mit arbeit ußgebracht
1171 1067 2022 1161 unnd erwert auch e und allwegen främklich und
1173 1122 1969 1214 ehrlich verhalten, wie er dann sich deßwegen uff
1178 1170 1984 1253 ein jeinigen h, da er in dienste gsin snamlichen s
1172 1218 2060 1303 Hanb Jacob Kochenseligen geweßnen vogt zu Brandig
1178 1267 1972 1346 n ihnne von fugent an erzogen  Josuam von
1173 1320 1976 1398 M�linen alten vogt daselbsten, by welchem er
1182 1366 2009 1442 fünffthalb jar Hs Frantz Ludwigen von Erlach
1180 1418 1978 1505 feyberren zu Spietz by dem er ein halbs, denne
1181 1469 1991 1549 by s J Hans Steigern landtvogt zu Lausanna
1181 1522 1988 1596 by dem er auch ein halb far gedieret, handels
1182 1563 2014 1649 wandels und lebens halben berüffe) habe sich be
1188 1612 1946 1696 geben, das er sich leider uß mangel und armet
1182 1663 1973 1754 so wyt vergeßen, das er versehiner tagen inn
1188 1711 2003 1793 dem onderen stoital alhie uff de summer lauber
1196 1751 2009 1838 ines abendts gestigen unnd alda vorhembder
1200 1783 2043 1886 ampt deyen käsgen veruntrüwet, das ein kombtt
1193 1841 2056 1922 Wyll er hnn die dry wochen one hembet gsin angelegt
1199 1883 2057 1980 er überigen dy dann zum Falcken alhie Inn einen
1181 1945 1993 2026 gemach iun einen alten trog behalten: den einen
1176 1974 2047 2077 tragen dann einer alten Spinnerin zum Falcken vmb
1187 2029 2021 2125 hwen batzen, da er schon albereit einen empfangen
1198 2072 2039 2168 verkhaufft, die überigen zwen aber uff den Esterich
1200 2113 2064 2200 sehenkt unnd alda verblyben laßen unnd sonsten sin
1191 2183 2077 2251 lebtag einichen ehemeren diebstak nit verbracht habe.
1185 2234 2048 2314 Welcher Ehelen aber Imme von grundt sers heitzens
1208 2279 2039 2372 eydt syt begere und bätte deswegen gott der
1201 2330 2048 2421 s und ein hoche oberkeit umb gnad und verzyghung
1173 2392 2061 2499 Wyl sheit diserm thaler mit theiners kiethalb klagt
1203 2474 2055 2552 noch vernommen, sonder gate zugsamme gegeben ist er
1196 2518 2045 2599 deswegen uff Miewochen den 29. januarii e67.
1193 2563 2049 2645 vff ein charpffe vermanung, sich ehrlich zuuerrhalten
1190 2607 2085 2699 und dasjenig entwendte zeng, wo es noch vorhander
1197 2655 1926 2741 zurestituieren, vß vnd ledig gelaßen worden
