4000 3000
41 37 131 104 198.
167 12 903 139 unnd biß herrn Crßert diserey fhalen Eelich
140 76 913 179 Vnndt wol vgalltenn, by deß großem Vlesers
172 130 925 226 zu hochstettenn seligenn erbeg, sby Ulli Bnüw,
168 170 897 262 buller zu dureniret, by Joackum zu Welch¬
174 214 873 304 nauw unnd zu Bursorff by Spychtis
177 260 912 349 Seligenn erbenn, da er hann wie auch an ande
186 302 912 398 ren ortenn inn diennst gsigzt bericht ufnemmen
180 345 425 413 labenn wölle.
84 430 892 551 E v f Mittwucher den 21. August
197 489 902 572 16 lb Jars ien erwartnung uberneren
180 534 908 629 berichts eine monat laung an des Schallen
186 582 609 655 werck erkennt worden.
205 759 828 862 Janns hesen.
408 830 728 905 von Erntingen
608 926 839 974 dße
159 942 1014 1031 Els uff montag den 12. augusti 1616 jars Hans
193 998 987 1069 Miesehen von Frutingen, so hienor uß der gefangen
190 1045 984 1116 hafft deß lochs gebrochen und flüchttigen auß gesetzt
201 1087 983 1150 nachmalen aber widerumb behendiget vnnd alhas
204 1130 998 1208 gefhürt, solchen sines gethanen ußtritts und der ur
206 1175 990 1254 alhen deßelbigenn auch anderer artielen halbenn
200 1211 1010 1295 durch sr Burcklart Fischern Großweybel inn der
182 1262 992 1331 Mannenkeffi alhie mit ernstigen wrpiton examimert
193 1306 949 1379 worden, hat er volgenden bsscheidt von sich geben
204 1341 991 1429 as namlichen ma das erkt, was die genomme flucht
200 1396 1010 1459 unnd dach er soh der gefargenschafft geüzelt betrifft.
183 1439 1029 1521 imne zu sölchem ußtritt anders nit, dann das schallen,
205 1485 1001 1560 werck nit welchem etliche der jenigen, so hienor be
197 1544 1019 1597 imme ihnn der gfangenschafft gelegen, getröüwet ver
210 1558 1016 1647 ursachet, unnd ob alych wol er baldt hernach deben
203 1604 1011 1681 getruwen, vnnd deßhalben ein mal willens gsin voch
201 1636 1011 1722 widerumb ihm die bandt ze begeben er doch daselbig
207 1690 1001 1761 uß facht angediten schallenwercke nit habt thue
204 1751 336 1822 ätten
201 1780 989 1876 Was dmnach anbekennt, das er beklagt einche
203 1833 995 1925 diebstäl begangen vnd gewüßen personen das zrig
189 1870 1010 1977 mit fhür anzestecken und zuverbrönnen getröüwet
188 1933 998 2011 ze haben, hatt er vermeldet, das ime deßwegen
200 1972 1003 2052 unrecht gescheche unnd sölches unschuldiget wyß zu
189 2042 438 2117 gelagt werde.
182 2087 1029 2185 Danethin hat er bekhendt, als vor vngefharlichen verzig
181 2146 1014 2236 Jaren Peter Ghüller von Hrutingen sin schwager,
192 2197 1013 2281 Anthom ehzimel von Cschi beid selig uord er eines
204 2232 1007 2308 mals mit einanderen mitt brichsten und h�nden Jagen
179 2269 1019 2381 gangen, vnnd In das Rienthal khomen, habe sich do-
189 2311 998 2407 malen begeben, das als sy nach erlangtem gewildt,
197 2363 999 2464 als zweyen gembsen das thal hinab gangen allda
192 2397 1004 2497 gerüwet unnd ire büchten zu einem gewüßenge
190 2431 1031 2552 steckten zill abgeschoßen, der eine siner schützen lider
188 2473 1021 2607 also mißrahten, das durch denselbigen ein kheidt,
903 2528 1011 2602 so mit
1832 21 1992 102 19
1116 41 1929 147 so mit anderem volck uß einem unfher dadannen
1112 89 1929 178 gelegnen doctf (als er hernach bericht wordenn.
1103 131 1929 220 khommen, sye erlegt unnd umb das leben gebracht
1104 157 1929 262 unnd er von solchen unfhale wegen under Melschion
1116 202 1911 300 heren Großweibel unnd Hans Rytern, sry
1114 245 1924 336 weybel zu Sautingen umb 100 gulden in gelt
1119 292 1929 373 gestraafft worden, welches aber durch ihme nit
1109 325 1941 423 vorsetzlicher wyß sonders uß unwüßen unnd un
1106 372 1972 472 fünsichtigkeit, auch das er daßelbig khindt nit gesechen
1115 417 1917 534 hae beschrehen unnd imme nochmalen leydt get
1104 455 1796 562 deswegenn auch umb verzychung bätte
1104 515 1975 615 laßt es im überigen by vowender siner im 186 tnd
1125 569 1968 665 inn blatt verzeichneten bekhandtnuß verblyben,
1129 618 1733 714 und bestätiget, deselbige wahr syn
1464 806 1506 848 e4
1131 830 1817 946 iih Casistorfer
1193 906 1797 1007 von Diehersberg Fryburgen
1392 969 1559 1055 gebiets
1767 1028 1898 1100 41
1097 1035 1923 1141 Als uff sambstag den 17. augusti 1616 Ullei
1134 1105 1954 1187 Lützistorffer vom Dieterßberg Frybürger gebiets.
1142 1154 1967 1234 ß bringen durch inne tentthurten rozes wegen und
1133 1201 1937 1261 wie die sach sich damit verlauffen durch herren
1122 1240 1964 1316 Burckhart Fischern Großweybel im der mannin,
1128 1288 1953 1370 keffi alhie mit worten befragt worden, hat der
1138 1329 1698 1407 selbig darüber bekhendt, wie volget
1128 1381 1969 1446 Namlichen als er kind etliche siner nachturen verschinen
1128 1427 1958 1500 zintags von etlicher geschäfften wegen alhie inn der
1127 1466 2013 1543 statt gsin unnd zum bären getruncken, habe sich begeben.
1134 1510 1950 1577 das im widerumb heimbreyßen zwüschen Bümplit
1143 1556 1937 1614 unnd wangen by dem bach vs ein roß, so alda uff
1142 1600 1989 1669 der weydt ledig gangen, getroffen, welches er ge¬
1136 1639 2012 1712 nommen, daruff geseßen, vnnd daßelbig biß fur wangen
1149 1696 1992 1764 bb in die holen gfhürt und volgendts alda verblyben
1149 1738 1998 1809 laßen, da er dann alßbaldt von etlichen landtlichten
1157 1777 1980 1852 it behendiget unnd gan Wanger gethürt wordenn.
1140 1819 2003 1896 Dise aber habe er nit darumb gethan, das er sölch roße
1145 1878 2021 1956 entschuren sonders das er wegen lange zyt gehabten
1156 1917 2007 1994 tranckheit nit wol reyßen mögen unnd sie gekamen.
1162 1967 2027 2045 der verneit ghan vor imme syn wylen wöllen, das
1154 2018 2016 2091 e aber auch wieer die Jenigen, So Imne ergriffen, böße
1154 2059 2021 2135 wort ußgoßen, Item abs man imme nachgeschruwen, wan
1156 2108 1985 2184 ein bidelman, solle er warten, welches er aber nit
1155 2144 2012 2227 habe thun wöllen, w�ße er gar nüt darvon ze sagen, dann
1152 2188 2045 2274 e also truncken gsm, das er als er an einer leben vff das
1152 2226 2030 2322 ros sitzen wöllen uff der anderen widerumb herab gefallen
1152 2269 1993 2369 und butrunß worden sye. Wo er aber erzelte wort
1161 2312 2031 2403 ußgeschlagen, so sye es imme leydt unnd batte deren-
1169 2364 1654 2464 wegen hiemit umb vorzychung.
1147 2402 2002 2561 i uff dorstag den 22. auousi 1615 jare uff
1157 2497 1989 2606 eimn Censur vnnd abtrag costens widerumb ledig
1158 2533 1426 2616 gelaßen worden.
