4000 3000
31 20 126 71 186
56 371 149 442 frist
174 21 867 129 Was demnach antrifft das er den EIdt
206 85 985 192 ille vbersecheng, vnnt Ihr dhn lanndt gebeucht zu sehen
188 120 890 210 daßelbig nur einen mal beschechenn, sundem erst
196 149 875 232 Sch wartzennburg znn zycen unnd wyll er de
200 192 990 306 ahlin findenn lastenn, er habe aber vermeint, wi dudte
203 223 863 306 ort beiden Hefrschafftenn Bernn unnd Fryb
200 259 827 324 so er sich glychwob sich dahin begebenn, habe
203 295 1016 418 itzhit warfehlt onnteg habe er siner sydt wytere
191 330 1003 459 Vbersecheng, dann er auch ihnn derselbigen zu
186 363 585 425 Bars  niemalen zu
599 384 946 461 inem wyb unnd kindes
198 402 979 510 denen er doch nit fhar gsig sye ganngen, so er nun den set
197 445 969 535 hätte schwechenn wellenn, wurde er frylich vnnd ohne¬
192 475 980 572 zwyffel die sinigeg besucht habenn, das nun aber nit be¬
191 503 434 574 Schachenn Sye
180 540 969 661 Was dannethin jenigen Contraob belanget, mit wee
198 601 995 700 er vyl geferdt unnd list gebrucht habenn solle, hat er
201 633 957 714 meldet, das er inn dem selbigenn einsche uentruck nit
207 668 967 754 erübt noch jemandts daarmnt uber vortheylet habe
210 714 948 780 eßwegenn imme groblich ennrecht bescheche, wieer
206 741 987 826 dann Beßen vffbeide (berkeitenn Fryburg vnnd Soke
209 785 956 856 hurg vonn welchen er unnderschidenliche schryben vn
195 817 986 899 bracht, sonnderlichen uff Hanns Gruemnes vom Soltth
171 868 1007 943 Item Hannß Abi vom Burgdorff unnd Ulli Fryburghuß
182 906 1000 976 welche beid zum theill für sich selbs zum theill u
214 931 989 1007 annderer namen an dem optract auch annsprachig gsin und
205 973 992 1048 er die selbigen bezallt, beruffe, als welche sr der sachenn
204 1008 991 1085 wie erd alemit vmb gangenn, gute wußennschafft habe
203 1056 1012 1131 Werdint jedoch, wo hoth uff dem hufftigen tag gemandt
153 1091 1012 1160 kommen möchte, der sagenn könnts, das er sumne oder einchen
209 1140 1001 1192 anderem mentschenn überthan oder übel zu gefügt, welle e
218 1174 997 1223 deßeng erwahlten, mnndt muße deßelbenn Sentzmalen wol
218 1199 839 1261 entgelten, habe aber die zu versicht unnd ho
841 1206 992 1260 ffnung, das
776 1236 818 1288 zu
209 1235 737 1297 niemandt der glychen klagaffun
850 1247 993 1297 huren sich er
210 1269 831 1342 zeigenn werde, dann er inn dem thal und
852 1277 999 1348 schundig se
183 1318 683 1409 Dittet trunngenlichen vmb gnad
173 1406 987 1499 Ist eines lr unnd einmal mit dem kleinsten steig
207 1473 510 1535 uffzogenn worden.
834 1485 1009 1544 1
215 1504 1004 1574 volgendts aber uff Frybar den 5. selen 1618
208 1558 985 1622 zars widerumb ledig gelaßen unnd mit dem
215 1595 887 1673 eydt vom statt unnd laudt verwißen.
351 1823 896 1924 dliii.
484 1904 817 1978 von fruttigen,
175 2035 905 2138 Als off donstag den 24. junii 16l6.
203 2110 923 2189 Jars Hanns Mieschen vonn Frättigenn bur
217 2159 893 2225 tig etlicher begangener sachen, als das er
218 2201 906 2279 sich mit ehebruch vertiefft, darnebennt
213 2243 897 2318 aber auch sin ehewyb verlaßen haben söllen.
197 2282 890 2341 unnd uß was ursachenn er das sein vnndt
211 2325 896 2399 ander gethan, durch Herrenn Burckart
201 2367 925 2436 Fischeren, Großweybel vnnd mich den Gricht¬
201 2401 905 2479 schryber inn er mannen keffi alhie mit
197 2442 924 2523 worten ex aminiert unnd befragt worden,
213 2490 875 2561 hat er sich über disere beide vsuncken vol
206 2534 761 2610 gennder) maßen verrannt worfet
770 2655 944 2724 deßerstenn
1194 45 1819 136 esteng, was anntrifft, das er mit siner
1122 96 1832 198 eht frahwengn biß herr zun stehtigkeit gelabt und
1077 87 1180 181 Doß
1188 132 1807 205 die selbig sye, hat er vermeldet, nach dem
1128 169 1822 283 gemelte siy eht frauw unnd er wegeng ihr der
1122 212 1830 318 brenwen degey kinden, als siner Sefflindenn
1120 249 1830 356 Imn solche unneinigkeit mit ein anderen gerechten
1134 295 1822 386 das sy deßwegeng für einen erbarkeit der ender
1137 335 1832 431 sontaleg hußhäblih geseßenn, beschickt, sye do
1132 375 1823 468 malen erkennt worden, das sy ehemeinschen
1129 428 1825 504 nun mehr ehrlich unnd wol mit einanderenn leben
1128 464 1819 542 unnd hußhalten unnd zu verhüttnnng fhern
1132 507 1814 592 nerer unnwillens die stieffkinndt von inen
1131 553 1808 647 zuchen, vnnd die selben kügenn sollindt, wie
1128 596 1830 678 unnd wo sy sich für bringen unnd ernehrenn
1144 644 1868 728 mögindt. Welchenn eines ehrsammen (horgrichts
1146 694 1838 773 gehobnen ußspruchs den selben ze hallten er an,
1135 743 1805 822 genommen, vnnd deßhalben vf solch ennd Hin
1143 790 1814 868 ein huß vom Heini Guggisperg zu Zimmer
1138 840 1799 901 Waldt, da sy dann nochmalen sye, darinnen
1133 877 1815 955 gewohnen empfangen. Als aber unngeacht
1144 923 1808 989 er sye vermant, dei empfangnen V prur
1148 965 1817 1041 stattt gethun unnd mit imme huß zehalten,
1142 1010 1790 1090 sy sich gegen jmme erlüteret, könne noch
1148 1052 1810 1127 wuse die kinnder nit ze verlaßen, wölle
1145 1099 1817 1174 ehe Inne Vffgeben, sye er, wyll er keini au¬
1140 1150 1820 1223 deren gscheidt noch beßerenn willen vonn Pra
1148 1187 1822 1272 vernemmen noch gespüren mögen, inn solchen
1145 1236 1838 1306 unnmuth gerahten, das er sich fra alssbaldt
1148 1280 1816 1342 enntschlagen unnd sichhar witers nit habe
1158 1324 1457 1392 innemmen wölleng
1119 1374 1814 1488 Gelangendt demnach das er sich mitt
1149 1465 1806 1536 Bernnhart Schniders ehefrauwen im
1156 1510 1838 1574 ehebruch vergangenn habe, könne er solches
1156 1554 1840 1605 nit vernemmen, sonnders müße es bekennen
1157 1601 1820 1661 leider, beschethenn sye, die Vrsach aber sihe
1157 1645 1835 1718 disere, das er schnider inne unnd sya steths
1157 1687 1827 1760 hig unndt wider einntzig mit ein anderen
1167 1731 1821 1804 an die arbeit geschickt unnd sy schniderin
1164 1774 1837 1847 als einen unnklüsch wyb zu deser sach vernr
1176 1820 1330 1889 achet habe.
1146 1897 1841 1989 Nachdem disere sin Miescheng bekanntnus
1159 1960 1860 2035 für myn g hrß zun geseßnen rhat gebracht
1155 2000 1856 2088 Ist er vermog ihr an vhatschlags hinab
1141 2043 1845 2121 Inn das loch gefhürt wordenn, da er dann
1169 2095 1878 2182 nachmalen uß brochenn unnd daruon zogegt
1873 17 1931 71 187
