4000 3000
76 62 186 122 82
261 80 977 275 Batts Klansce von
473 208 894 319 Graffengiedt by
483 271 888 367 Frauwenbrinnen.
167 384 956 493 Als vff Mittwuchen den 15 May 1616
214 444 954 537 Hanns Blauser von Graffenriedt by frauwenbru
212 489 990 583 durch die frommen tc. Hrr Grath Herporten deß schats
224 513 993 624 unnd Burckart Gischern Großweybels der ursachen zr
240 552 999 654 ner übersechnen byden, so er eyr g statt vnnd land
216 577 909 651 myden von begängker fhaleren wegen gethan unnd
216 609 971 708 Inn der Mannegkeff alhie mit worten erforschet,
212 648 849 715 hat er sich volgeunder maßen veranntwertet
206 694 976 795 Namlichen was das erstmal, da er vber gethan
228 748 941 821 Eydt widerumb zun das leundt kommen, belangt,
222 786 976 863 daßelbige also zu gangen, alß gott der Herr inne uns
245 807 970 898 chwärer lybs krannkheit solcher maßen angeifsen
234 846 991 935 das er nütt nehr vonn sich selbs gewüst, habe man ime imm
227 884 1002 969 venbewüst) von Meßen goh Graffenriedt Inn sin Zein
227 909 997 1005 Kranck gefhurt, vnnd ser durch diß mitttel den Edt vber
233 941 318 994 sechen.
215 977 1000 1081 Das anderinal demnach betreffend, sye es darmit also be
234 1030 1003 1115 schaffen, dan nach dem er vorder gemeindt sinen fhälerbei
228 1069 985 1150 kennen müßen unnd der hr vogt imme im wwiderheruß
236 1103 992 1177 fhuren vnnderwegen den Eydt geben, darnebendt aber
213 1142 987 1209 imme sich bekleiden ze laßen noch dey tag lang im lemnd
234 1162 997 1248 eblyben zul unnd platz vergünstiget unnd er gan frauw
252 1203 972 1276 brunnen kommen unnd fort wüllen, habe er etliche
251 1239 990 1316 iner vetteren alda funden, welche ime gerüfft unnd so
237 1263 982 1352 laung inne genöttiget, das er sich zu ihnen gelaßen, sein
242 1301 984 1373 trunckelde mit inen uff hrren anhalteng gethan, jedo
237 1334 996 1408 denselben beschaffenheit iner sachen, vnnd das er das
237 1371 995 1435 annd myden müße, anzuermeldet, welche aber imme
228 1401 981 1468 angezeigt unnd ihme also beredt, wann er glych we
221 1430 984 1490 Über den sydtlenger verharre, daßselbig imme dor
246 1468 1002 1526 entschaden werde, alßo da er sich by ihnen verwylet
234 1509 987 1566 mu sych mit dem trunck der gstallten ime angehalten
227 1540 968 1592 das er die selbige nacht im wirts huß habe sollybe
248 1561 973 1622 müßen, jedoch nit wüßen möge, ob er uber die iune
222 1583 988 1637 eönteg drytag Leünger jn lanndt verblyben sy oder nit
229 1623 976 1687 unnd volgents als sin gegenwürdigkeit kunmtbar
234 1656 675 1724 gemacht, behendiget wordenn.
338 1702 382 1753 1
803 1714 976 1789 yden syemehr.
163 1711 790 1796 Solche vbersechnnng aber gethaner
212 1775 974 1827 ier theils da har gefloßen, das er nit wol ee
228 1799 971 1860 wust, noch diser zytt zungstan wüße, was ein sydt
235 1835 968 1897 yr, sye aber zumevon grundtsines hertzen widt
197 1856 980 1929 erund bätte also gotten den herrenn unnd sin hoche
233 1907 773 1967 oberkent umb gnedige verzychnung
176 1932 980 2021 st uff montag den 17. junii 1616 von ninen si
219 1988 978 2072 Schultheißen unnd rhat uff derselbigen gnad
204 2029 899 2107 hin an das schallen werck erkennt worden,
272 2147 952 2266 hnnn Buob Nucgl.
201 2225 1004 2344 uff sambstag den 15. junii o6 16 gars inn gegement
203 2273 1004 2380 tigkeit der ehrenuesten h Glado Wyermans deß eht
213 2322 1006 2398 amuel zächeunders der Burgeren unnd Burckart Fischer
822 2358 992 2416 wrger ahrt
210 2389 779 2445 Grißweybels hat Hanns Jacob Küchli
203 2385 975 2469 Martzili volgennde artickel verjachen heund bekent, au
210 2452 848 2519 mit der marter erhallten unnd bestettiget.
156 2492 981 2579 deßs erstere, nachdem er vß miner g3 her gemeinen wer
185 2526 960 2612 an wellichem er ein zyft lang gearbeitet, ledig wo
182 2556 956 2637 unnd sich inn das oberlaund begeben, da er sich dann
201 2574 978 2669 dem artznen begangen, habe er ihnn einem huß, welches
203 2613 978 2713 gantzen winter vsoffen gsin unnd jederman uß unnd in
901 2645 993 2710 e
893 2692 952 2745 ihm
179 2672 893 2739 gangen, darinnen Hen Hanns Bischoffs Predig
147 2714 878 2792 Ober lange seligenn bücheren zun einem trggden
919 2724 979 2777 geben
1910 28 1971 88 83.
1211 28 1884 121 fnet gelegen, Sechs derselbenn bucheren sempt
1257 77 1895 138 mit ryß unnd einem brunnkeßeli daruß ge
1107 90 1212 162 geben ge
1205 115 1942 181 e enntwendt unnd sölliche stuck volgenden waßen
1097 146 1258 207 seinen n
1101 171 1263 253 geben.
1094 186 1931 317 Ichs habe er das ein buch hhrr Rudelffen vonn Büren Predi
1159 228 1688 322 teg zu sanen umb 20 batzenn e kauff
1081 250 1859 394 Den Sader zu Sanen eins vmb ein Brutz dicken gebang¬
1088 327 1937 451 deme einen Bureg ein Latmisch Bestameet umb dry betzen
1112 418 1179 474 geben
1091 390 1922 530 dey viert mit einem schloßer umb einen kuß uß welchem er
1095 454 1632 556 hernach 20 batzenn erlößt, vertuschet.
1091 497 1925 609 das funfftbuch betreffennd, lige daßelbige noch im wirts
1104 544 1809 636 huß zu sanen unnd sye das sechte vorhin syn gsin.
1101 581 1905 687 Item habe er das seckli mit ryß deß heren gschachtlanen
1116 635 1931 718 zu Zweysinden wäber verkaufft unnd sechs batzenn da¬
1125 690 1287 746 auß erloßt,
1089 696 1935 811 Das Brunnkeßeli dem schärer zu Rötschmundt umb einen
1133 756 1591 838 rutzdickeng geben vnnd vrkaufft
1087 808 1949 887 Danethig hat er bekennt, wie das er eins mals by mr Jacob
1107 860 1962 941 Großholtzenn dem geweßnen scharpffrichter inn inem hußgsin
1108 899 1919 960 unnd mit demselben eintrunck gethan unnd alß er heimb
1112 944 1965 987 sich an sin ruw zu bett begeben, unndt gehört das nach ein ande
1123 964 1913 1018 ren uff der gaßenn geschlagen, er sich habe ußhin begebenn und
1120 995 1928 1058 cheidenn wohlen, als aber sin hußfrauw unnd stiefftochter
1110 1031 1927 1090 fiff it wöllen gahn laßen, sondershff gehaltenn unnd ver-
1114 1064 1947 1125 ideret, habe er sich der gest alten erzürnt, das er trunck
1110 1094 1913 1156 ner wyt inn sölche wort usbrochenn unnd geredt, der
1114 1127 1917 1186 Tüffel (gott beheitffe unns daruor) solle komnen unnd Anna
1123 1161 1906 1221 nemmen, dann er sonsten syn sye, welche wort aber imme von
1126 1196 1907 1259 ertzen leydt syennt unnd wo er nit truncken zu sin, denndt
1102 1234 1849 1291 man ihnne nit erzürnet, er solliche nit geredt hatte
1130 1269 1903 1333 1 das erst mal Lar, vnnd demnach einmal mit dem
1124 1316 1638 1387 leinsten stein uffzogenn wordenn
1088 1401 1946 1509 Als uff montag den 17. junii obgemellts ocbr6 fars
1124 1459 1985 1532 inn argtenwürtigkeit der ehrenuesten hrr Glado Wyer
1122 1509 1951 1561 mans, deß Rhats, Andres Haberers, der Burgerenn
1122 1541 1925 1595 unnd Burwardt Fischers Großweybels Hanns Jacob
1124 1589 1944 1629 Küchli hieuor gedacht, abermalen zu Marzili, mit der
1122 1609 1927 1669 Marter examiniert worden, hat er sic obgeschryben etc
1124 1645 1956 1711 sechen war syn bestettiget, vnnd demnach auch veerners
1122 1684 1940 1744 uber junne vorgehaltene articul bekandtunß thann
1128 1719 1312 1787 wie volget,
1092 1781 1952 1875 Dßersten betreffenndt das er geredt, der E Statt¬
1140 1841 1956 1914 Schryber alhie habe Imme den Eydt von Hinneg gegebenn,
1140 1892 1965 1954 darüber zeigt er an namlichen als er hienus Wminer
1130 1925 1967 1987 at hd gemeinem werckh gelediget wordenn unnd inne
1122 1955 1983 2031 Hr daurdt kon Buren, jetziger lanndtvogt zu Arwangen
1131 2004 1957 2076 s malen aber geweßner Großweybel zur Beßernnng
1143 2042 1958 2118 ins läbenshanndels unnd wanndels vermant, habe
1135 2076 1983 2165 erdomalen sölliches zu gemüth gefürt unnd imme Harus
1125 2098 2000 2201 fürgenommen siffenmal er nun n einem großen gschrer
1116 2147 1984 2250 Welle er eins thun unndt sich einen zyth janng als namliche
1137 2193 1933 2272 ein Rahr, vonn diser Statt begebenn damit man also
1140 2222 1932 2315 inen desto ehe vergeze, sölliches aber mit mehrerem
1143 2260 2013 2358 dys zeuerrichten einen ydt jedoch nit uffgehaben.
1141 2305 1953 2395 gethan, wellicher auch by immeselber allein, vnndt
1133 2342 1988 2449 Keins wegs durch wolgemelten hrre stattschrybern
1127 2381 1348 2455 beschechen ye
1113 2464 1993 2569 Glangendt dannethig, ob er auch nit wytters dann
1121 2517 1984 2607 wie er schon hinuor bekennt, ud ob anzognen durch inne
1145 2556 1928 2665 gröffneteng trag enntwendt habe, hatt er bekennt
1141 2601 1942 2703 Winders unnd verners nit dann noch sachs bücher,
1122 2630 1961 2740 welliche er auch hernach dem hrn Predinannten zu
1121 2673 1985 2797 Boltingen vmb zwo seinen Vtaufft, genommen ge¬
1135 2704 1270 2778 haben.
