4000 3000
57 18 176 82 188.
310 35 904 253 idan Banss
788 278 846 325 4
117 259 918 386 hsuff sambstag den 6. julii 1616 aal
193 333 868 417 durch hrr Franntz Guderen deß Rhats
180 377 928 476 Burckart Fischern Großweybehl unnd Johans
207 430 912 512 wyßen, grichtschrybern, verluth abgangenen
190 464 932 557 Rhats beuelchs Madlena Waadts, Brediran
201 515 921 602 tin im gschangnauw inn der Matnenkef
214 555 926 641 hie über etlich ira vorgehaltne artieul
214 597 910 680 mit worten raminiert wordenn, hatt
216 644 915 734 5 do malen volgennder gstallten sich erluteret
199 719 888 818 namlichen als sy vor etwas zyts zu
193 774 919 856 Langnauw ysig unnd da selbsten einem gwüß
199 820 911 896 Fischer, eing dern dicken genommen, vnndt
214 861 923 933 söshliches alda kunnt unnd offenbar worden
214 905 925 986 Sye als bald haruff eine Schumacher, Vß be¬
219 952 911 1028 uelch deß herren lanndtvogts unad weybels
225 1000 921 1087 sines anzeigenns) kommen, vnnd habe sy
217 1045 923 1127 daselbsten an ein Armysen gelegt, Nach dem
205 1093 923 1172 vnns aber sy unngefar by einer viertheilen
224 1140 927 1212 stundt darinn gsig, unnd man es vernommen,
211 1181 882 1266 glych angentz woderumb ledig geläßenn
211 1226 385 1294 worden.
206 1294 903 1400 Demnach befragt, warumb by dem herrn
213 1362 898 1433 lanndtvogt zu Trachselwaldt ein müth or
217 1408 892 1490 gefaßet wordenn, zeigt sy an, Es habe der
225 1454 907 1535 hrfr eheman, Predicamnt im Eschang
229 1504 922 1575 nauw gedachten hr lanndtvogt durch eine
225 1546 922 1615 genant Räbhannß eine brieff deßenthalb
202 1583 933 1660 Vberschickt, darumb dann sölliches beschechen,
223 1630 881 1707 ennd, wo nit unnder laßen bliben were
211 1699 908 1766 Verners befragt, ob domalen der Wirt
217 1760 899 1835 zu Drachselwaldt, als sy daselbstenn uber
213 1794 932 1884 nacht im wirtshuß gelegen, anheimsch gsig,
198 1847 929 1913 Bekennt sy sagrnuß hyr uff der nachst, wie
222 1900 892 1970 y schog an ihre ruw gsin, heimkommen
222 1966 907 2057 und witers befragt, wie laung es sye
213 2031 907 2111 das sy vonn berürtem hrren irem eheman
219 2075 905 2157 gangen unnd also hin unnd wider gefah
204 2120 922 2205 giert, auch wer fra inn söllicher zyetft sich
210 2174 911 2249 zu ernehren gellt gebenn habe, ist frenn
210 2220 916 2296 bescheidt, Sye vnngefahr by den vierwochen
198 2265 892 2342 unnd habe domalen wol by den zächenn
210 2316 920 2401 ronen by fra ghan, vnnd sonst inn keinen
198 2362 887 2442 wegn etwas witers, dann ob an zognen
191 2408 943 2496 Die ken vonn jemandt anderem überkommen .
1539 115 1581 180 d
1188 140 1778 238 ununs Muadus.
1491 277 1555 318 ta
1139 274 1831 372 louffzinstag den 10. julii 1616 9ars
1134 340 1816 428 Hadalena Waadtli durch Herrenn frannkh
1138 380 1811 465 Ruderg deß Rhats unnd Burckart Frschers
1141 422 1810 510 Großweybel, Ing der Mannen keffi salhie
1147 469 1811 540 abermalen mit wortenn examiniert worden.
1140 514 1842 600 hat sy sich uber ira vorgehaltne artirul ver
1146 552 1459 638 prochenn, wie volget
1129 620 1753 713 deß ersteir, wie das nit weniger, san
1166 668 1765 750 ing einem gemach by verschloßner t
1135 716 1763 794 sby zweyenn fra bekannten ober lei
1141 752 1757 834 gelegen sye, das sy aber mit den selbenn
1144 794 1777 864 einniches gstallten vergangen umd als in
1147 833 1756 907 die thüren uf thun, die oberleünder sol
1150 872 1795 939 nit thun wöllen, sonnders die thüren verb
1153 913 1742 994 habindt, könne sy mut darvonn sagen in
1146 956 1763 1027 en dann sy damalen geschlaffeng habe.
1122 1006 1719 1094 Was deninach Ihr vmb einganndere
1137 1064 1666 1152 Item wo sy das gellt, so sy an unnder
1137 1106 1728 1181 orten gezeigt unnd inn warendem
1150 1139 1723 1212 umbher zuchen zum theyll verthag und
1150 1180 1747 1266 geben genommen, belanget, hat sy und
1142 1224 1671 1286 wie das sy vonn irem Herren
1153 1264 1652 1337 wirt imi der hußhaltnnng an
1155 1303 1628 1376 nit empfangen, dann das sy ue
1139 1345 1636 1413 wordenn, senn imme zuzuche
1143 1388 1651 1450 inne zeverlaßenn. Was aber
1186 1426 1627 1498 sy by Sich ghan, vnnd vier di
1143 1471 1622 1548 Rychstaler, einn Silbereronen
1165 1514 1579 1578 rutz auch anndere dickeng
1156 1558 1553 1628 daßelbig unnd annders in
1156 1599 1595 1668 Vatter wegenn Versprochne
1156 1644 1604 1703 deßenn dann auch Ihr Ehe
1161 1684 1523 1751 theill habe empfangen,
1128 1712 1555 1815 Antreffendt denne, das sy
1156 1783 1525 1850 lerin eines buren frau
1137 1832 1524 1899 inn ihr huß gangen
1168 1870 1533 1933 ein duraten gebenn here
1159 1906 1537 1973 Wechslen, vnnd eing in
1168 1947 1525 2016 welches aber gemelte
1165 1997 1498 2055 nit habenndt thun in
1177 2031 1532 2104 onders wegenn unnge
1168 2076 1517 2151 wirts huß zu gahn
1158 2122 1556 2190 hat sy geanntwortet,
1149 2165 1519 2235 obendelt huß kommen
1152 2210 1611 2289 Duratenn geben, der meinen
1170 2250 1603 2334 techslen, vnnd wyn reichen
1181 2296 1579 2379 y gesechenn, das die mut
1191 2351 1604 2427 runfften gsig, habe sy gedac
1185 2380 1568 2471 ölche ducoteng weider
1180 2420 1336 2502 behalten.
1876 29 1942 96 18
