4032 3024
1381 351 1471 436 340.
1472 413 2054 543 es sye söliches andrist nit, dann uff
1459 478 2046 572 Irer eltern gfallen hin beschechen, vnd
1457 506 2052 617 wyl es nun denselben, sonderlich der
1472 549 2059 656 muter zu wider, habe sy kein lust und
1465 592 1829 663 willen mehr zu Imme
1825 610 2045 691 Darüber
1471 637 2041 737 elteren für gehalten worden, daß
1465 675 2050 777 iß dem bericht vnd kundtschafft ein
1460 726 2050 811 andern sich erfinde, vnd das Ir tochter
1446 759 2040 854 fürgeben, daß der Vatter Ire fry
1464 803 2057 898 vnd heimgestelt habe, einen nach Iren
1449 841 2056 933 willen vnd belieben genommen, daruf
1465 892 2040 972 nun sy disem jungi versprochen haben.
1475 927 2062 1015 Syl nun sy dessen ungeacht kein willen
1453 974 2061 1057 darin geben wöllen, vnd anfenglich
1441 1022 2057 1094 der Vatter Inne zur muter gewisen
1452 1051 2053 1140 die es imme allengelich abgschlagen,
1456 1094 2057 1175 und die thür vor Ihm zu beschlossen,
1447 1135 2038 1209 habend nicht In ansechen desselben,
1446 1178 2039 1256 vnd der authoritet, so den elteren
1446 1218 2029 1285 über Ire khind, sonderlich zu Ehe¬
1444 1258 2032 1330 hendlen, gebürt, dise ansprach vf
1435 1295 2062 1357 gehept, Jedem erloupt, sich anderfart
1439 1345 2056 1405 zu verehlichen, mitt vnd mahnung, Ins
1434 1377 2044 1449 künfftig zu allen itzten fürsichtiger ze
1421 1415 1569 1476 handlen.
1569 1424 1625 1468 .
1641 1421 2044 1484 Im übrigen erkent, das der
1438 1454 2035 1528 tochter elteren gemeltern Jung allen
1438 1496 2047 1568 von diser Chorgl procedur wegen Vf¬
1436 1540 2045 1598 gelüffnen costen in zimm, und billig,
1438 1583 2065 1646 keit abtragen, Jedoch für ein Geselhor¬
1440 1612 2050 1682 gricht so deren eine oder mehr ge¬
1425 1657 2043 1716 halten worden. Wyters nit, dann
1474 1696 2022 1760 guldig für jedes vßgerichten
1444 1731 2042 1807 schuldig syn, vnd hieneben den Jenigen
1435 1774 2032 1841 hinder dem das Ehegelt ligt, dahin
1422 1817 2008 1879 halt söllint, daß ers dem Junge
1426 1856 2053 1927 nochmalen anpiete vnd überantworte,
1430 1898 2020 1967 vnd als dann er soliches annemmen
1429 1935 1606 1995 vnd behalten
1461 2043 1922 2142 Burgdorff. Brugg.
1453 2118 2037 2189 Rudolff Dubelh halb hatt sich uß
1475 2173 2055 2246 deß s. sichs bericht erfunden, daß
1464 2212 2033 2282 er zwar der Christmann Grunder
1469 2250 2022 2317 zur ehe begert, sy aber es imme ab
1479 2287 2035 2351 geschlagen habe. Und wyl nun er
1478 2322 2048 2392 gegen Madlen Buman uff synem s
1471 2368 2032 2435 neinen deß byschlaffs, wider den
1463 2414 2033 2477 schyn der warheit, und ungeacht
1462 2446 2050 2517 sy imme sölichen under augen erhalten,
1455 2485 2047 2568 verbliben, Ist er biß vffen Mitt¬
2680 344 2763 399 341
2131 383 2772 512 wuchen ins pfaffenloch erkent, deß
2122 441 2768 554 Rothansen frouw, vnd Christen pfi¬
2131 483 2782 595 ster ein metzgerknecht, syn landtsman
2123 521 2758 638 vmb das sy by der obberührten uf¬
2131 568 2784 687 hebung vnd ledigsprechung zu gegen gsin
2135 616 2813 720 vnd darzu gholffen, ernstig censuriert,
2121 661 2787 774 vnd sich der dingen ins künfftig ze müssig
2125 706 2810 808 vermahnt worden, by peen der ge¬
2101 776 2330 869 Pangensch.
2338 841 2471 910 Bern
2160 886 2801 982 Barbara Brewald ist anzeigt worden,
2155 945 2799 1017 sölle gedult tragen, biß daß das schryben
2151 982 2736 1052 von Zürich ervolge, wie dann ich
2145 1019 2685 1107 hoffend furderlich gschechen werde.
2458 1125 2611 1196 Büren
2142 1133 2369 1223 Burgdorff.
2468 1179 2615 1257 Zürich.
2157 1202 2361 1275 Embdingen.
2156 1277 2812 1359 Christen Pfister obgenant mitt Ana
2159 1338 2778 1400 Walti. Denne Hans Ulrich Marti
2164 1366 2750 1439 einem schnyderknecht mitt Cleua
2166 1416 2789 1485 Jäligker, zu Muri sich ynsegnen
2156 1450 2434 1520 Zelassen erlaupt.
2171 1490 2577 1571 Tedel an H. Predicant.
2139 1567 2775 1744 Mittwuchens. 22 July
2560 1723 2713 1786 1629
2169 1762 2765 1844 Ist kein Chorgricht gehalten, aber
2182 1823 2766 1874 vssert demselben nachvolgenden ver¬
2183 1860 2722 1928 sonen hochzyt zedel bewilliget
2170 1908 2285 1966 worden.
2251 1943 2296 2010 2
2364 1960 2503 2043 Bern.
2203 2013 2825 2109 Rynach Zürich Stäuisburg
2166 2105 2783 2188 Hans Gabler, dem nüt angenommen
2185 2165 2768 2222 träger mitt Margreth Hebler,
2181 2196 2779 2267 vnd Baschi fry mitt Vrsula Mey¬
2178 2232 2539 2289 thaler, zu Bümplin
2193 2272 2830 2346 Denne Cunrad Müller, mitt Veronie
2191 2322 2816 2389 Bachman zu Stäfisburg kilchen
2180 2353 2394 2422 recht ze thun
