4032 3024
1446 357 1564 440 529.
1489 397 2027 589 Mendige aber geleg
1737 537 1891 605 ex sen¬
1495 561 2074 711 8. Venner Vickhart. H. Amman in
1700 643 1873 731 Minist
1476 675 1989 797 Hr Langhans, Hr. Rütimeyer.
1708 752 1824 840 Civ.
1624 780 1710 832 a
1490 783 1965 893 Hr. Monnuar. H. von Werdt
1507 853 1980 940 s Heimberg. H. Reinhart
1480 946 1911 1035 Meynthal. Thun.
1472 1045 2054 1144 Hans Blum hatt abermalen vmb
1489 1104 2045 1188 bewilligung deß kilchgangs mitt
1484 1151 2054 1219 Anna Oggenfuß angehalten, vnd
1483 1186 2054 1268 aber kein schyn, wie ihm sub. pag
1478 1233 2048 1315 168 uferlegt worden, mitt sich ge¬
1474 1270 2033 1352 bracht, deßwegen und wyl er ein
1471 1311 2057 1399 frömbder, er mitt der E. schryben
1469 1354 1917 1431 für rhat gewisen worden.
1553 1449 1883 1531 Bern. Belg
1487 1518 2003 1601 Hans von Wattentheyl ist under
1466 1576 2013 1637 syn nit vngegründte entschuldig
1475 1611 1989 1676 ung, syn husfrouw Madlena
1454 1648 2002 1715 von Suternoutten zu sich zenemmen,
1455 1692 1977 1757 vnd ein hushaltung anzestellen
1446 1713 1995 1800 vermahnt und imme ein schryben
1440 1769 1971 1831 ertheilt worden an die frouwe
1437 1813 2043 1878 syn schwiger vnd dens syn schweg,
1452 1845 1997 1921 mne irem versprechen nach mitt
1439 1893 2017 1961 korn, holtz, vnd anden notwendig¬
1437 1933 1702 2005 keit zuersechen
1637 2000 1980 2084 Schwartzburg
1887 2073 1935 2136 .
1454 2088 1989 2172 Peter zwalens halb aus handt¬
1457 2158 1974 2208 vogt Schryben, inne gut, oder
1458 2182 1982 2256 gfenglich alhar zum Rechten gehalten
1459 2223 1979 2285 vber den Ehebruch, so Elsbeth Hennen
1448 2263 1946 2322 syn frout ab imme klagt, der
1440 2300 1734 2366 urteil zu erwarten
1619 2343 1860 2433 Signouw
1433 2394 2015 2493 Peter Blasers wegen anhin vogt
1469 2465 1980 2508 schryben, Inne nit allein von
1445 2485 1984 2551 Martin Baltzlis, sondern auch an¬
1439 2521 1984 2576 derer sachen wegen uffen frytag
1435 2563 1627 2626 harze halten
2714 414 2829 498 529.
2155 497 2686 597 Mons. Ober spittal.
2165 567 2787 677 Veter Thommet der hus knecht, dem oben
2190 630 2804 709 52 4 veichnete sachen fürgehalten
2151 664 2788 755 worden, hatt alles, sonderlich aber,
2156 712 2776 794 das er die Maria Carlin niemalen
2155 750 2785 847 In der schuren beherbriget habe, sonder
2155 781 2799 883 es seye Elsbet kommet gsin, vermeinet,
2137 836 2811 920 veßgenommen, daß er möchte vff Andres
2137 881 2797 966 Remundt gedütet, Item geredt haben, das
2112 921 2821 1005 wann sy von demselben gescheiden wurde,
2148 961 2830 1037 er dann sy zur ehe begeren vnd villicht
2468 1005 2792 1073 Deßwegen, vnd
2144 1010 2470 1072 überkommen wölte.
2138 1044 2795 1114 die wyb die frouw auch uff freunden
2144 1086 2785 1150 neinen vbliben, sind sy beide biß von
2131 1126 2667 1200 Mittwuchen hinab erkent
2318 1187 2479 1276 Bern
2148 1242 2791 1335 Hans Alisant vnd Elsbeth Boüggler,
2160 1307 2748 1364 Ehementschen, habend abermaln
2150 1348 2769 1404 vil ab ein andern geklagt, sonder¬
2144 1380 2757 1447 lich er, das sy inne schnöd halte, und
2149 1417 2753 1482 Imme gantz sparsamlich zeschen gebe
2146 1457 2734 1512 Sy aber hingegen ab imme, daß er
2172 1472 2783 1563 über das verpott mitt synem ussetzigen
2183 1535 2765 1608 ohn vß einer Fläschen getruncken
2148 1572 2746 1644 daß er sy mitt groben vntheisten
2155 1612 2745 1678 lichen namen betitle, vnd grusam
2165 1651 2755 1720 fluche und schwere, sy ouch der gstalten
2166 1693 2764 1760 tractiere, daß sy in khinds schmertz
2161 1725 2773 1801 gefallen, vnd nach etlich tagen einer
2152 1768 2740 1850 unzytige gebürt genäsen sye, Item
2149 1814 2723 1889 daß er gegen wyberen, sonderlich ouch
2161 1855 2736 1933 ungeschücht irer kranckheit, gar eine
2146 1871 2785 1965 unflat sye, Item das er ira unlangst
2157 1940 2755 2014 Intrögli ufbrochen, erschlagen, und
2148 1976 2726 2055 20. t. daruß entfrömbdet habe.
2159 2012 2746 2093 dessen er zwar nit absen können, das
2165 2052 2759 2119 vberig aber alles meistentheils
2161 2084 2755 2154 neinet. Darüber auf gut befunden
2169 2119 2770 2198 worden, der sach mitt ernst nachzefor¬
2167 2155 2710 2233 then, vnd deswegen die kundtschl
2151 2192 2735 2278 hierob zerhören. Denen sol deß¬
2131 2230 2687 2321 wegen vff künfftig mitt wuchen
2168 2249 2743 2358 Potten werden, Jedes diser Ehementschen
2154 2304 2756 2397 syn rechnung entzwüschen stellen vnd
2154 2336 2739 2429 denzmalen uflegen, sonderlich ab
2153 2375 2719 2474 Er das Jenig gelt, so noch vorstends
2153 2412 2721 2508 vnd handen syn möchte, dem Chor¬
2141 2451 2756 2559 Weibel überantwort vnd ynzellen.
