4032 3024
1412 294 1509 366 210.
1499 365 2115 501 schaffen, dem Masserli für die ufer¬
1506 443 2109 530 züchung deß knaben 17 jar lang und
1482 481 2118 580 für den Kosten, vberal 50. Bernt, nam¬
1489 519 2118 606 lich setzund uff Osteren bar - 10. dem
1495 557 2101 655 uff st Johans und Martins tag jedes
1483 599 2104 695 mals 20 t. ußrichten, vnd darneben
1483 640 2094 730 den Chorgrichtlichen Kosten, was noch
1482 695 2092 764 unbezalt ußstunde, abtragen, die
1483 728 2095 810 straff zu welcheren imme biß von
1483 778 2090 861 hütt über 14 tag zil geben worden,
1477 810 2114 901 volkommen nach der alten Satzung, one
1489 856 2097 949 abgang der albereit vß gestandnen tagen
1480 911 2102 989 erlyden, vnd neben einem Vrteil gelt,
1500 939 2050 1020 Ab d. zuhanden noch entrichten
1496 980 2090 1065 Im übrigen dann beide Klyen einanderen
1480 1018 2089 1107 diser sach zu argen nit anzüchen noch
1484 1055 2067 1133 gedenken, sondern gute fründ vnd
1496 1099 2058 1170 gönner gegen einandern syn, vnd
1478 1131 2058 1204 sonderlich der Scherler, so er dem
1479 1183 2068 1257 Mäßerlin hieuor etwas guts be¬
1478 1225 2072 1295 wisen, Im selben noch fürbaß für¬
1485 1258 2074 1331 fahren solle. Welichem zugelaben
1475 1295 2064 1383 sy beidersyts dem h. Richter in die
1475 1335 1832 1406 handt gefogt habend.
1476 1379 2073 1470 der E. f. soliches zuschriben, sonderlich
1482 1442 2076 1514 das sy deß knaben halb vfachtung
1479 1472 1612 1528 habin
1723 1519 1847 1617 Berne
1488 1596 2085 1701 David von Wattenwyl vnd Niclaus
1493 1658 2069 1740 von dießbach, zwen modisten, sind
1502 1687 2065 1781 vermahnt worden, allewyl sy hie
1488 1725 2060 1817 wohnend, sich burgerlichen habits
1497 1774 2070 1864 nach nit gehen ordnung zu beflyßen,
1495 1812 2080 1910 vo nit, söllend sy nach inhalt
1487 1858 1918 1946 derselben gestrafft werden.
1529 1962 1664 2040 Bern.
1675 1978 1953 2060 Winterthur
1679 2024 1931 2119 Franckrych
1476 2116 2075 2230 Elßbeth Meyer, Kunrad Starcklis
1498 2177 2058 2272 eligen Wittwen, hatt die berüchtig
1489 2203 2062 2294 ung, als solte sy sich einem frantzö
1472 2242 2084 2341 sischen wirth sonst der Rütsche Schärer
1483 2282 2067 2370 genamt, der hievor zu Lausanna und
1468 2318 2056 2420 demnach zu Genff gewohnet) souil
1481 2353 2066 2463 als anpotten, denselben übernacht
1471 2385 2057 2495 beherbriget, vnd sich mitt imme vergeß
1486 2419 2049 2540 haben, mitt fürwendung etlicher
1486 2465 2065 2594 nachburen nyd und hasses versprochen
1471 2494 2048 2629 vnd verstädiget, also daß nicht die
2805 236 2913 325 211.
2212 340 2838 482 sach, glych wie auch die beschickung
2214 408 2917 520 deß Fläschen machers und syner mitt¬
2222 441 2887 558 pileren, biß vber die Osterliche
2207 515 2532 626 zst yngestelt.
2204 702 2862 826 Mittwuchens. 8. Aprilis
2722 769 2841 838 629.
2207 879 2913 981 vß bewilligung Herrn Nachselhofers
2227 927 2911 1014 ein Redel verfertigen Auf¬
2227 966 2781 1049 predicant zu Bollingen
2221 1020 2916 1112 Rudi Schybli, s. Großweibel fru¬
2227 1062 2917 1149 tigs hußman zu vorlouffen, mitt
2215 1104 2920 1187 Barbara Stoll von Biglen, zuzuseg¬
2229 1182 2310 1232 nen
2359 1386 2682 1469 Atraori.
2408 1480 2796 1577 10. april 1629.
2200 1494 2392 1577 Frytags.
2400 1559 2638 1639 Ex Senatu
2213 1620 2928 1707 H Tachselhofer. Ind. G. v. von Werdt.
2422 1675 2620 1754 Minist.
2218 1722 2759 1823 jr Schmid, H. Langhauß.
2425 1813 2561 1904 i
2226 1873 2792 1977 H. Sultzer Hirtz hin tag.
2229 2019 2709 2128 Vndersewen Thun
2233 2131 2899 2221 zu Jacob Spani nüw erweltem kilchen¬
2247 2186 2864 2248 diener zu vndersewen, Ist von deßen
2236 2225 2865 2292 besten vnd allerhand bedencklicher vr¬
2238 2262 2893 2333 sachen wegen, den albereit angesech¬
2240 2301 2869 2371 nen kilchgang, mitt Anna Schilt,
2233 2344 2877 2414 syner Eheverlopfen, deren es am alt
2227 2386 2917 2455 noch by 10 wuchen manglet, zevol
2241 2427 2866 2497 züchen bewilliget, vnd der E. zu
2244 2473 2877 2543 Thun söliches, mitt dem anhang, das
2245 2519 2895 2576 es in kein consequentz gezogen, son
2233 2557 2911 2627 dern da sich in künfftiger zyt der
