4032 3024
1457 323 1558 396 194.
1542 373 2101 473 der E. mann ab Joseph Hund
1551 429 1988 508 dem metzger geklagte
2075 445 2143 512 stein
1544 470 2141 574 das er ohn vß gesetzt vnd ohn allen
1544 512 2132 604 vorbhalt gredt, man zeige Crer¬
1544 557 2118 644 hul diebslugenen ynhin geschrie¬
1552 593 2144 693 Nun wüssint sy niemandts, der
1545 639 2131 720 hinyn geschriben habe, als eben
1535 672 2144 772 y. könne deßwegen auch sonst
1540 715 2121 805 niemandt gemeint haben. Der
1544 763 2122 844 halben gebürenden Wandels, ab¬
1537 803 2119 901 trag Costens, und ein schyn irer
1522 850 1910 925 verrichtung begert.
1579 895 2136 994 arüber er, die Wort vff obstehe
1567 951 2131 1023 de form geredt ze haben, vneinet,
1552 989 2139 1072 vnd dieselben also vßgelegt, das
1545 1034 2117 1107 er gredt. 1. die fulen luginen
1545 1068 2128 1150 habint nit mögen gelten. 2. die
1546 1110 2131 1198 so geschriben, daß er den H. Landt¬
1554 1170 2109 1234 vogt umb bewilligung drussen
1546 1205 2110 1276 abzebußen angesprochen, oder das
1556 1246 2112 1321 er drussen von der Buleren wegen
1552 1287 2120 1374 abbußt habe, die habint die vn¬
1537 1329 1907 1403 Warheit geschriben.
1552 1402 2081 1499 Vnd als Ihm für den anderen
1561 1463 2114 1530 puncten, synes führenden lebens
1554 1501 2078 1566 vnd Wesens halb, durch den H.
1557 1527 2089 1613 landtvogt Lehrber mundtlich ein
1555 1568 2092 1656 gar schlechte zügnuß, Inmassen er
1556 1609 2105 1694 begert, man Inen disen Man abnemme
1560 1655 2093 1732 en wölte, geben, vnd vß deß Chor
1571 1700 2096 1770 richts zu Langnouw Manual ein
1561 1731 2122 1824 articul nach dem andern fürgehalten
1568 1765 2097 1863 worden. Ist er nachvolgender stucken
1561 1800 1891 1884 bekantlich gsin. Als
1548 1870 2093 1952 daß er vff ein zyt im puter Tenn
1578 1907 2097 2001 ist ynbildung, als ob der böß geist
1554 1943 2122 2040 Inne nommen wöllen, vmb hilff geschen¬
1548 1978 2105 2072 wen, sye aber domaln geschechen, als
1555 2012 2101 2116 er mitt einer toubsucht behafftet
1557 2047 2124 2151 ssin, die Imme von einer tirnen, Stein¬
1555 2088 2116 2194 her Elßi gut, als sy im Obern wirth,
1543 2136 2111 2244 huß gedienet, dessen geben worden, so
1546 2170 2105 2275 und der gstalten überhandt genomenn, das
1551 2200 2108 2328 er ouch syn eigne frouw umbbringen
1553 2230 1677 2297 wöllen,
1605 2317 1659 2359 er
1670 2311 2081 2422 schimpffs wyß geredt habe,
1561 2347 2051 2460 es ye wol so bald nein als Ja
1557 2378 2071 2492 gseit, sye wäger, mitt einem
1554 2419 2086 2520 meitli geschaffen haben, als mitt ein¬
1555 2449 2088 2572 ein ehel. Wann einer vor Chorgen
1557 2488 2083 2622 schon laugne, und überzüget wie
2172 1585 2220 1652 3.
2180 1348 2225 1394 2
2836 268 2944 364 95.
2257 344 2905 463 aber nur nit schwäre, so schade es
2265 399 2917 494 einem nüt und sye einer nüt des¬
2271 458 2680 532 minder ein biderman
2263 465 2869 580 Item erwölle vmb ein vierer
2268 528 2862 630 ysentrat kouft und den syner
2251 569 2850 668 frouwen heimbringen, wölle sy
2259 604 2882 710 Ihn dann ringen, so möge ich es
2256 685 2327 750 thun.
2261 700 2895 798 stein daß er mitt syner muter
2257 754 2880 838 under herr Venner im trags seligen
2250 787 2919 867 fectur, von einer thu wegen, wyl
2260 830 2893 909 Zetwäders die angesprochen, vor
2260 875 2925 953 hmme erschinnen, der sy gegen einander
2236 916 2705 999 versprüthet und vertragen.
2301 978 2811 1068 Hingegen hatt er erneinet.
2252 1070 2898 1145 das er mitt deß erhenckten frouwen
2261 1134 2875 1197 jemalen zeschaffen gehept, ob schon
2246 1166 2869 1238 sy imme etwas dessen geben, habe
2251 1216 2869 1287 sy es imme, als er sy biß vff dem
2253 1251 2790 1326 tod geschlagen, wider abquon
2253 1322 2934 1419 das er syner frouwen für gworfen habe.
2260 1383 2921 1456 vie es Ins Hauptmans gärsten acher
2258 1422 2903 1488 zugangen, wüsse von sölichen wort
2241 1443 2868 1537 vnd von syner frouwen vnehrlichs
2244 1501 2331 1562 nüt,
2238 1560 2932 1654 das er gredt haben solle, er wölte lieb
2228 1620 2923 1704 das der pfaff voll tüfel were, eh er
2243 1655 2885 1749 syne kinder zu schul schicken wölte.
2441 1738 2768 1827 hieruff erkent:
2236 1807 2936 1894 Diewyl der Herr predicant syn obberührte
2249 1854 2896 1926 klag, der schältworten halb, mitt
2245 1888 2883 1962 zu fangnouw ufgenommner, durch den
2237 1915 2895 2003 landtvogt selbs geschribnen vnd vn¬
2228 1973 2891 2050 derschribnen kundtschafft, erwisen, und
2233 2013 2923 2079 nicht befunden, das Gundtsperger niemand
2235 2063 2919 2131 anders dardurch gemeint haben könne
2236 2092 2909 2167 als die E. Sölle er mitt worten und
2230 2128 2908 2217 durch ein glüpt bekennen, daß er sy für
2250 2174 2899 2237 ehrliche lüth halte, die mit anders
2246 2209 2874 2286 gethan habint, dann was Ires ampts
2237 2258 2878 2328 vnd brufs gewesen, hiemitt dann
2234 2292 2876 2374 die obangeregten wort Inen an Iren
2249 2333 2883 2414 Ehren mit schaden, sy deren wol ver¬
2241 2374 2877 2457 wahrt yn, vnd ehr by denen so er
2241 2416 2632 2488 hatt ouch verblyben
2252 2460 2883 2530 mb die Gottlosen lychtfertigen red
2264 2509 2851 2576 aber alhie den fuß: vnd herdt
2262 2535 2873 2618 fahl thun, wie dann beides be¬
2249 2572 2348 2639 schechen
