4032 3024
1434 285 1535 366 200
1562 345 2138 464 sten wyter yntewenden vnd zube¬
1573 406 2130 506 wysen, drussen vor Chorgricht
1540 455 2125 543 ußfündig zemachen, und denn zugl
1546 508 2131 594 mitt bericht widrumb zu erschick
1563 549 1606 603 den
1566 625 2091 725 Bassers huß Oberbalm
1542 713 2113 824 Caspar Gebhart und Anni Risen
1554 773 2132 860 sind uff hütt zu beiden syten erschinnen,
1540 807 2141 905 und die wyl sy in bysyn synes vatters,
1542 855 2130 936 bruders, vnd bystands, sich mitt ein
1536 899 2124 989 andern widrumb versunt vnd ver¬
1537 940 2108 1021 einiget, mitt erpiet, ins künftig
1545 980 2117 1063 ehrlich mitt einandern hat behalten
1543 1029 2118 1110 und ire 3 khind ein andern in der
1544 1070 2095 1157 forcht Gottes pfersuchen ze helffen
1543 1113 2118 1196 ind sy widrumb zusamen bekent,
1540 1154 2085 1240 vnd vmb öffnung deß landts
1536 1199 2128 1294 zwar einmal für Rhat gewisen,
1543 1240 2119 1324 nach dem aber so wol durch nach¬
1550 1277 2113 1362 schlachung zu dem Mannal, als uß
1543 1330 2110 1403 der frouwen mundtlichem bericht
1542 1361 2110 1446 sich befunden, das zwar die ruff, aber
1536 1404 2098 1490 noch kein schidigung zwüschen inen
1547 1449 2118 1523 ergangen, und hiemitt ouch die ver¬
1549 1489 2106 1566 würckung deß landts nit ervolget,
1549 1527 2105 1615 ind sy am Montag hernach, mitt
1549 1569 2095 1655 ulaßung, das er das landt wol wider
1552 1611 2119 1699 bruchen möge, vnd vermahnung, ge¬
1549 1650 2091 1744 bür und fridlich mitt einandern
1560 1689 2091 1774 uleben, sonderlich das er weder
1549 1723 2085 1826 Wa noch jemandt andern deß
1545 1765 2083 1863 vergangnen vnit entgelten laßen
1527 1811 2022 1926 sölle, heimgewisen worden
1744 1902 2040 2016 Eieracheren.
1531 1976 2088 2097 Anna Springen, so hieuor den 28
1554 2033 2036 2131 gbus nechst hin wider Hans
1542 2074 2058 2174 Bentz zu recht der schidigung er¬
1549 2106 2050 2207 langet, die wyl sy kein wider
1534 2139 2084 2250 hatt, sich mitt demselben ze lese¬
1541 2181 2061 2296 sunen, Ist erlaupt worden, das
1532 2216 2050 2344 sy sich anderfart sehlichen möge.
1763 2307 1937 2406 gnieres.
1536 2334 2058 2464 deß h. predicanten sohn, wyl er
1563 2390 2056 2500 sich alhie in der Statt befindt
1558 2420 2081 2539 ol noch einest citiert werden, wes
1555 2456 2089 2573 sines in 33. David Walthards
1553 2490 2112 2627 her mitt der dienstmagd beganget
1555 2535 1760 2613 nen fälers.
2846 259 2954 325 201.
2415 303 2695 415 Langnouw
2271 382 2938 506 Joseph Hundtsperger Ist vff ein zedel
2268 459 2926 541 an h landtvogt, in seinem mann den
2257 489 2903 591 jetzigen gefangenschafft kosten vnd
2313 529 2902 624 Eb. obgemelt, zu entrichten, Hein¬
2279 589 2317 619 5.
2261 581 2720 677 vnd ledig gelassen worden.
2426 664 2618 754 Bissen.
2256 738 2918 830 Hans Rohren Kuyer, ist synes begerens,
2254 788 2893 867 das man Inne von syner Elersprochnen
2267 825 2883 912 vyl sich erfinde, das sy schon zuuor
2261 872 2867 936 mitt einem Man hin der Solothurn
2270 911 2927 993 verhafftet, ledigen wölte, biß nach
2247 957 2921 1042 Osteren differiert, vnd imme anzeigt
2439 1001 2905 1069 Der entzwüschen vff
2257 1011 2428 1069 worden, das
2253 1041 2902 1128 y achten, vnd da er sy bestrychen
2256 1086 2895 1166 mag, sy dem Chorweibel verleid
2234 1145 2351 1220 sölle.
2353 1197 2711 1288 Schwartzenburg.
2395 1260 2672 1329 Buggisperg.
2245 1312 2859 1403 An Landtvogt schryben. Sölle den
2260 1375 2876 1440 alten feller zu bezalung deß jenig
2252 1406 2906 1495 sup. p. 172. wo nit, inne uff montag
2250 1453 2389 1522 harhalt
2347 1547 2575 1616 Thurnen
2250 1605 2897 1702 Fry Weibel Nußbaums schryben, an
2262 1664 2866 1728 treffend den Schryber Langhaus und
2251 1694 2895 1791 Ludi Buli, sol H. v Bickhart (wyl
2240 1742 2908 1834 die appellatio für inne kommen sol
2248 1782 2505 1855 zugestelt worden
2438 1872 2570 1952 Bern
2230 1928 2863 2031 Wegen Barbara Wyßhanin, von deren
2254 1995 2874 2068 die Muter Margreth mynen herren
2250 2026 2867 2099 vermeldet, das sy ein reine magd er
2238 2070 2878 2147 fūnden. Ist erkent worden, daß
2234 2109 2874 2194 Hans Wyß allen Kosten abtragen
2254 2146 2357 2194 ölle.
2237 2178 2864 2268 vnd die wyl sy demnach sampt und in
2239 2244 2888 2308 namen Irer tochter begert, das sy von
2243 2271 2858 2347 einem ußgerißnen Schlossergsell ge¬
2234 2305 2881 2376 lediget wede, Ist mir beuolchen, der
2236 2346 2618 2413 elle sach nachgeschlachen
2466 2403 2610 2473 Bern.
2249 2436 2852 2529 dem Todtengrebertillis, vnd Mey¬
2251 2508 2849 2567 thaler dem schnyder, ist die hievor
2246 2535 2835 2606 von zu spaten kilchgangs wegen uf
2258 2576 2863 2647 erlegte buß uff 2 lb jedem ge¬
2251 2609 2552 2682 modiert worde
