4032 3024
1389 388 1518 465 542.
1490 450 2060 596 ouch ire zwey by vnd mitt einander
1481 516 2035 640 erzilete Kinder eintweder zu sich
1487 559 2040 673 genommen, und gebürlich zu erzüchen,
1477 606 2039 717 oder aber zeer dingen, vnd so in sol¬
1482 650 2061 765 heifal die muter dieselben haben
1462 693 2041 805 und inen zbest thun wölte, ira her
1468 741 2051 849 lichen für beide 8. Bernkronen vß¬
1462 782 2019 887 zerichten, vnd sol hieneben noch
1462 828 1785 917 z wollten abbüßen
1479 938 1973 1025 Signouw, Turgouw
1447 1032 2022 1125 Wyl Madlen Schnyder Ire ehe an
1470 1093 2027 1157 sprach gegen Hans Jacob Vater
1470 1131 2022 1205 nit bewysen können, vnd er wy¬
1472 1175 2040 1246 ters nit als deß byschlafs gesten¬
1464 1212 2034 1279 dig syn wöllen, sind sy von einanden
1452 1254 2045 1319 dern gescheiden, vnd Imme der Costen
1461 1295 2033 1370 diser sach uferlegt, sy uff uß
1463 1343 2026 1410 gestandne straf mitt gewohnter
1457 1380 2048 1450 censur ledig glassen, imme aber wegen
1462 1424 2035 1492 er einen gfragt, was er nemmen und
1464 1459 2045 1536 ouch by ira ligen wölte, noch ein par
1464 1508 1971 1582 tag zur straf zu geben worden
1939 1559 1997 1633 1
1650 1587 1868 1668 Nangen
1458 1652 2001 1737 Derena Zimmerman, der gewesnen
1446 1706 2010 1778 wirthin, sol angezeigt werden, das
1452 1743 2014 1816 mich es zwar by jüngster irer er¬
1446 1775 2040 1844 lüterung verblyben lassendt, kön¬
1451 1813 2043 1885 eind aber iren abgescheidnen nit wol
1446 1857 2052 1923 mitt gwalt darzu nötigen und bin¬
1433 1904 2011 1980 den, sondern wöllint sy vermahnt
1438 1942 2041 2027 haben, dem erstenspruch oder ander
1430 1971 2025 2058 besten mittlen nach sich mitt imme herr
1429 2034 1590 2109 glychen.
1660 2097 1802 2170 Bern.
1667 2142 1884 2233 Kilchdorff
1466 2208 2018 2299 Geörg Kilchberger unterweltem
1477 2275 2014 2345 provisori gan thun, uß vergün
1470 2300 2016 2380 tigung h anghausen, ein redel
1459 2334 2004 2429 auch prod zu Kilchdorff expe¬
1446 2375 2003 2472 diert, sich alda mitt Salome Seni
1457 2432 1788 2517 ynsegnen ze lassen
2674 423 2791 499 543.
2143 518 2714 625 Frytags 18. Secemb. 1629.
2356 587 2498 668 Exsen.
2137 634 2651 744 hrr Bickhart. 8. Amman Ind.
2331 699 2492 789 schlingst
2147 736 2665 843 Hr Langhans. S. Rütimeyer.
2340 810 2442 880 Civ.
2147 846 2609 939 Hr Munder hr. von Werdt,
2141 910 2578 980 S. Heimberg, Hr Reinhart
2163 1012 2641 1105 Thurnen Reütigen.
2158 1080 2770 1179 Peter Heini zu Mülibach hatt dorothe
2171 1147 2751 1212 Tönen beide thorechte Ehementschen)
2162 1170 2786 1242 ushrem eignen mund anklagt, als solte
2163 1223 2785 1288 sy sich mitt Hans Mülen von Kensdorff
2149 1261 2801 1327 vor etwas zyt zu Hermißwyl hinder einen
2154 1304 2769 1364 offen vergangen haben, vnd daher die
2160 1332 2768 1398 schidigung gesucht. Darüber sy droben
2155 1370 2769 1442 vor Chorgricht vnd anfengelich ouch alhie
2155 1422 2773 1479 der Worten vnd der hat geleugnet, her¬
2156 1449 2782 1521 nach aber vff fründtliches zu reden be¬
2161 1496 2741 1555 kant, sy habe sich einsmals mitt
2166 1528 2773 1597 gedachtem Wil hin derm ofen vergessen,
2168 1566 2739 1636 ouch etliche vmbstend vermeldet, vnd
2154 1595 2752 1674 imme söliche under augen erhalten. Wyl
2169 1641 2770 1710 aber der beklagte dessen nit bekantlich
2184 1686 2796 1741 yn wöllen, sind sy beide schon verschinnen
2161 1719 2756 1786 Mittwuchens In die gfangen schafft er
2171 1754 2770 1807 kent, vnd ein zedel gerhaten worden
2171 1787 2768 1857 an die Artzet, anfangs gemelten Peter
2167 1828 2776 1889 Henni, den Eheman als von dem das
2162 1865 2776 1926 wyb fürgeben, er sye iren nie schuldig
2171 1898 2743 1949 worden entzwüschen zubesichtigen
2172 1934 2737 1986 wie dann beschechen, vnd habend die H.
2172 1971 2738 2035 Doctores synethalb uff hütt referieren
2177 2001 2745 2072 lassen, das sich deß orts kein mangel an
2171 2041 2766 2110 Ihm befinde, der beklagte Wie zuuor
2162 2070 2753 2144 gelougnet, sy ouch anfengelich sich ge¬
2169 2108 2739 2173 schwungen, bald aber widerumb uff ire
2166 2144 2723 2213 vorgehnde bekantnuß gefallen, vnd
2166 2187 2725 2249 angezeigt, das Wyl sy drunden In der
2171 2215 2734 2298 gfangen schafft mitt verheißung einen
2169 2242 2751 2316 maß weyn zum lougnen ufgewisen habe
2169 2284 2769 2367 Also daß darüber alle man vnd wybs¬
2188 2322 2754 2389 ersonen, so drunden Imloch gelegen, ver¬
2165 2354 2724 2427 hört, aber, das er sy also angewisen,
2169 2370 2760 2453 nit gezüget, darneben aber etliche ande
2167 2423 2728 2499 gedächtige reden zwüschen Inen getriben
2159 2450 2710 2524 worden, deßen er, wie ouch das
2165 2482 2707 2555 er by ira hindern ofen gsin, nit ab
2167 2512 2734 2597 syn können, der that halb aber nit
2148 2543 2776 2635 deß minder by synem verneinen verbliben
