4032 3024
1297 382 1441 477 492.
1394 468 1934 584 er über diß gelopt, ist dem herren
1400 535 1938 627 vogt und der er einfaltig zuge¬
1402 576 1940 668 schriben worden, gemelten ly¬
1394 623 1946 712 ser, damitt abtritts vnd Coster
1381 660 1937 757 halb mitt imme gehandlet Erde, wie
1387 705 1966 803 der billigkeit gemäß syn möge, her¬
1386 747 1950 848 gehalten, vnd die frouw nach zu
1390 797 1907 893 halt der satzung abzestraffen.
1603 873 1780 956 Wolen.
1388 950 1954 1029 Wiewol Margreth Büelers halb
1399 1008 1965 1060 durch die hebammen sölicher bricht
1399 1036 1955 1102 ervolget, das sy nit allein verfellt
1394 1078 1945 1136 sondern ouch gwüssen anzeigung
1388 1115 1963 1185 nach nit ledig seye, hatt doch hie¬
1391 1150 1956 1216 vorgemelter Hans Couper frent
1386 1196 1950 1264 halb gantz unschuldig syn wöllen,
1391 1239 1956 1301 vnd das ein vnd ander stuck noch
1386 1275 1971 1344 malen hartneckig verlougnet, das
1374 1321 1947 1388 meitlin hingegen ouch uff syner
1383 1346 1962 1428 anklag styff verharret, deß
1368 1397 1965 1469 wegen er ins pfaffen, es aber zu
1376 1444 1953 1518 das gmeine loch erkent worden.
1398 1514 1946 1608 Trißwyl. durcuret.
1424 1600 1972 1704 n speniger sach zwüschen Vlrich
1395 1657 1975 1741 Becken, deß Ammans zu dürenrot
1405 1687 1977 1776 ohn, und Anna hordi, synen the
1384 1735 1965 1829 wyb, weliches er deß ehbruchs
1383 1779 1974 1856 beschuldiget, wyl wäder sy noch
1388 1820 1978 1891 Niclaus Schärer zu Dagerdingen,
1401 1861 1973 1940 als der thäter, erschinnen, Ist er¬
1402 1892 1993 1974 kent worden, daß der Chor weibel
1390 1939 1977 2033 ya (wyl sy alhie in der statt
1395 1975 1974 2075 yn sol gfenglich ynsetzen, der
1398 1999 1998 2118 thäter aber durch den ze vogt ent¬
1386 2052 1997 2146 weders durchs gebott oder gwarsam
1401 2110 1869 2194 lich hargehalten erden solle.
1415 2151 1770 2234 Schryben hierumb
1567 2198 1858 2299 Sigrißwyl.
1422 2298 1942 2391 Bendicht Santschi hatt zwar
1449 2338 1959 2421 Maria Kampff des Statt¬
1456 2384 1962 2464 halters tochter der Ehe ange¬
1462 2416 1967 2504 prochen. Wyl aber sy keines
1450 2432 1983 2532 andern gestendig syn wöllen, denn
1440 2481 1974 2573 daß sy inne an vatter und mut
1455 2512 1998 2618 ter, dieselben zefragen, gewisen,
1426 2565 2000 2666 Die nun imme nit allein über syn
2584 366 2690 446 493.
2018 411 2689 559 interbung ein abschlegige antwort
2015 475 2648 604 geben, sondern ouch siderhar In
2001 526 2678 646 dise gesuchte Ehe nit bewilligen
2007 563 2684 689 wöllen, Ist dise vngründte ansprach
2003 612 2705 757 vfgehert, Jedem, sich anderfahrt zer
2007 665 2687 789 ehlichen, Jedoch daß ers Ins künfftig
1995 717 2716 847 für sichtiger vnd vff bessere form fürnem
2011 761 2692 880 me, frygestelt, vnd diewyl er vber
2019 807 2706 926 obberuhrte abschlegige antwort ein
2011 859 2702 969 unnötige rechts übung angefangen, imme
2011 902 2700 1023 der dahar ufgelüffne Costen in zimme
2016 956 2540 1062 vnd billigkeit uferlegt worden
2235 1036 2490 1126 angnout.
2046 1106 2712 1216 spenniger Eheansprach, so Cathrina
2037 1162 2722 1255 Haldiman gegen Irem meister Michel
2048 1205 2712 1304 Rupp drussen vor Chorgricht gesucht,
2047 1249 2730 1339 vyl er nit erschinnen, Ist dem Landt¬
2063 1291 2731 1370 vogt schrifftlich beuolchen, inne weit¬
2057 1332 2737 1419 weders gütig, oder gewarsamlich har¬
2047 1401 2169 1481 zehalten
2291 1440 2451 1525 ensing
2061 1533 2751 1618 Obwol Elsbeth Tüscher abseter Meyen
2073 1581 2751 1651 hrem Theman, neben anderen sachen, für¬
2071 1617 2729 1689 nemmlich die vnuermügligkeit geklagt,
2064 1660 2719 1723 und dardurch krafft der satzung von
2084 1696 2709 1769 inne ledig zeerden vermeint, jedoch
2080 1739 2701 1798 vnd diewyl dieselb vff sey nit ge¬
2076 1770 2693 1852 zogen Erden kan, zu ansechen sy ein
2083 1805 2710 1883 zu beiden syten alte betagte Luth, vnd
2086 1845 2743 1923 er syn lybs prästen oder bruch zu wären
2082 1881 2734 1971 diser Ehe vberkommen, Vnd also kein ge¬
2087 1922 2719 1997 nugsame ursach zur schidigung verhanden
2097 1956 2746 2043 und sy widerumb zusamen bekent, und
2095 1997 2757 2078 mitt ernstiger vermahnung, mitt ein¬
2092 2042 2754 2123 andern frundt, vnd anstendiglich huß¬
2098 2074 2751 2155 zehalten, Insonders das er ira nach not¬
2103 2110 2775 2197 turfft essen vnd trincken, fahl vnd that
2095 2148 2776 2242 schaffen, das Jenig, was einer huß¬
2109 2187 2767 2289 muter zerwalten staht, ira vertruwen,
2106 2221 2770 2319 vnd darüber den gwalt lassen, sy ab
2093 2261 2769 2360 dasselb zehrenzechen, mitt imme lieb
2115 2300 2766 2412 vnd leid haben, vnd sich der glychen Iren
2101 2346 2767 2447 alter unanstendigen klegten ins künftig
2110 2387 2761 2482 müssigen, und beider syts Gott umb syn
2118 2428 2773 2518 segen anruffen sollind, heimgewisen,
2113 2458 2784 2559 vnd durch beid ptyen, solichem statt¬
2136 2501 2530 2602 zethun, gelopt worden
2275 2523 2697 2641 der er söliches schryben
