4032 3024
1535 348 2153 457 das er sy durch syn his frouw dem
1562 403 2126 489 Großweibel verleiden, vnd
1562 449 2144 535 die wyl derselb nit anheimsch
1556 490 2121 571 gsin, habe er sy zinng gemu¬
1572 539 2144 632 deret und nit übernacht haben
1575 576 1685 643 völlen
1567 629 2146 737 als syn hußfrouw die 2 wybs
1546 693 2124 778 psonen ussem huß gewisen, sy
1545 730 2110 798 gra geantwortet habint,
1540 772 2137 848 sölle eben nit so lätz thun, dann
1558 811 2140 891 sy wüssindt wol, wo sy hin söl
1538 852 2149 935 lind, müssindt eben nit da über¬
1547 897 1703 969 nacht syn
1532 946 2139 1046 das zwar Felix Stüßi die mannen
1552 1005 2143 1085 mitt Ihm heimberufft, ob er
1555 1051 2129 1137 aber gegen den Kirnen ein glyches
1551 1087 2149 1184 gethan, daruon wüsse er nüt
1558 1194 1993 1294 Wattenwyl. Sali
1541 1277 2145 1384 Hans Bäler hatt sich yngestelt, die
1557 1332 2132 1430 traff umb syn mitt Barbli Nuß¬
1549 1372 2129 1461 boum begangnen fäler uszestahn,
1543 1415 2109 1496 vnd zum selb vnd hinab erkent
1948 1476 2060 1538 hord
1534 1542 2146 1726 Mittwuchens. 18 Feb. 169
1718 1699 1913 1768 Ex senatu
1597 1726 2000 1820 Hr. Hochselhofer. Ind.
1772 1797 1911 1858 Minist
1641 1811 2019 1915 Schmid, Hr Langhanß
1772 1881 1836 1950 Lip
1626 1916 2084 2046 Sultzer h. Hirtz inhag
1558 1922 1712 2030 S. Fischer
1740 2048 1836 2142 Lyß.
1590 2094 2065 2221 worben. Artpundt
1564 2186 2107 2335 Agnes Gnägi ist zu erstattung
1572 2248 2083 2372 hr. v. Rhats bevelchs nochmalen
1561 2282 2066 2400 deß gesagten byschlafs ernstig
1566 2316 2118 2442 zu worten gestossen, ira die Eidts¬
1570 2356 2088 2474 tafelen vorgelesen, die wichtig¬
1573 2389 2087 2501 keit desselben wol fürgemalet,
1558 2437 2087 2546 und insumma alles, was dem eid
1545 2466 2101 2600 vorhar gadt, fürgenommen worden.
2913 307 2983 389 153
2331 382 2958 478 Wyl nun sy darüber nochmalen
2316 444 2982 521 standhafft verbliben, und sich willig
2317 483 3001 563 erzeigt, den Eid zupstieren (der Irm
2312 528 3001 601 aber nit gegeben worden. Samuel löf
2319 570 2992 656 fels Sohn (die Ehe niemalen versprochen
2319 612 3004 704 noch sich mitt imme fleischlich vertrabt, ge¬
2318 662 3009 740 haben, Ist Inen beiden die Ehe zugelassen,
2306 706 2978 780 und jetwäders zu syner pflicht, sonder
2296 744 2974 817 lich, daß er syne khinder dessen nüt
2298 795 3003 861 entgelten lassen, sy dann zu erzuuer¬
2303 830 2968 908 ung Ires standts sich gebürlich gegen
2296 879 2964 958 dem Man vnd den Khinden verhalten
2303 926 2979 996 sölle vermahnt, Ime der Costen deß
2304 968 2939 1046 Chorgrichts zu Lyß neben 9 lb für
2947 990 2992 1034 .
2295 1019 2985 1091 noth mug, vnd einem Vrteilgelt, vf
2299 1064 2579 1136 erlegt worden.
2324 1108 2986 1200 der 2. daselbst söliches zu schryben und
2314 1175 2971 1233 beuelchen, deß alten Mans Khinder
2317 1222 2973 1282 für sich zuforderen, und inen allen arg
2308 1255 2979 1327 von hingenommen, mitt ernstiger v
2308 1289 2958 1362 mahnung, das sy söliches ein ußge
2302 1335 2958 1410 machte sach syn und blyben lassind,
2299 1381 2939 1455 und nüt unrichtigs zwüschen inen
2301 1417 2927 1492 erweckind, gestalten ouch aller an
2306 1470 2965 1549 Joß und ergnug by mengelichen deß
2306 1506 2648 1582 orts ufhören sölle.
2462 1590 2790 1684 Münsingen.
2302 1673 2943 1775 Uli Bürcki und Adelheit Hoffman
2317 1734 2936 1817 mitt bystand irer elteren, begerend
2296 1774 2918 1853 zulassung fortgangs irer bezognen
2300 1822 2960 1906 Ehe. Ob nun glychwol Er noch by den
2296 1867 2937 1954 4 monaten nit sine 16 jar alters
2286 1912 2925 1989 erreicht, Jedoch, diewyl die Elteren
2288 1954 2908 2033 zu diser Ehe nit allein den consens
2289 2002 2939 2081 gegeben, sondern ouch sich alhie anerpott
2288 2045 2927 2129 die jungen ehelict by inen zuthun und
2292 2089 2914 2164 andt obinen zuhalten, Ist Inen die
2289 2130 2948 2211 vollzüchung bewilliget, darby aber
2298 2179 2955 2243 a sy nütdestminder nit underlaßen.
2284 2232 2950 2301 int, die khinderlehren flyßig zu besuchen
2273 2266 2926 2337 Inen ernstig yngescherpfft, vnd vß
2277 2306 2938 2403 obberuhrter Vrsach 19 lb den ufer¬
2277 2353 2495 2434 legt worden
2245 2417 2913 2515 Deuch predicanten soliches schryben.
