4032 3024
1439 265 1535 358 178
1525 336 2142 467 gneinen können, denn daß der st
1537 403 2137 499 Inne geschlagen, vnd ouch mitt dem
1522 433 2128 524 wehr berührt, Jedoch Inne mitt
1515 470 2144 562 dem trunck, vnd das es von anderer
1506 510 2141 608 ursach wegen, als er verklagt worden,
1538 552 2143 642 geschechen sye, entschuldiget, darueb
1513 600 2170 690 aber bezüget, das er by den 16 t. so er
1513 641 2157 725 zu kürsetz gewunnen, heimgebracht
1520 693 2147 776 habe. Darüber erkent, das er vff
1526 730 2142 822 nechsten Montl harbscheiden werden
1511 787 1636 845 sölle.
1585 837 2159 961 Bern Münch Waleren
1556 946 2137 1041 Veter Mülheim vnd syn hußfrouw
1572 1013 2133 1089 söllend uff nechsten Chorgrichts tag
1540 1042 1774 1116 citiert weden.
1538 1156 2135 1249 sub dato. 5. Martii. Lede
1555 1221 2072 1294 anpredicanten zu Cappelen
1537 1272 2149 1366 Antoni Groß Claus mitt Veront
1551 1328 1903 1403 Schäffer zuzusegnen
1493 1569 2149 1670 Contags. 9. Marty 1629.
1750 1644 1984 1721 Ex Senatu
1528 1688 2158 1801 G. H. von Werdt. Ind. S. dachselb
1768 1773 1942 1845 Minist.
1544 1833 2017 1924 H Schmid, H. Langhans
1761 1902 1851 1981 Civ.
1528 1946 2137 2052 g Gultzer H. Fischer s im Hag
1513 2112 2116 2221 diemptingen Mülinen
1513 2243 2159 2312 Margreth Biber, von deren sich Hans
1543 2293 2142 2353 Stucki hievor im Octob. 1627 scheiden
1531 2327 2145 2388 lassen, Ist vnder gewohntem vor¬
1528 2363 2148 2430 behalt vergünstiget, sich anderfahrt
1531 2406 2144 2466 zu sehlichen, und wyl das wartzil
1523 2441 2153 2510 der 1 Jaren noch nit volkommen ver¬
1524 2481 2142 2569 flossen, ira 3 lb den uferlegt worden.
2267 373 2778 485 Signouw Couperswyl
2256 469 2879 576 Wyl Christina Nüwshuß wider
2262 531 2886 620 Geörg Blasiman Iren Theman zur
2275 570 2903 649 schidigung kein rechtmäßige Vrsach
2263 614 2886 693 ghan, sind sy einmal wider zu
2263 658 2925 726 samen bekent, vnd an predicanten vnd
2269 693 2917 777 horgricht zu Loupswyl geschriben
2252 742 2921 812 worden, wo sy je nit mitt imme
2257 780 2921 854 hushalten wölte, söllind sy beide
2252 819 2914 897 zu Clag vnd antwort verhören,
2248 869 2895 946 vnd volgents sy mitt bericht wid
2250 912 2885 987 harhalten. Hieneben findind nich
2247 957 2937 1041 vnförmlich, daß sy ire action vorm
2236 996 2912 1089 Chorg zu Signouw fürgenden habe,
2439 1053 2576 1171 Lyß
2242 1148 2940 1223 Demls predicanten wegen der Ehe¬
2244 1221 2907 1265 versprechung zwüschen Michel Mülch
2238 1258 2912 1308 vnd Niclaus Herlis tochter, die Imme
2252 1296 2916 1371 von syner abgestorbnen hußfr wegen
2263 1336 2973 1414 hin halben dritten grad sie wandt, ant¬
2245 1379 2967 1454 worten, es sie nit minder, denn daß
2255 1423 2963 1503 solicher gradus in der Chorsatzung de
2250 1468 2972 1543 a. 1603. einmal verpotten gsin, sie aber
2252 1508 2960 1579 hernach wider vfgehert worden, also das
2259 1568 2981 1640 er sy wol fürfahren lassen vnd ynseg¬
2250 1600 2438 1672 snen möge
2461 1703 2721 1804 Burgdorff.
2257 1785 2939 1890 Elsbeth Röschen, In deren namen wi
2272 1849 2967 1928 Jacob Steinegger, der Wyßgärber, er¬
2264 1893 2974 1977 schinnen, Ist wider Caspar Ochsenbein
2256 1928 2943 2027 hren vor 7 oder 8 jaren hinweg gezognen
2252 1982 2941 2059 Eheman ein Rufbrieff nach gmeiner
2251 2029 2930 2103 form ertheilt: dann ob wol vß
2235 2060 2945 2149 den vmbstenden vnd der Kundtschafft
2265 2103 2935 2194 ermuten, das er gestorben syn Erde,
2251 2155 2914 2235 Jedoch wyl die 2. zugen es nit selbs
2246 2197 2963 2296 gsechen, vnd allein vß hörsag vnd eines
2242 2242 2938 2340 jungen landtmans mund gezüget, ist
2242 2290 2931 2380 disers mittel ira zuhelffen, das ge¬
2218 2318 2931 2436 Wüßer vnd sicherer erachtet worden
2487 2401 2741 2489 angnous
2238 2473 2912 2597 Joseph Hundtspergern Ist wegen der
2264 2544 2788 2619 sach mitt Elsbeth Büler vff
2782 2573 2912 2639 yn be
2846 2628 2971 2692 geren
2879 308 2981 382 179
