4032 3024
1331 345 1436 429 296.
1396 412 1980 529 geschwängert, vnd ira ein silbers
1404 479 1995 569 zum vortzeichen gegeben habe. So nun
1408 508 1990 615 er sich endtlich erlütert, das wann
1398 559 1977 634 es dem Vatter nit gar zu wider, er
1392 595 1993 690 synes theils willig were, ja Zueh¬
1381 638 1971 726 slichen, sind sy fürmbtlich zusamen
1393 687 1992 779 bekent, vnd beidersyts zu Irer pflicht
1397 731 2004 824 sonderlicher, daß er sye deß ge¬
1399 774 2014 870 suchten rechtens mit entgelten laße,
1386 822 1990 891 vermahnt, ouch an herren Castlan und
1394 850 1989 938 die E. geschriben worden, da nich
1399 900 2014 984 y zusamen zebekennen gnugsame er¬
1398 944 2010 1029 sach gehept, söllindt deßwegen den
1385 990 1985 1076 Vatter nun dahin wysen, daß er
1376 1036 1996 1113 synen sohn vnd dessen zugesprochne mit
1383 1085 1994 1156 dest vnwarter halte, vnd Inen zytlich
1400 1130 2002 1202 guts halb nit minder zustande, dann
1388 1175 1987 1248 wie er one das zethun gsinnet gsin
1383 1216 1985 1291 we, Wo fehr aber Er ein ehtag
1369 1257 1986 1330 mitt ira gehalten begerte, Imme sol¬
1391 1301 1983 1377 ches vorbehalten vnd zugelassen syn
1392 1344 1489 1401 sölle.
1595 1348 1998 1419 habend beidersts glopt.
1605 1431 1820 1506 entzburg
1409 1511 2007 1582 Heinrich Hummels und Verena Läßer
1417 1559 1966 1619 in halb, so einandern der ver¬
1401 1590 1954 1658 heißnen Ehe ledig gesprochen, also
1394 1620 1991 1699 das er ira den ehpfennig wider ab¬
1402 1669 1530 1732 genden
1525 1674 1982 1740 Dem h. landtvogt
1402 1712 1988 1782 antworten, sölle sy beide, damitt
1403 1753 1965 1826 der satzung gnug gescheche, har wyßen
1602 1845 1948 1932 Schwartzburg.
1403 1942 1978 2028 Hans Sigrist vnd Elßbet Landt
1425 2007 1991 2063 habend nach ußgestandner gfangen,
1423 2040 1989 2110 schafft die gewohnte consur vnd
1416 2086 1718 2146 warnung empfangen
1403 2108 1969 2194 Insonderheit aber der wybspson
1399 2171 1932 2225 halb an herr landtvogt und die E
1402 2200 1993 2270 geschriben worden, die wyl nicht uß
1396 2244 1986 2312 vorgehnden vnd Jetzige Iren handlen sein
1395 2279 2009 2353 vnd gespüren mögen, das sy ein schandt
1394 2324 1992 2389 liche ergerliche person, sollindt sy sy
1400 2372 2004 2434 uß dem dorff Schwartzenburg ver¬
1403 2400 2008 2480 wysen, sy desselben sich hinfür müßigen,
1409 2452 2003 2520 vnd denen, so sy mitt Irer huri be¬
1402 2485 1999 2562 leidiget, vnd sonderlich deß gemelt
2638 280 2720 355 297
2035 334 2672 512 Sigristen frouw abtretten, vnd sich nun
2054 392 2675 544 mehr also zehalten, das man nit vrsach
2131 423 2675 558 sy noch mitt vnerer verwys¬
2047 477 2680 616 ins oder sonst scherpffer bestraffen
2049 523 2123 583 habe,
2056 520 2695 651 zu solichem end uff nachten, vndt
2057 560 2701 691 da sy kein beßerung von ira gespüren
2059 624 2501 746 sunnd nicht dessen bericht
2243 695 2466 785 vätterling
2082 739 2724 862 haie Marcharits fälers halb, dessen
2073 800 2717 898 er von Anni fyraben angeben worden.
2080 843 2542 935 In der Cantzley nachgeschlachen
2270 937 2459 1003 Bümpliz
2065 956 2761 1082 Durs Berchteler Ist mitt einer contur, vnd
2076 1018 2737 1110 vermahnung, derglychen pottschafften Ins
2073 1062 2725 1158 künfftig müßig zegahn ledig glassen
2067 1142 2169 1202 worden
2292 1190 2431 1263 Bern
2073 1241 2734 1333 Obwol ich vrsach ghan hetten, S. Vani
2080 1299 2752 1365 von Wattenwyl, der nit allein das Wyß
2079 1336 2743 1423 Hauli vnder den mantel genommen, wie
2076 1379 2754 1468 ob p. 269 wyter verzeichnet, sondern auch
2082 1415 2724 1499 mitt mißbruch nicht namen, als ob sy
2076 1457 2739 1537 Imme heit erloupt hett, sich ab dem Chor
2082 1502 2754 1571 huß dannen vnd volgents uß der Statt
2076 1548 2752 1621 begeben, mitt zwifacher gfangensch. Ge¬
2090 1587 2761 1651 straffen, jedoch wyl nüt thätlichs ver¬
2096 1629 2775 1701 gangen, ouch in ansechen begerter gnad und
2082 1666 2771 1740 hoffnung künfftiger besserung darzu er
2102 1711 2779 1779 ich erpotten und vermahnt worden) sind
2094 1750 2759 1819 i uff das milter gefallen, und inne der gen
2105 1786 2764 1841 erlassen, Jedoch imme zur straff ein vr¬
2092 1830 2756 1900 teil gelt vnd deß Wyssen hanens Costen
2105 1873 2299 1944 ufferlegt.
2219 1938 2253 1995 .
2293 1934 2427 2009 Bern
2117 1981 2746 2065 Joseph Thommet ist vermahnt worden, das
2119 2037 2739 2086 imme bim eid zugeeignete kind angentz
2120 2075 2745 2139 zu synen handen genommen, vnd ehrlich zeit,
2120 2112 2746 2173 orgen, ouch in den Ob. Spittal für
2101 2157 2750 2213 die kindbettin 3 t. neben dem was der
2108 2184 2787 2240 hebammen und kindbetter jungken gebürt
2107 2222 2735 2296 ußzerichten, und syn straff anzutreten
2116 2262 2734 2321 Wann dann der von Büren anheimsch
2111 2303 2753 2365 wirt sollend sy gegen einandern verhört
2670 2336 2752 2402 d
2366 2362 2506 2418 Bern.
2168 2395 2811 2465 kind Thommet, obwol er keines begangne
2151 2462 2806 2510 fälers bekantlich syn wöllen, jedoch wyl
2143 2482 2817 2552 die sach vß allen vmbstenden gantz arg¬
2127 2515 2774 2590 wönig, ist er wider biß am mr Hinab
2525 2553 2775 2617 gelegt worden.
