4032 3024
1292 379 1406 446 420.
1567 425 1727 524 Bern.
1387 499 1927 611 Elßbeth Sagi ein ehrbare Wittwen
1401 555 1927 639 hatt sich deß Jenigen halb, daß Ire
1397 595 1924 670 junge basen vnd hieuor gemelter
1374 628 1927 706 stein houwer, als er by ira gewohn
1389 668 1931 744 In einem gemach, zwar in underschicke
1383 715 1931 781 neben ein andern gestandnen betten
1383 745 1931 821 gelegen, also verantwortet, das nicht
1380 784 1939 854 sy one Straff, mitt einer Vermahn¬
1387 825 1944 905 ung, ire hußhaltung inskünfftig als
1392 869 1935 942 anzestellen, das derglychen nit mehr
1383 908 1939 987 geklagt werde, heimzüchen lassen
1414 999 1533 1048 .
1521 1003 1592 1058 .
1600 981 1872 1077 Niderscherli
1412 1055 1949 1134 Recharge an Fry weibel. Anna Geb
1446 1113 1783 1177 hard harzeschaffen.
1384 1306 1942 1408 NEittwuchens. 30 Sept.
1627 1375 1743 1443 1629
1452 1433 1847 1522 S. Bachselhofer. Index.
1293 1440 1434 1519 Exsen¬
1464 1483 1962 1561 H Decan Schmid, Hr Rütimeyer
1293 1496 1433 1572 shlinist.
1448 1532 1947 1615 S Roch hr. hantag. S. Monnier
1291 1545 1372 1618 Civ
1613 1632 1889 1713 Nilchberg.
1398 1736 1943 1830 Dathrin Gütig hoffer hatt zwar,
1401 1781 1973 1880 fürgeben, so wol schrifft, als mundt
1403 1830 1976 1908 lich vernommen ze haben, das Ir Eheman
1414 1856 1980 1942 so vor 3 jaren ungfar von ira hinwegen
1394 1891 1961 1981 In das Franckrych gezogen, todts s
1402 1929 1976 2023 scheiden sye, vnd deß wegen vff deß
1428 1965 1993 2046 predicanten harweysung umb erlaufft,
1385 2012 1985 2085 nuß, sich anderfahrt zur ehlichen ange¬
1413 2053 1984 2134 halten. Ist aber, wyl sy den schrifftlich
1400 2072 1994 2169 bericht nit by sich gehept, und fürgeben
1404 2115 1991 2199 denselben dem h. prediscant zugestelt
1405 2159 1989 2252 zehalten, widerumb zeruck gewisen,
1411 2203 1982 2269 mitt beuelch an die Er, die Jenigen
1404 2239 1961 2313 so vmb bemelten hinscheid ze zugen
1397 2266 1988 2355 wüssen sollend, zerhören, volgente
1401 2314 1975 2393 derselben, wie ouch obberuhrten
1409 2330 1988 2441 schrifftlichen bericht, sampt ira harze
1416 2416 1547 2484 schicken
1632 2460 1863 2544 Bümplitz
1428 2518 1952 2590 Hans Meyer und Barbli Grad
1432 2537 1994 2630 sind uff hütt widerumb erschinnen,
2551 345 2638 418 421
2035 401 2626 542 a nun ira beuordrist das Jenig, vns
2025 451 2632 587 In der E. schryben begriffen, namlich
2055 494 2623 615 daß sy mitt einem vnbekanten
2029 527 2640 663 gsellen argwönischer Wyß, als wann
2030 566 2640 704 s ehlüt were, hilandt vmbher gezogen
2032 616 2619 742 syn sölle. 2. das sy vermög einer
2031 653 2623 774 kundtschafft, vilmalen vnder vilen
2040 684 2670 810 lüten geredt, Ir man sye nit wie Ben¬
2048 722 2664 857 dicht Müller, derselbig sye ein ander
2043 778 2651 885 man als er. 3. das sy irenthe
2055 811 2658 930 nan offtmalen uff der kilchstraß ein
2044 856 2663 964 knab genamset, vnd als er sy dar¬
2047 896 2644 999 über bescholten, Pachtlich geredt, er
2043 928 2649 1045 sye deß andern namens nit Mart
2036 969 2633 1093 fürgehalten worden, hatt aber nit
2041 1025 2659 1117 anders bekantlich syn wollen, dann
2040 1065 2641 1163 daß sy mitt dem Jenig gsellen ein
2055 1102 2656 1203 halben tag, von Schwartzenburg bis
2066 1146 2658 1243 gan thun, und nit wyter, umbher
2057 1221 2162 1290 gezogen
2058 1226 2690 1324 Was aber Iren houptspan antrifft, die
2064 1277 2645 1367 wyl, nach beider sts yngewendter
2068 1305 2668 1390 entschuldigung der vnderlassnen schritt
2069 1343 2660 1436 halb, sy nochmalen vff der Clag
2065 1385 2680 1472 der vnuermügligkeit, er aber by syner
2065 1422 2676 1505 widersprechūng vblig. Ist erkent,
2069 1466 2692 1546 das der vorig beuelch an Inen sölle er¬
2074 1505 2712 1577 stattet, vnd das Ehewyb vmb mehrer
2093 1545 2653 1631 icherheit willen yngelegt vnden.
2104 1652 2642 1750 Büchslen herrenbahr
2112 1733 2714 1831 spennigen handel zwüschen Niclaus
2112 1776 2726 1862 spack einis, danne Adam jungi andere
2116 1831 2679 1899 vnd dem Chorgricht zu herrenbalin, zu
2117 1869 2697 1937 dessen mann der hr. predicant sampt
2120 1901 2701 1971 dryen vß geschoßnen erschinnen, drit
2127 1936 2713 2003 theils, Ist solicher bericht mundtlich
2132 1976 2711 2048 geben worden, daß sy dem Jungi für
2138 2009 2739 2093 inne und syn bystand, für 11 tag mitt
2127 2051 2742 2137 zuschliessung der Kundtschafft urtinen,
2142 2089 2712 2174 3 Cronen, Inen aber, dem Chorgricht
2142 2129 2729 2208 6b 10 ß darinn 3 kundtschafft gelt
2143 2173 2753 2233 begriffen) gesprochen, vnd mitt namen
2150 2213 2719 2289 für jedes Gast Chorgricht 2 guldig
2148 2255 2716 2321 vnd deß ersten mals den Spack vnd
2141 2282 2764 2369 syn tochter für zwo Peyen gerechnet
2158 2329 2768 2403 habint, In welichem sy sich, neben dem
2147 2360 2756 2430 langen bruch vnd vebung daruf grün
2154 2404 2765 2469 den wöllen, daß Iren nit nur 6. wie
2170 2438 2746 2503 an anderen orten, sonder 12. an der
2169 2473 2737 2539 zal, vnd etliche wyt von dem ort
2165 2509 2727 2592 entsessen syen, vnd sonderlich das
