4032 3024
1333 357 1435 439 310.
1397 412 2010 543 ssin weren, und daß sy gredt, sy wölle
1392 483 2009 568 mitt Ime In das Solothurner geriet
1407 507 2011 607 üchen, gezüget, sondern auch sey, mitt
1411 544 2017 657 imme in fleischlicher bywohnung sich
1405 591 1999 682 vgessen ze haben, bekantlich. Ist er¬
1402 630 2010 741 kent worden, daß sy nun zwollen ire
1408 674 1858 754 straff uß stahn sölle.
1377 762 1575 856 Bangen.
1728 774 1873 865 Bern.
1391 853 2008 960 Derena Timmerman hatt die straf
1420 923 2010 1000 vmb Iren begangnen Ehebruch vß¬
1424 948 2009 1018 gestanden, wie ouch david Comme
1398 983 2001 1062 umb yn ledigen fäler, den er mitt
1387 1020 1997 1092 der Kauweren begangen, vnd zet we¬
1388 1061 1977 1124 ders Concentur darüber eines
1402 1108 2020 1167 Mitt erkantnuß, das gemelte, Verand
1406 1148 2009 1210 Iren Costen der 4 fl. selbs trage, vnd zu
1395 1177 2013 1255 Andres biß vffn Mittl. remittiert
1388 1217 1570 1284 yn sölle.
1387 1347 2023 1447 Mittwuchens 24 Juny 1629.
1645 1416 1851 1485 Ex Senatu
1411 1450 2006 1544 hr Tachselhoffer ind hr. v. Bickhart.
1633 1519 1792 1575 Minist.
1415 1547 1955 1635 S. deran Schmid, Hr Rütimeyer.
1637 1606 1756 1692 ivib
1409 1647 2041 1743 s. Fischer hr. Im Hag Monnier von Werdt
1450 1815 2010 1904 Bern. Winterthur, Zürich
1334 1931 1976 2007 Barbara Brewald, so wider Stoffel
1422 1989 1999 2044 Ziegler ein metzger knecht die Ehe¬
1417 2020 2015 2083 versprechung, byschlaf und ynen ab
1394 2061 1998 2122 tritt geklagt, ist ein schryben an
1402 2095 2007 2151 das Chorgricht der Statt Zürich er¬
1411 2137 2007 2203 theilt worden, daß sy gemelten Jung¬
1406 2175 1992 2245 ling har zum Rechten halten, oder
1407 2221 1996 2286 wo es er kinde widerumb ein
1417 2257 1891 2326 antwort schicken wellind.
1481 2333 1869 2419 orsier Fryburg.
1346 2397 2031 2503 Dem Chorgricht zu Cortier antwor¬
1435 2461 2007 2524 ten, die wyl mr Frantz Richard
1418 2491 2015 2574 heiter wider Ir ain Reformation
2665 289 2768 358 311.
2100 383 2702 513 erfält vnd gehandlet, in dem er nit
2094 426 2719 550 allein von einfaltigen unzinßbarn ob¬
2101 470 2736 596 igationen den zinß angerechnet, sondern
2093 506 2732 630 ouch zins von Zinß geforderet, söllindt
2112 561 2716 660 nach Inhalt der Ordnung wider Ihn
2093 586 2742 716 procedieren, So er dann darüber gnad
2100 628 2753 758 begeren, werde er sich wol an gebürende
2098 695 2485 788 orten wüssen gemelden
2257 762 2506 857 Thavor nay
2557 823 2609 865 .
2391 808 2560 883 Ornide
2112 843 2268 906 Bauvre.
2109 872 2762 984 den Hulbertet ist von Susanna Perria
2742 925 2786 970 .
2106 928 2742 1015 syner vor vngfar 9 wuchen geehlicheten
2112 972 2746 1045 hußfrouwen, wyl sich erfunden, daß
2109 1009 2769 1099 y von einem andern, mitt nam Salomon
2099 1053 2787 1131 nessellier, der sy vor disertheversprechung
2101 1094 2748 1165 verfelt, schwanger gaht, hiemitt er
2110 1124 2752 1209 übel von ira dargesetzt, und sich nit
2120 1176 2766 1253 ergeben wöllen, zuers mitt einem solch
2096 1219 2776 1296 wyb hußzehalten, gescheiden, imme one
2110 1260 2775 1338 ferners warten sich anderfahrt lever¬
2109 1307 2763 1387 ehlichen erloupt, ira aber biß vff ent¬
2105 1359 2767 1424 ledigung der lybsfrucht die Ehe verpott
2103 1392 2782 1465 vnd der von diß handels wegen ufgangne
2095 1434 2792 1487 Costen, denselben Imme Intimm. vnd billigkeit
2108 1473 2739 1538 abzutragen uferlegt, ouch an die e
2108 1514 2805 1584 zu Chauornay, deßglychen an H. Landt¬
2111 1553 2782 1622 vogt zu Romaniostier geschriben worden.
2108 1593 2798 1664 daß sy an eintwedern ort in die ge¬
2119 1642 2788 1705 bürende straff gezogen, vnd In Irer ge¬
2115 1679 2766 1750 nißt ernstig vmb den rechtschuldigen
2108 1732 2783 1786 vatter gemahnt werde. Und so dann
2126 1767 2785 1829 y das Khind gemeltem Messellier bey
2113 1812 2791 1870 einer eidts glüpt und irer gewüßne zu
2120 1849 2791 1912 eignen werde, sölle er dasselb empfa
2135 1888 2802 1958 hen, vnd In gebür uferziechen, ouch tra
2116 1921 2693 2001 35. für die kindbetti ußrichten
2317 1995 2791 2085 frouwen Cappelen
2116 2064 2790 2151 dem Chorgricht daselbst, so sich ab Hans
2138 2126 2808 2185 forster der vngehorsame und ungründten
2143 2158 2809 2228 verweigerung, syn vil buß zu erlegen
2141 2199 2793 2261 vnd deßwegen, daß Inen wider solchen
2150 2240 2785 2306 vnd andere synes glychen die handt
2136 2278 2766 2347 gerotten werde, begert, Antworts
2150 2317 2823 2388 wyß beuelchen, daß sy inne vff nechst
2150 2360 2817 2430 künfftig montag ynher halten söllind.
2224 2408 2655 2491 Mangen Vrsebach
2133 2476 2792 2547 An hervogt schryben, sölle anordnung
2159 2526 2809 2603 thun, daß H. Emanuel Wetter, der
