4032 3024
1319 347 1441 429 404.
1531 417 1823 518 Wateren
1592 479 1895 581 Kilchlindach
1384 526 1954 655 H. Peter Mülheim Ist der begerten
1414 593 1957 701 liberation halb der gfangenschafft
1412 633 1955 723 an das ort gewisen, da dieselb, nit
1412 683 1957 753 syner privation (mitt deren er doch
1415 714 1954 811 gnug gezüchtiget und gestrafft n
1418 758 1925 846 decerniert und erkent worden.
1521 936 1953 1018 instags 15. Sept. 1629
1535 991 1937 1066 ussert dem Chorgricht
1507 1065 1893 1160 Oberbalie. Bern.
1368 1157 1962 1246 Wegen Hans Risens sach hatt Adam
1402 1221 1958 1282 Wyßthan, so demselben etliche vas
1416 1257 1966 1315 deß ertuscheten wyns zu Murten ge¬
1406 1289 1958 1350 reicht, vor mir vff empfangnen be¬
1410 1327 1972 1391 uolch gezüget. I. daß der füll wyn
1415 1365 1956 1421 vnd die Kollerlöse, so Risen ertrag
1419 1407 1966 1477 mussen, sich 14 f 10 batz angeloffen
1411 1440 1974 1517 2. daß der seyn schlecht, vnd wie vast
1410 1487 1969 1552 gering gsin, ouch ein theil darunder
1399 1522 1962 1588 gemuchtet. 3. daß Risen etliche den
1386 1562 1974 1639 Hans Stucki, domaln wirt hinflösch und
1402 1598 1980 1674 etliche dem Wirth zum Bären alhie
1392 1646 1792 1720 30 und 32 ß verkoufft.
1593 1714 1875 1865 Kreuchtal.
1403 1859 1998 1940 S. Bernhard Kurtz predicant, daselbst
1417 1910 1981 1975 hatt vß yngetrandten Vrsachen, vnd son¬
1399 1944 1981 2003 derlich, das es der H. Vogt selbs gut befund
1404 1978 1978 2050 habe, erlanget, das er die sach zwüschen
1410 2021 1968 2088 yner tochter vnd Niclaus Keßler
1410 2055 1962 2130 harzüchen möge. Deßwegen imme ein
1411 2106 1878 2174 citation schryben ertheilt worden
2590 375 2704 444 405.
2124 421 2564 522 xtraordinarie.
1999 520 2531 659 Frytags 18. septemb. 1629.
2209 588 2493 667 Exsen: Nemo
2219 645 2393 734 Ex Minist
2008 711 2530 812 H. daran Schmid zu Rütimeyer
2207 765 2298 844 Cib
1995 793 2692 920 S. Monnier, so das Richter ampt versechen
2018 852 2678 962 jr Koch sy inhag, er von Werdt
2125 946 2532 1054 entzburg. Entwyl.
2032 1047 2689 1151 diewyl der hr. landtvogt den Hans Mor¬
2041 1103 2692 1189 dergstalten der ungehorsame anklagt,
2027 1138 2686 1210 das er sich nicht Vrteil, Krantzes vnd
2022 1180 2681 1258 kindtshalb, vngeacht der gfangensch
2024 1221 2712 1306 In deren er Inne drumb enthalte, vnd er¬
2035 1259 2709 1340 dem stätigen fürwand ouch anderer psone
2031 1301 2714 1382 lybs gemeinschafft, die er aber keins wegs
2019 1337 2718 1409 bewysen könne, nit vnderwerfen, sonder eh
2035 1380 2715 1455 darinn erfulen wölle, oder das landt my
2027 1424 2677 1500 den, Ist erkent, es sölle das schryben, so
2042 1470 2670 1530 er by eignem potten har geschickt, für
2029 1506 2716 1580 Rhat gebracht, vnd deßwegen dem H. Doch¬
2035 1546 2619 1619 selhofer durch mich zu gestelt vnd
2236 1611 2466 1695 Kronchtal
2053 1682 2709 1757 Hr. Bernhart Kurtz, Innamen vnd mitt syner
2053 1733 2711 1793 tochter Cathrin, hatt Niclaus Kessler, deß
2036 1767 2703 1824 dorff weibels sohn, welichem Peter Egli da
2056 1805 2705 1851 selbst bygestanden, angeklagt, wie das der
2069 1840 2714 1903 selbig, vngeacht empfangner abschlegig
2053 1874 2697 1931 antwort über syn antwerbung, nüt dest
2055 1917 2723 1962 minder nit nachlasse syn tochter zever¬
2060 1953 2707 2009 schreyen, als ob er noch zu erdar etwas
2065 1980 2692 2043 ansprach an sy habe. Darüber nun
2059 2024 2703 2076 Er Keßler söliche sachen zugewandt, die
2053 2060 2701 2119 nit allein zu bezüchung einer Ehe gantz
2064 2101 2703 2160 keinen grund hand, sondern ouch von
2059 2132 2728 2198 der tochter widersprochen und meinet
2054 2177 2718 2231 worden, ohne daß er das gegentheil
2060 2200 2740 2271 bewisen, noch erwysen können. In an¬
2068 2247 2719 2314 vechen welcheßin, vnd die Wyl so wol uß
2065 2280 2720 2340 yyner eignen bekantnuß, als deß Amman
2058 2316 2743 2375 Cunrad pfyffers, so anwerber gewesen,
2075 2353 2749 2419 zum überfluß verhörter Kundtschafft sich
2065 2394 2732 2446 befunden, daß die anwerbung uß synem
2058 2431 2758 2493 beuelch also verrichtet worden, das wo es nit
2070 2475 2742 2527 mitt Irer der tochter eltern gutem will
2075 2511 2753 2572 und gefallen zu gahn möge, er nit vil
