4032 3024
1330 336 1465 419 248.
1402 396 1987 510 zwo nächt gelegen, vnd hiedurch an
1395 460 1986 541 ira syner hußfroutken Ehebrüch
1398 499 1995 593 worden syn, vnd sich hierumb vff
1401 541 2002 633 kundtschafft berüfft, die ira zu¬
1400 595 2008 673 gelassen, und er entzwüschen hinab¬
1398 628 1999 716 ouch erkent worden, gemelter frau¬
1391 674 1947 762 ken nachgefragt wie sölle.
1579 752 1823 836 Waleren
1401 829 1979 918 Aul predicant daselbst schryben.
1400 885 1973 957 Sölle synem vorfahren, S. Peter
1388 927 1996 997 Mülheim, umb das imme yngemäß
1388 959 1977 1033 ne Korn, so imme gehört hatt, ein re¬
1393 1008 1979 1076 cepisse vnd quittung zedel zustellen
1393 1035 1966 1110 vnd gefolgen lassen, damitt er
1403 1088 1974 1171 vom herren vogt zu Künitz dasjenig, so
1387 1129 1968 1209 Imme noch zustendig syn mag, durch
1399 1176 1987 1258 mittel desselben erlangen möge.
1832 1232 1868 1312 .
1604 1247 1769 1332 Dancke
1371 1315 1987 1415 Wegen Hans Ansermets ist uff Ir
1393 1378 1975 1446 G. Rhatsbeūelch ein Bericht vnd
1399 1408 1962 1481 ußzug dessen mannal, was sich
1378 1454 1972 1522 alhie mitt imme und syner hußfrouwen
1376 1493 1985 1570 glosten, verfertiget, dem H. Richter
1389 1530 1961 1620 vnd vff dessen beuelch dons zu¬
1392 1570 1646 1639 gestelt worden
1452 1668 1787 1760 Bern Arberg
1388 1739 1983 1847 An H. Sincentz Keller, predicant da¬
1405 1784 1955 1878 selbst schryben, So er synen bruder
1390 1842 1958 1922 Hans Rudolff, den tischmacher selig
1388 1889 1992 1973 geerbt, solle er den H. Doctor fabri
1374 1924 1953 2001 vmb E. g. so er von heilung eines
1386 1962 1952 2052 bruchs etc. rest fordet, befridigen,
1388 2009 1961 2084 vo nit, und er etwas darwider zu¬
1387 2040 1950 2128 zetkenden, söliches nechstke Montag
1380 2081 1950 2184 schrifft, oder persönlich eröffnen.
1459 2154 1774 2242 Post consist.
1504 2248 1879 2349 Bern Bümplin.
1363 2304 1964 2415 Bendicht fry, den Grichts pott mitt
1381 2358 1580 2420 Elßbeth
1556 2377 1953 2451 Thürig syner Eheger¬
1379 2395 1967 2499 Copten, von Mandach ehlich inzusegne
1470 2430 1907 2548 Ledel an h. pred. zu
1559 2499 1839 2594 Bümplitz.
2625 295 2745 367 249.
2064 390 2566 559 August 1. May 1629
2292 471 2447 550 x Sen.
2077 523 2421 636 E Dachselhoffer.
2255 578 2407 662 Minist.
2105 617 2628 736 sy daran Schmid, H. Rütimeyer.
2111 694 2730 812 g. Im Jag Hr. Monnier. Hr. von Werdt.
2113 823 2580 938 Meßen Bümplitz.
2110 894 2720 1004 Jacob Hoüwberger ist erloupt worden,
2124 961 2722 1028 mitt Margreth Meyer vff kunf¬
2118 995 2709 1069 tigem mon tag kilchenrecht ze thun
2121 1027 2728 1095 zu Bümplitz. Jedoch mitt vermahn¬
2115 1064 2731 1151 ung, das es synem erbieten nach one
2122 1110 2500 1193 sonders wesen bescheche
2283 1161 2453 1231 Wolen
2179 1198 2502 1286 S. Valendis
2117 1262 2759 1355 David Sachet ist, In ansechen syne el¬
2138 1331 2755 1389 teren von Bargen pürtig gewesen, er¬
2129 1362 2746 1417 loupt worden, mitt Elisabeth Schny
2132 1397 2734 1463 den, auch uffem montag zu Wolen
2125 1430 2734 1500 den kilchgang zeverrichten, Jedoch mitt
2126 1446 2778 1532 dem anhang, sich in monatsfrist mitt
2142 1515 2336 1583 igh zu setzen
2306 1590 2544 1677 Vechingen
2144 1648 2730 1726 Jacob Gfeller vnd Christina Lehman
2152 1707 2735 1766 stristige Chementschen nach dem sy vor
2152 1746 2729 1795 dem dritten ruff erschinnen) habend
2152 1785 2729 1839 vil ab einandern geklagt. Wyl aber
2158 1820 2720 1878 nüt anders dann der vnwillen zu beid
2155 1845 2753 1915 sonderlich uff der frouwen syten, une
2145 1891 2716 1957 vrsach der schidigung, verhanden, Ist by
2151 1930 2746 2000 biß uffn montag hinab erkent, zever¬
2158 1973 2734 2043 uchen, ob sy sich zu irer pflicht ergeben
2136 2009 2254 2060 wölle,
2317 2052 2648 2137 Ansoltingen
2170 2130 2781 2215 wüschen Hans Menger innaen Claudia
2172 2192 2760 2256 Pieder, vnd Joseph Weißen Irem abge¬
2174 2222 2762 2286 scheidnen man erkent, diewyl hie¬
2173 2269 2759 2326 Beuor der Costen compensiert, vnd als
2167 2295 2763 2361 er Menger syn letstlich vom nütken
2164 2339 2745 2400 jar biß in Meyen erhalten, imme 30 lb
2153 2377 2760 2442 für ein jar, mitt der condition versprochen
2167 2417 2769 2483 worden, das imme dieselben, wann sy glych
2158 2451 2776 2526 deß andern tags sturbe, verblyben solten
2161 2493 2806 2560 Als solle gedachter Weiten die 700 l.
2173 2531 2765 2603 zu bestimpten terminen nach inhalt
