4032 3024
1321 336 1422 420 408.
1371 417 1966 555 Montags. 21. septemb. 1629
1428 489 1962 622 Ist aber Extraordinariis
1432 548 1879 638 gricht gehalten worden
1624 607 1816 705 ptentib
1287 677 1870 776 Exten. H. Baschselhoffen. Ind.
1292 736 1961 849 Min. Hr. Decan Schmid, Hr Rütimeyste
1296 790 1378 857 Civ
1435 793 1962 892 Hr. Koch. Hr. Hinhag. H. Monnier
1417 835 1705 920 hr von Werdt
1554 946 1904 1047 Kilchlindach
1399 1038 1976 1138 Hans Meyer ist ein schryben ertheilt
1398 1105 1963 1177 worden an Amman daselbst, Solle
1393 1138 1957 1208 ehrenlüt zu sich nemmen, Inne vnd
1380 1181 1953 1246 den h. predicant In Irem von einen
1382 1218 1953 1281 demselben verkouften kur wegen
1387 1259 1946 1327 haltenden span, bestmüglich, nach
1376 1298 1958 1369 der billigkeit verglychen vnd kein
1369 1346 1973 1405 baren, so aber sy ergebenlich hierum
1387 1382 1962 1448 arbeiten wurden, die Peyen zu beiden
1382 1419 1973 1490 syten harweisen. Gouwshalb
1388 1457 1987 1527 erachtind nich, daß ers imme in der pfrunden
1390 1501 1982 1567 hür, dahin es mitt syner bewilligung ge¬
1388 1545 1964 1605 legt worden, platzes halb wol ver¬
1375 1575 1720 1646 blyben lassen möge.
1477 1684 1956 1781 Büchslen ferrenbalm
1396 1782 1939 1864 Von etwas Costens, vnd darüber ge¬
1415 1841 1972 1897 machten spruchs wegen, da Niclaus
1396 1865 1958 1940 Spack sich beschwärt, und der excessi
1402 1907 1961 1980 nitet erklagt, dem thorgricht
1398 1940 1960 2016 zu herrenbalm schryben, sollint
1398 1984 1956 2053 nit allein verschaffen, das Adam Jūng
1387 2022 1978 2092 den es antrifft, nechsten Chorgricht¬
1403 2059 1971 2135 tags zugegen sye, sondern auch den
1386 2091 1989 2175 hr predicant vnd noch einen uß zum
1399 2135 1987 2216 rschiessen, die zuglych bericht gebet,
1392 2178 1973 2255 was sy für ein sich gemacht, vnd
1409 2225 1981 2294 vß was gründen sy das ein vnd an-
1401 2252 1998 2330 der, so wol Inen selbs, als dem Jungen S
1408 2302 1983 2379 gesprochen habinet, vnd beneben, was
1399 2344 1977 2417 s für fryheiten hierumb ze haben sich
1394 2393 1914 2461 meinind, denzmalen pflegindt
1617 2444 1798 2524 Langen
1426 2493 1983 2583 dli Marthaler, so sich ab syner abge¬
1399 2559 1963 2625 scheidnen erklagt, das sy imme noch
2594 360 2690 426 409.
2047 429 2707 562 täts zur huß komme, vnd sich nit vol¬
2065 491 2707 600 kommen usseren wölle, Ist dahin geti¬
2064 522 2669 628 sen worden, das sy sich nochmalen zyt¬
2056 566 2632 675 lichen guts halb vereinbaren: Wo
2051 587 2704 722 nit, beidersyts hie erschynen söllen
2265 734 2504 808 ausanna
2047 745 2181 826 Bern.
2051 805 2674 926 Hans Mock dem steinhouwer Ist aucht
2075 870 2675 950 andtvogt ein Schryben ertheilt worden.
2073 905 2687 995 Imme wider Abiel Espaule, als bürg
2074 950 2674 1028 vnd versprecher für syn sohn Jean, es
2068 986 2660 1077 sye durch ernsthaffte sermahnung
2069 1022 2716 1108 oder Innbehaltung syner plusion, ver¬
2073 1063 2719 1155 holffen ze syn, das er dermaln eins vmb
2094 1104 2719 1201 yn fürgestreckt gelt, vnd daher vfge¬
2084 1155 2544 1253 lüffnen Costen bezalt der de¬
2262 1233 2488 1323 Bümplitz
2092 1299 2686 1390 Diewyl Barbli Grad Iren Eheman,
2098 1354 2683 1418 Hans Meyer, der vnuermügligkeit
2097 1394 2645 1459 angeklagt, also daß er sich nun
2090 1431 2658 1493 zn 3 Jaren, als der zyt Ires The¬
2093 1467 2648 1534 stands, nie mitt Grassenscht
2097 1501 2655 1576 habe, vnd sy synen, vnd anderer
2088 1543 2650 1612 Mannen halb noch ein reine magd
2087 1584 2693 1656 sye, Er aber söliches widerspro¬
2095 1621 2704 1682 chen, vnd hieneben der drussen vor
2093 1664 2695 1743 Thorgricht lut schrybens) geklagter
2086 1709 2699 1785 verwyßung, das er nit wie andere
2099 1746 2716 1799 mannen, vnd mitt mann wie Ben¬
2095 1789 2704 1857 dicht Müller der Zimmerman beschafft
2101 1823 2716 1901 ye, sich alhie entzogen, sind sy beider
2113 1871 2743 1945 yts In die ordenliche bschouw erkent
2110 1922 2227 1982 word
2221 1991 2516 2072 Bern. Wang
2107 2085 2716 2142 Elßbeth Brun, wie ouch Ir meister,
2117 2134 2719 2194 Caspar Brugger der müller alhie
2122 2167 2689 2227 sind harbescheiden, vnd vmb das s
2121 2199 2703 2267 ich von Inen fürkommen, befragt,
2119 2239 2699 2298 Vnd wyl sy einandern der Ehe ver¬
2127 2276 2697 2338 prechung vnd byschlafs bekantlich,
2127 2313 2717 2380 Er ouch, sye zekilchen zeführen, sich
2131 2353 2704 2427 erpotten, sind sy mitt abnemmung der
2137 2387 2726 2455 glüpt, den kilchgang innert 14 tag
2136 2427 2753 2488 zuerstatten vermahnt, vnd dem
2136 2471 2749 2526 Chorweibel, daruff geachten beuolchen,
2161 2511 2746 2559 Hieneben hatt er M. Paulus Beut¬
2125 2542 2755 2611 Elers seligen Wittwen halb mit anders
