4032 3024
1327 1352 1373 1417 .
1286 356 1397 422 400.
1332 432 1905 562 Montags. 7. Sept. 1629.
1507 509 1920 606 Ouines psentes fuere.
1384 654 1580 742 ferdten.
1699 690 1903 768 ausanna
1320 754 1949 857 Andrian Kobin wider Andre dur
1379 820 1948 899 hren vor 5 oder 6. Jaren ußgetre
1373 858 1959 954 nen Eheman, an Cantzel zu Iffert
1359 895 1808 967 ein Ruhbrieff ertheilt.
1383 1008 1892 1115 Gomerkinden Bern
1362 1097 1943 1191 der hieuor berührte fürtrag, wegen
1366 1156 1954 1240 hn Jenners handlung, Ist nicht vorge¬
1370 1190 1901 1255 lesen, vnd gutgeheissen worden.
1606 1277 1820 1364 vichtrach.
1550 1284 1600 1360 .
1373 1335 1937 1417 liclaus Waber vnd Barbli Reber
1385 1394 1935 1448 habend nach ußgestandner gfang
1376 1424 1952 1492 schafft umb iren fäler, die gewon¬
1377 1457 1912 1529 te centur und vermahnung empf
1355 1602 1908 1694 Mittwuchens. 9. dito¬
1384 1666 1913 1738 Ist nit Chorgricht ghalten
1626 1710 1732 1759 word
1359 1830 1939 1924 Frytags 11. septembris 1629.
1595 1906 1805 1970 Exhenali
1369 1929 1844 2027 Sauch denner Rickhart Jud
1573 2000 1720 2069 Minist
1367 2032 1939 2124 S. Stephan Schmid. Ir Rütimeyer
1591 2106 1657 2157 zi
1393 2142 1611 2204 S. Monnier
1607 2132 1942 2217 zu anfang das
1387 2190 1795 2248 Richter ampt verwesen.
1376 2225 1564 2299 s im hag
1642 2228 1792 2298 hr Koch.
1615 2284 1812 2376 alheim
1384 2354 1967 2439 Vrsula Schnyder ist uff volführte
1397 2403 1958 2469 citation wider Baschi Ging zu
1386 2431 1973 2495 eheman die schidigung und zuspruch
1396 2478 1964 2546 Costens uff synem gut verlanget, und
1394 2515 1955 2576 dem hr. obervogt der verwysung
1384 2544 1978 2613 halb zugschriben worden, was die
1387 2587 1743 2658 satzung erforderet
2590 376 2676 442 401
2003 433 2582 561 vaux travers Eigneure.
2029 522 2194 589 Mostier
1993 591 2619 738 Magdelaine Bonet Ehe ansprach an
2007 640 2676 766 Abraham formallez, Ist, als vnerwisen
2002 701 2674 806 vfgehept, vnd Jedem erloupt, sich and¬
2003 742 2674 864 fahrt, so fehr das sy es förmbtlich für¬
2024 789 2652 880 nemmind, zu sehlichen, Vnd die wyl er
2021 839 2619 925 tra ein trunck gebracht en loinus de
2019 879 2607 963 mariage, weliches sy vff die Ehe
2016 919 2610 1013 hin verstanden, vnd darmitt ira zu
2023 960 2620 1056 hrem gesuch anlaß geben, ouch sy
2009 1008 2642 1105 vermittlist sowol mundt, als schrifft¬
2015 1053 2658 1135 licher gelts versprechung, namlichen 100
2010 1093 2654 1171 von Irer ansprach abwendig machen
2016 1137 2664 1215 wöllen, ist imme zimm und billicher
2020 1180 2639 1249 Costen diser sach, vnd darneben von
2023 1220 2621 1303 yner lychtfertigkeit wegen, und das
2010 1258 2655 1344 er mitt dem gschefft deß ehstands ge¬
2027 1306 2679 1376 schimpffet, 6 lb den zur straf uferlegt
2023 1372 2129 1424 worden
2256 1448 2481 1543 Bern
2051 1453 2206 1545 Barge.
2023 1548 2715 1630 Als hr. Valentin Rebman vff an Ihn abgang.
2047 1608 2702 1666 nen Rhatsbeuelch wider brat Jacob von
2050 1649 2679 1699 Bonstetten erschinnen, hatt er sich kant
2054 1674 2671 1743 vortet, das derselb Inne nit allein vn¬
2047 1706 2688 1782 gründter Wyß der unghorsame anklagt
2064 1753 2683 1818 ondern ouch an Inne kein rechtmessige an
2067 1792 2688 1845 prach habe, dann so fehr, das er Imme
2058 1828 2676 1892 etwas schuldig, er erzeigen wölle, das
2058 1865 2701 1934 er darumb für bezalt sye, In ansechen
2051 1911 2734 1973 er imme nit allein vil guts bewisen, sonde
2047 1941 2713 2012 dern ouch gemelter von Bonstetten sich er
2041 1988 2682 2041 lüteret, das wofehr an den verkouften
2053 2027 2698 2075 vost sich nit alle die stuck, der von dem
2073 2068 2700 2126 elben uß und fürgebe, befindent, er
2066 2104 2685 2166 imme darfür nützit schuldig syn sölle.
2060 2153 2703 2205 darüber nun nicht uff ir verstulen er
2065 2178 2710 2240 kent, das hr. Balentin den 1. von Bon
2062 2216 2683 2284 detten für houpt ansprach vnd Costen
2052 2265 2733 2305 also bar 8. v. entrichten, er sich darmitt
2052 2295 2674 2363 lyden und vernügen, hinfür je einer deß
2049 2334 2674 2401 andern (wie zuuor guter frundt
2060 2378 2707 2428 vnd gönner, die zwischen Inen disen
2076 2414 2717 2476 Ach halb im Chorhuß vnd sonst ver¬
2079 2456 2718 2515 luffne wort, sonderlich dahr Valen
2071 2489 2725 2565 tin dem von Bonstetten furgeworffen,
