4032 3024
1399 369 1498 430 370
1507 403 2058 522 andern solicitiert worden, er
1497 461 2041 554 sölle Ihm die Weilgschrifft ab¬
1491 502 2052 606 handlen, vnd imme dardurch uß d
1503 542 2061 633 gfangschafft helffen, darüber
1497 591 2074 686 aber sich nit angentzyn lassen wöllen
1498 630 2073 712 sondern sich entschuldiget, er habe
1486 667 2059 750 nit gelt, vnd könne andrist nit
1494 707 2069 796 mitt Ihm handlen, als mit schuld¬
1461 747 2072 837 So hatt sich doch Im gegentheil ouch
1490 792 2072 874 diß beschinnen, daß er Imme vmb die
1501 833 2074 918 v Weil gschrifft wyters nit versprochen
1483 874 2079 957 als 2300 lb imme daran die In de
1472 919 2078 997 vbergab Reichneten schulden ver¬
1495 968 2066 1029 eigt, vnd darüber under 3 mal
1477 1002 2063 1096 noch 36. v. gegeben habe etc., weliches
1479 1040 1943 1115 alles die 2300 lb gemacht.
1515 1072 2066 1159 Diewyl nun gemelter Risen mehr
1502 1121 2066 1193 vorteils an sich gebracht, als das
1511 1156 2074 1241 to vom hundert, vnd 760 lb mehr
1493 1195 2066 1278 an sich zogen, als Ime der Ordnung
1496 1241 2059 1308 nach gehört, Ward erkent, er
1492 1276 2062 1348 sölle vermög ir N. Reformation
1489 1319 2070 1390 vmb die confiscatio deß dritten
1489 1355 2057 1415 theils houptguts verfelt, vnd dar¬
1492 1409 2076 1464 neben schuldig syn, gedachtem Bachman
1495 1438 2071 1503 die unrichtigen 300 lb, die er imme uff
1483 1481 2090 1550 den H. von Toffen selig übergeben
1485 1518 2071 1582 wider abzenemmen, vnd Imme dieselben
1492 1564 2070 1627 sampt ob angedütem hinderling der
1494 1604 2082 1659 760 lb. In gutem barem gelt zuer¬
1491 1648 1631 1705 sein.
1632 1647 2088 1714 Item die 100 lb uff Hans Port
1631 1684 1942 1745 ner zu Burgistein.
1707 1727 1964 1801 Glaßhütten.
1723 1788 1930 1859 Mistorff.
1492 1838 2072 1907 Madlen Zimmerman hatt wider Iren
1500 1900 2071 1955 Eheman Jeronimus Gönner, der
1492 1923 2078 1991 deß vorderen tags uff ir begeren zu¬
1483 1967 2069 2040 gelegt worden, den Ehebruch, vnd
1484 2007 2084 2077 das er ein monat dahar mitt einer
1491 2046 2073 2116 hirnen hin vnd wider zogen, geklagt,
1476 2094 2068 2157 darüber er zwar deß fälers be¬
1486 2132 2078 2195 kantlich, ya aber umb verzychung
1483 2178 2069 2241 zepitten, sich entschuldiget, dann
1477 2210 2050 2276 er vermeldet, syn hertz möge es nit
1483 2242 2075 2314 geben, deßwegen er wider hinab
1490 2284 2074 2360 erkent worden, sich eines anden zu be¬
1553 2342 1606 2399 an.
1663 2389 1925 2462 Rapperswyl.
1684 2436 1831 2492 äfflich
1496 2480 2030 2568 Bendicht Jacob vnd Elßbeth Heß sind
1513 2534 2068 2615 uff hütt erschinnen, und ist sy nit ge¬
2737 366 2808 439 171
2165 415 2803 524 stendig gsin, mitt dem vstorbnen schmid¬
2179 464 2812 555 knecht verfält ze haben, aber wol mitt
2167 500 2817 596 Bendicht Schumacher, deßwegen gan
2175 539 2833 644 kilchberg, Inne harzehalten, geschriben, vnd
2157 578 2820 699 sy entzwüschen hinab gesetzt worden.
2348 630 2677 737 Kilchlindach
2166 696 2803 814 Wyl Christen Thommet syner schwiger
2167 763 2791 841 mitt namen Margreth Krieg, nit be¬
2165 788 2813 887 gegnet, Ist ira ein schryben an Amman
2165 832 2813 936 ertheilt worden, Inne (wo das güt¬
2152 880 2814 965 lich gepott nit erheblich) gwarsam
2164 931 2388 1019 zuhergehalten
2446 980 2638 1066 Stettlen
2179 1034 2843 1123 Margreth Imo Barbli Mägerlen hatt
2168 1099 2811 1157 wider Martin Müller Iren Eheman ein
2182 1129 2829 1198 chryben an das Chorgricht zu Stettlen
2172 1170 2832 1231 ußgebracht, daß wo sy inne wüßtent,
2180 1206 2839 1276 jnne alhar in nicht gwarsame verschaffen
2155 1250 2835 1320 wo nit, synen elteren anzeigen söllindt,
2156 1289 2815 1363 das sy inne harhaltindt, sonst wie er
2159 1333 2528 1402 dessen zu entgelten haben.
2197 1398 2559 1485 schöfflen. Rot
2176 1480 2805 1561 Fridli Schwytzer erloupt, mitt Anna
2178 1539 2827 1603 juri syner Ehe versprochnen kilchen¬
2185 1567 2563 1636 recht zethun zu Wynigen
2190 1758 2767 1855 Mittwuchens. 19 Aug. 1629.
2418 1821 2576 1898 exten.
2179 1860 2824 1964 Hr. Dachselhofer Inct. Hr. v. Bickhart.
2392 1925 2515 1989 slinist
2182 1964 2803 2077 Sr decan Schmid, Hr. Rütimeyer
2417 2055 2473 2103 w.
2195 2066 2862 2174 hr Koch, hr. Monier, hr. von Werdt
2376 2138 2597 2234 Rötenbach.
2215 2223 2855 2320 Christen Bürcki und Barbli rettenmund
2204 2282 2832 2346 ehmentschen, sind gegen ein andern
2197 2314 2837 2391 uff der E. Hartwysung erschinnen, da
2203 2356 2849 2432 nun sy inne deß durch sy bekenten, mitt
2191 2392 2851 2469 Uli Lehman 3 Grub begangnen fälers
2179 2434 2818 2507 vmb verzychung gepätten, vnd sich der
2191 2471 2831 2553 gesserung anerpotten, hatt er sich wid
2188 2513 2814 2604 ergeben, jedoch so fehr, daß sy die
