4032 3024
1374 330 1491 411 330.
1477 398 1933 517 klein höchstetten
1594 463 1884 553 Nappswyl.
1443 564 2025 665 Madlen Num erklagt sich ab viel
1478 615 2026 708 Jacob Irem hin und wider schweiten
1455 641 2031 753 den Eheman, daß er s verlasse, schlo
1465 680 2040 786 che, vnd ein gmeine fur underm fur¬
1450 719 2040 812 geben, als ob es yn ehwyb sye, mitt
1465 758 1652 821 ich führen.
1665 776 2048 861 Darüber ira anzeigt
1449 808 2043 901 worden, wo sy inne ußspächen möge solle
1442 841 2043 950 ey dessen den Chorweibel, vf das er ihn
1439 882 1772 955 ynlege, verwahrnen.
1526 951 1805 1036 Vnderwald
1798 931 2006 1049 ) Bern.
1483 1034 2036 1129 aspar von Ra, der bad, vnd Elß¬
1447 1078 2039 1164 beth Bumberger syn hußfrouw, sind,
1448 1131 2038 1206 neben ernstiger censur, gewahrnet
1448 1166 2032 1245 worden, frey gantz ergerlichen huß
1448 1198 2019 1273 wesens vnd lebens, böser fluchen
1437 1239 2033 1311 vnd schwüren, vnbescheidner vnchri¬
1432 1282 2017 1349 stenlicher namen darüber man
1443 1313 2006 1378 Tschinnen frytags Abraham Korn
1442 1352 2018 1414 Hans Berchtold, und Jacob Blum den
1439 1389 2037 1460 bade, als Ire nechste nachburen ghört,
1440 1420 2020 1497 inskünfftig abzestahn, und sich ge¬
1439 1461 2019 1536 zürlich und one ergernuß ze erhalte
1449 1498 2025 1569 Vnd die Wyl nicht sich erzinert, das
1447 1537 2037 1596 imme der kilchgang anderst nit, dann
1438 1567 2032 1642 mitt gewontem vorbehalt, gegen den
1428 1610 2026 1665 frömbden brüchlich, bewilliget worden
1417 1642 2039 1702 Sol ein Tedel abgahn an E. Gricht¬
1448 1678 2032 1749 tryber, sy nach Inhalt der Satzung
1426 1709 1738 1787 hinweg zufertigen
1616 1770 1783 1858 Bern
1441 1828 2059 1910 Dimon Jaggi ist fürgehalten syn müßige
1459 1877 2051 1942 gehen leben, in fluchen vnd vätter¬
1453 1911 2060 1980 rünschen, so Madlen Jar und Cathim
1438 1946 2025 2015 Harleb verschinnen frytags wider
1435 1985 2054 2046 Inne zuget, sonderlich aber die trouw,
1436 2020 2037 2085 vort gegen ir der harinen khind, und
1441 2057 2037 2125 nach dem er sich harüber versprechen
1430 2090 2016 2158 wöllen, Ist er von allem angebürlich
1427 2133 2035 2195 wesen ab und zu Ußlehrnung eine
1424 2165 2031 2229 handtwercks, ouch daß er syn huß,
1412 2203 2035 2265 frouw nit mehr so ungebürlich, wie
1424 2233 2042 2310 er vnlangs In voller Wyß gethan, tral¬
1416 2282 2046 2349 tiere, in derselben bysyn by betreuwen
1424 2313 1915 2379 ter straff vermahnt worden
1577 2357 1732 2443 Bern.
1409 2411 2005 2489 David kommet sol der kauwer An
1434 2471 2032 2534 Isten erleggen, oder sich alhie stellen
2674 302 2787 373 331.
2071 378 2734 550 Mittwuchens. 8 July 1629.
2260 473 2463 549 vom Rhat
2078 501 2722 629 E vr Bickart. Ind. Hr. Tachselhofer.
2260 573 2514 653 von H. Predi
2095 610 2682 750 In der an Schmid, Hr Rütimeyer.
2290 694 2523 780 von Būrgeren
2256 741 2754 844 S. Im Hag. Er von Werdt.
2097 793 2231 862 zr Koch
2273 844 2533 945 Rrguchtal.
2108 912 2725 1016 Caspar Ruffer, Hr. Senner Bickharts
2119 976 2698 1053 knecht vergünstiget, mitt Alßbeth
2114 1000 2749 1098 von Künstberg zu Muri kilchenrecht
2120 1080 2229 1139 zethun.
2178 1080 2526 1201 Bern. Biglen.
2113 1185 2746 1278 Hans Friderich Mühli dem schryber,
2128 1247 2714 1307 so hieuor a. 1627. von eines synes
2128 1275 2757 1348 fälers wegen von Barbara Küpffer
2123 1319 2730 1390 syner gewesnen ehfrouwen gscheid
2116 1345 2757 1429 worden, Ist widrumb erloupt, sich an¬
2120 1404 2751 1477 derfahrt zu sehlichen, Jedoch mitt
2121 1455 2443 1514 gemeinem anhang,
2264 1518 2543 1611 Sauornay
2103 1576 2790 1651 Wegen Jean Huberters sitt letstlich den
2131 1630 2802 1687 24 Junii wider Susanne Perrian erlang¬
2131 1671 2803 1724 terschidigung gethaner declaration dem
2132 1697 2805 1763 chorgricht antworten, wann er sy wider
2126 1732 2782 1805 umb zu sich nemmen und für syn ehewyb
2126 1788 2782 1835 erkennen wölle, lassend mich es inen nit
2124 1828 2799 1880 mißfallen, denn daß ers wol thun möge,
2127 1858 2776 1921 ohne daß drumb ein nütter kilchgangen
2113 1898 2761 1964 fürzenemmen nötig sye, jedoch sölle er
2118 1934 2795 2005 von anstendig: vnd ehrbarkeit wegen war
2129 1975 2827 2047 biß sy irer lybsfrucht entbunden syn wirt,
2126 2017 2817 2086 Syn condition vnd vorbehalt aber, daß Ir
2124 2070 2823 2134 fäler ira und iren kinden, so sy by ime
2138 2113 2778 2163 chlich erzilen möchte, vnswyßlich und
2126 2144 2793 2213 an ehren vnschädlich syn sölle, könne man
2126 2183 2801 2255 nit gutheißen vnd bewillig, man wille
2131 2229 2787 2298 aber der Hoffnung seyn, daß ehrliche vnd
2125 2269 2806 2335 verstendige lüt inen söliches nüt vertrüpffen.
2131 2310 2803 2380 vnd sy sich ins künfftig also halten,
2117 2347 2828 2415 das sy niemanden darzu Vrsach vnd an¬
2134 2396 2430 2470 laß geben wide.
