4032 3024
1306 362 1421 442 446.
1402 440 1604 534 Cotzwyl
1720 458 1932 584 Azwangen.
1321 537 1938 652 Wegen Hrn. Hans Masers hatt H. Ade¬
1385 593 1929 693 hörer predicant und decan zu hoffen
1383 630 1937 717 ein sölichen bericht überschickt, das er
1368 661 1932 767 desselben hußhaltung halb, mitt zu
1387 708 1936 794 thun deß h. juraten, einstliche und
1399 747 1936 827 ung für gut erkent, das h. Gabriel
1386 790 1955 875 töchterman in monatsfrist den flichen
1387 834 1953 916 rumen, herr Caspar, als pfrundvogt
1395 869 1953 954 mitt demselben abschaffen, die vogt
1386 910 1941 988 eintzig an die handt nemmen und herre
1388 954 1962 1031 Hans one desselben willen nützit han¬
1386 998 1953 1071 len, weliche form ouch ein Jar lan¬
1385 1039 1954 1110 versucht wegen sölle. Hieruff anh
1382 1082 1949 1151 Amptsman zu Arevangen geschriben
1383 1126 1945 1183 worden, gemelten H. Hans Person¬
1393 1165 1941 1231 lich harzehalten, vff das er vnd die
1368 1213 1941 1270 h syne bruder so denzmalen ouch
1380 1241 1957 1312 erschynen sollend grundtlich gegen
1392 1283 1950 1333 ein andern hört, vnd er beneben
1388 1324 1959 1392 vmb syn liederliche verwaltung zu
1386 1368 1615 1433 gesetzt sinde.
1476 1441 1921 1529 Hindelbanck. Bern.
1385 1505 1965 1602 Anh. zugenet ernsthafftig schrieben
1399 1564 1971 1632 das er vff nechstem Mittwuchen per
1410 1602 1949 1673 sönlich erschyne, und H. Doctor
1412 1639 1950 1710 tabri der maln eins mitt bezal¬
1403 1672 1971 1749 ung, oder doch mitt bscheid vnd aut
1392 1704 1981 1793 wort synes verweigerens, begegne,
1627 1792 1814 1873 Büren.
1385 1849 1978 1957 An h. predicant daselbst schryben,
1401 1906 1968 1988 sölle nicht wie lang und uß wy
1389 1938 1984 2022 vrsachen das Chorgricht alda vnd
1398 1980 1958 2067 lassen worden, grundtlich berichten
1617 2072 1749 2145 Bern.
1405 2127 1963 2225 der Jungen Kinderin frömbde magd
1409 2182 1971 2266 Ist umb dasjenige, so oben p. 442
1409 2214 1972 2305 verzeichnet, mitt ernst censuriert,
1411 2254 1963 2334 vnd, mitt vermahnung, sich ires huses
1409 2295 1955 2363 zeüsseren wider ledig glassen, dar
1407 2321 1960 2410 neben aber herr Langhans angsprochen
1386 2368 1975 2442 worden, mitt der schwiger zu reden,
1402 2395 1966 2480 daß sy mehr wasser als öl zu dem
1416 2433 1964 2525 ingangnen führ der uneinigkeit
1398 2476 1920 2555 und widerwillens tragen sölle.
2557 360 2673 441 447.
1969 437 2676 645 Mittwuchens in Octolubis.
2179 561 2407 645 Exsenatu
2014 608 2426 727 H. Zügherr Amman hut.
2187 665 2357 758 Plinist
2015 702 2555 823 Hr Langhans H. Rütimeyer.
2161 784 2248 856 Civ
2019 788 2686 914 Hr Monnier. G. von Werdt H. Heimberg
2029 881 2257 962 8. Reinhart.
2205 941 2534 1048 Beichenbach.
2029 1060 2650 1150 Herena Hofer, wyl und Hans Matthysen,
2036 1114 2639 1196 Wittwen, Ist zwar gestendig gsin, da
2064 1153 2657 1226 mitt Irem dienstknecht, Hans Huber
2033 1187 2658 1265 den byschlaf verbracht, und aber vermeldet,
2036 1229 2669 1310 das soliches in zyt irer unbesintheit geschechen
2049 1267 2675 1345 vnd das sy imme der Ehe halb nit verzeigen
2052 1313 2679 1389 habe, sich ouch vber an sy gewendte ge¬
2046 1354 2690 1439 fangenschafft, vnd allerhand fürbild¬
2053 1394 2686 1469 ungen, Inne ruehlichen, nit bereden lassen
2045 1424 2722 1515 wollen, ob schon er Iren zun ehren begert
2047 1464 2696 1550 Wyl nun alles an Ire vnerschiesslich gsin,
2061 1512 2680 1584 vnd sy lieber den schand flecken an Ire
2067 1546 2697 1621 selbs, dann Inne zur ehe haben wöllen
2064 1579 2706 1665 Er ouch dieselb nit bewysen mögen, sind
2063 1620 2705 1703 sy von ein andern gescheiden, vnd Jedem
2083 1654 2698 1740 sich anderfahrt zu sehlichen erlaupt, so
2073 1696 2719 1790 fehr, das sy, fals sy schwang, biß vff ent-
2085 1741 2703 1829 ledigung Irer lybsfrucht warten, vnd
2081 1780 2711 1868 er ira dieselb uff ordenliche zu eignung
2089 1821 2725 1899 abnemmen, sy imme den Costen abtragen
2085 1861 2733 1939 beide alhie abbüssen, vnd ira die Gefangen
2090 1896 2745 1996 hafft, so sy sitt montag ußgestanden, dara
2092 1951 2458 2037 abgerechnet werden sölle
2268 2025 2488 2090 Madißwyl
2280 2065 2535 2133 Mittenbach.
2113 2122 2727 2221 uff Uli Cantzen an Maria Hertzog ge¬
2117 2181 2694 2271 suchte Thransprach hatt sy nit gestendig
2121 2218 2709 2307 syn wöllen, imme anderer gstalt als uff
2119 2252 2706 2335 hrer muter gefallen hin verheissen, und
2121 2292 2724 2370 denthaler abgenommen ze haben, die er
2110 2328 2728 2410 so wol Irem vorbehalt als syner zusag ge¬
2107 2370 2697 2444 maß vor allen dingen zeige fragen
2113 2392 2735 2484 vnd hierumb ersuchen, vnd so es derselben
2115 2441 2747 2521 wie auch den fründen nit lieb sye, sy bey
2140 2476 2735 2557 ter nit gebinden haben sollen. Wyl
