4032 3024
1490 319 1572 393 22.
1559 418 2200 532 Uff frytag. ult. Octob. 1620
1776 487 1989 567 exsenatu.
1650 492 1779 585 p
1717 546 2179 640 E. G. von Werdt, inder
1782 614 1961 696 Glinist.
1613 657 2102 760 H. Schmid, Hr Langhans
1609 750 2220 874 hr Gultzer Hirtz, Koch im ha
1686 916 2184 1010 Wolteren Hertzogen
1834 975 1980 1036 buchse
1594 1083 2218 1164 Hans Zinßzmeister einem Zimmerman,
1627 1138 2221 1205 Ist erloupt worden, mitt Barbli Rohr
1624 1189 2214 1250 syner thersprochnen zu Bümplitz den
1610 1213 1915 1285 Kilchgang zehalten.
1625 1254 2161 1346 Tedel an h. predicanten daselbst.
1681 1373 2226 1471 Coupperswyl. Trachselwald.
1625 1474 2222 1568 Vff ein durch Herrn daran fürgelegten
1634 1533 2226 1593 Rhatszedel, Inhaltend, daß die He
1635 1571 2230 1633 Geistlichen nach trachtenn haben söllich
1645 1596 2233 1664 ob, und uff was form und condition der
1636 1642 2224 1718 zuuer viertel der Kilchöri Coups wy
1642 1683 2219 1746 wegen derselb der Kilchen zu wyt
1640 1711 2234 1785 entlegen, also das zum Zyten die Kin¬
1636 1754 2227 1842 derlehren nit mögnnt gehalten, sy die
1641 1789 2228 1866 der kilchhöri Trub oder sang
1644 1822 2194 1903 nouw in corporiert weden möchte,
1677 1860 2227 1951 erhatsam erachtet worden, wyl
1660 1898 2222 1986 such den Geistlichen, vnd dem Chor¬
1665 1936 2201 2008 gricht alhie die beschaffenheit nit
1666 1967 2248 2055 eigentlich bekant, dem h landtvogt
1650 2007 2226 2092 durch ein schryben zu beuelchen, daß
1651 2050 2242 2130 er beide her predicanten zu Langnou
1653 2081 2233 2181 und souffs wyll, auch den zu Trub, so
1656 2124 2232 2211 furderlich einer dahin gesetzt, vnd
1660 2160 2220 2270 ers biß dahin verschieben wurde) für
1674 2195 2232 2295 ich fordere, vnd mitt Inen über ob¬
1665 2238 2226 2341 berführten puncten vhätig stede, vol
1662 2276 2241 2392 gents in 15. stres gut findens wi
1656 2313 1953 2380 derūmb berichte.
1866 2376 2100 2480 Echeebach.
1683 2443 1990 2537 Deni Otsch. Ist e
2003 2478 2207 2586 der schon im
1673 2492 2213 2618 Jan 1625 volführte scitation
1683 2525 2233 2663 wider Gilgien Barbeli, die schi
1670 2569 2243 2701 digung, vnd erlouptnuß, sich ander
2894 256 2983 340 23.
2336 349 2989 459 fahrt zu verehlichen ertheilt worden
2329 410 2802 500 mitt zuspruch Costens.
2313 466 2755 562 An H. Castlan zu Wittis
2342 468 3013 582 Nemelten Garbeli, da er Ins Land
2330 535 2980 628 könne, uff gnad hin mitt dem Eyd
2321 579 2726 675 daruß ze verwysen
2483 679 2672 769 Bern.
2341 753 2976 858 athrin Grimm und Abraham Bischoff
2341 809 2977 891 nun lang strytig gewesne Thementschen
2340 852 2993 935 habend heil vnderschidenliche sachen ab
2331 892 2974 968 und wider ein andern geklagt, sonder
2341 941 2983 999 lichen sy ab imme, daß er sy sitt der
2334 967 3001 1037 letsten Wahrnung, vnd In Ihrer kranck¬
2337 1015 2991 1087 heit so schnöd vnd vntkört gehalten, als
2327 1049 2997 1122 daruor nie, hingegen er sich dessen ent¬
2334 1091 2967 1165 sschuldiget, und ab ira geklagt, daß sy
2335 1134 2967 1208 von imm kein genügen habe, und wann er
2340 1166 2997 1243 hren glych mitt spyß und tranck bringen
2346 1212 2974 1285 guts thun, sy dasselb nit annemmen
2347 1245 2990 1322 vnd erkennen wöllen, sondern sich er¬
2335 1293 2969 1368 dichtet vnd faltschen geschreys vnd
2345 1332 2977 1406 von huß louffens angenomen, deß
2347 1374 2989 1446 halben sich uff Jacob Wagner den schu¬
2346 1414 2997 1475 macher, die nachburen vnd syne diensten
2344 1468 3021 1529 zur kundtschafft berufft. Darüber
2354 1500 3006 1571 nng erkent worden, es sölle der Chor¬
2365 1539 3001 1608 wweibel Inen anzeigen, So sy etwas
2359 1582 2999 1647 kundtschafft zu legen gesinnet, sy imme
2344 1623 2979 1693 dieselbe namhafft machen söllent, da
2358 1664 2997 1726 mitt er Inen vffen Montag piete: Vnd
2339 1698 2988 1763 darneben ouch vß beuelch mich die
2354 1737 2983 1804 Nachburen, so etwas vmb die arg lto
2378 1778 2967 1831 nige conversion wüschen Ihm und
2385 1816 2970 1886 ynen beiden dienstmägden wüssen
2378 1852 2985 1920 möchten, wyl er deß orts unschul
2371 1896 2984 1950 dig syn wöllen, vnd sich glimpff¬
2366 1938 2982 2012 lich versprochen, zuglych harbescheiden
2359 1984 2527 2058 werden.
2544 2053 2737 2142 Bern.
2299 2135 2993 2234 Der zu erstattung ir v. Rhats be¬
2401 2194 2967 2254 nelchs durch mich gestelte bericht
2399 2229 2979 2293 antreffend deß wirts zur Cronen
2393 2265 2995 2335 alhie gerechtfertigeten Sucherhan
2399 2306 3024 2378 del mitt Vlissenn vß der K. Sig¬
2411 2349 3018 2404 nouw, Ist gutgeheissen, vnd erkent
2403 2389 3001 2463 worden, das sölicher by might fürge
2402 2430 2991 2498 tragen, zuuor aber dem hr. lang
2399 2469 3010 2542 hans, so ußtretten, coicierter d
2406 2513 2516 2576 sölle.
