4032 3024
1303 364 1415 445 426.
1403 411 1927 541 als der magd sich entdeckt, daß
1399 466 1930 568 hertz in liebe gegen ihm entzündet
1395 501 1928 605 und könne synen nit müssig gahn
1399 546 1939 648 sye ira der gröste kummer, wissen
1392 581 1937 676 nit, ob ers ira anthan. Dann als
1396 625 1944 712 sy imme ir hertz eröffnet, hette er
1395 668 1943 753 syn gefragt, nit allein sitt welche
1399 717 1932 794 zyt sy inne also angfangen lieben,
1384 749 1948 847 dern ouch obs nit sitt denn essen
1406 792 1736 861 tischen geschechen se
1376 845 1934 915 Neben anderen argwönig umbstein
1413 884 1937 957 mehr, die aber all zu sparticu¬
1407 912 1747 978 carisieren vnnötig.
1403 954 1934 1020 Hieruff nun gut befunden, das vff
1405 1006 1958 1055 nechstem horgrichts tag die obberuch
1402 1040 1955 1097 hußfrouw, wie zuglych ouch die be¬
1396 1070 1947 1142 klagte selbs, beschickt, vnd verhört
1389 1108 1647 1170 Werden sölle.
1367 1234 1963 1395 Frytags 2. octobris 1629.
1303 1379 1846 1456 Ex Sen. Hr. Wachselhofer. Jud.
1474 1438 1927 1506 S. Schmid S. Rütimeyer.
1313 1444 1452 1503 Minist.
1454 1480 1950 1558 s. noch h. Innhag. Hr. Monnier
1317 1499 1408 1570 Civ.
1523 1598 1975 1693 Trub Rötschmundt.
1403 1691 1979 1770 athrin Blaser Ist nochmalen hart,
1414 1743 1979 1803 neckig by irer vorgehnden vnd ver¬
1404 1771 1971 1835 bliben, Vnd diewyl nun nicht die
1403 1805 1972 1880 Warheit mitt ernst, so wol hinder zwa
1415 1846 1972 1915 als auch anderst wo gesucht, aber
1423 1870 1982 1952 mit wyters ußbringen können, haben
1408 1912 1972 2000 y es einmal by gedachter Bla¬
1397 1943 1953 2023 serin fürgeben, one anmut und
1421 1971 1989 2063 vertruwung eines eidts, oder einer
1414 2013 1982 2102 glüpt an desselben statts als we¬
1421 2046 1992 2139 liches sy uß besorgen lychtfertigen schwe¬
1417 2088 2008 2172 rens nit thunlich funden) verblyben
1403 2117 2007 2217 lassen, vnd also vber den handel ab¬
1416 2155 1995 2260 gesprochen, die wyl uß vilen bedenk¬
1403 2192 1988 2288 lichen gründen vnd vmbstenden nochmals
1425 2230 1978 2333 zwyfelhafft, ob Peter Wolff deß
1413 2278 1996 2359 khinds recht schuldiger vatter sye, sittl
1417 2315 2002 2391 mal sy die sach lange zyt, ja biß nach
1415 2349 1993 2435 synem hinscheid verhalten und verschwe
1395 2392 1992 2478 das khind, der hebammen und einer an
1410 2417 1990 2510 dern frouwen zugnuß nach, vffs vill
1417 2460 1972 2539 nit über foder 5 wuchen zu frügen
1410 2489 1984 2576 worden, vnd sölicher rechnung nach
1402 2534 1971 2620 dem Wolfen nit züchen möchte, und
2575 391 2665 474 427.
1997 424 2543 547 hingegen aber der Matti nit In ge¬
2006 488 2557 580 ringen verdacht, das kindt gehöre
2005 502 2583 621 Ihm, ob schon sy söliches durchuß
2005 526 2614 653 neinet, als vff weliches nit sovil
2014 574 2607 699 zesetzen, sittenmal sie ouch alles
2009 614 2612 735 dessen, was doch ehrliche lüt, es sye zu
2003 651 2610 768 prüb, oder zu Nimmis bezüget ge
2009 695 2609 804 leugnet, vnd den der glychen mehr etc.
2008 737 2607 831 so sölle sy das khind by ira behalten
2015 781 2630 874 soliches zu Gottsforcht vnd gebür er¬
2016 807 2618 912 suchen, Vnd die wyl aber sy ires fur
2017 845 2623 943 gebens nit abstahn wöllen, söllindt
2019 879 2604 975 die Cleger vß ires vettern Klaß¬
2022 907 2644 1012 nem gut ira für ein vnd alle mal
2025 951 2653 1056 20 t. daran ze stühr entrichten, Je¬
2036 995 2644 1091 doch so sy inskünfftig die Warheit
2034 1036 2623 1126 noch besser ergründen vnd erforschen
2037 1074 2645 1163 möchten, Inen dasselbe allzyt vorbehalten
2033 1116 2625 1210 fry und zugelassen syn. Was den
2038 1152 2668 1250 Costen antrifft, so von disers handels
2032 1192 2657 1284 wegen ufgelüffen, Ist derselb zu beiden theil
2047 1233 2674 1336 vfgehept, vnd party ein vrteil gelt,
2043 1268 2661 1362 vnd darzu den Clegeren noch 9 l. für
2042 1308 2671 1400 nith. min vfgelegt worden, neben nichtig,
2041 1332 2716 1426 erkennung Irer hierunder yngewandten Eheansprach, so
2048 1375 2705 1469 An hr. landtvogt zu Trachsel Wald schryben.
2062 1425 2671 1518 sölle gemelten Matt, nochmalen har¬
2059 1462 2689 1541 halten, uff das er, wo glychender nüt were
2058 1499 2721 1573 doch vmb den bösen argwon gereformiert
2046 1567 2157 1619 Erde.
2271 1586 2457 1675 Bümplitz
2067 1650 2673 1744 Barbli Grad hatt sich ab der hebammen
2078 1703 2668 1776 relation, die sya kein reine magd syn
2069 1737 2664 1812 befunden, verwunderet, vnd, als ob die
2080 1781 2657 1836 selben die sach nit recht getroffen,
2087 1809 2636 1879 Zerstahn geben wöllen, Jedoch so
2085 1842 2651 1913 dem also musse sy es wol glouben,
2075 1883 2660 1960 vnd wölle bekantlich seyn, daß Ir Ehe¬
2091 1916 2659 1993 man by ira fleischliche bywohnung
2087 1950 2666 2028 gehept, und ira die magdschafft ge¬
2076 1981 2672 2065 nommen habe, dann sy keines ander¬
2091 2024 2680 2102 Mans sye schuldig worden. Von we¬
2088 2053 2650 2131 lichen burggens wegen, vnd wyl es sich
2084 2085 2684 2174 ansechen lagt, das sy zur schidigung ein
2086 2129 2677 2200 erdichte Clag führen wöllen, sy wider
2081 2171 2693 2248 hinab erkent worden, zu erwartung,
2072 2206 2674 2290 was die H. Doctoren des Mans halb
2080 2248 2663 2334 für ein bericht geben werden
2267 2294 2605 2382 Nydouw. Bern
2096 2358 2765 2465 Maria Greber, ein vnuerehlichete dienst¬
2118 2406 2741 2489 magd, so uß nicht urteil und beuelch zu
2123 2440 2716 2521 gewarsame geschafft worden, hatt ein
2105 2479 2737 2560 gwüssen abwesenden kurzen, so by Seba
2117 2515 2741 2591 dian Rohr an der matten gedienet,
