4032 3024
1468 319 1564 384 188.
1544 370 2147 477 warteils vergünstiget worden, sich
1554 432 2141 521 anderfahrt zu verehlichen, Jedoch
1542 476 2077 550 under gewohntem vorbehalt
1591 597 2041 693 ausanna. Valleres.
1544 690 2120 778 Obwol, daß zwüschen Du francois
1572 753 2123 824 Band und Balthazarde Chedel
1567 790 2129 871 etwas ehr versprechung gsin sye, die
1570 826 2144 903 kundtschafft uß Irem der tochter
1574 875 2140 949 mundt zimmlich vil zu gibt, jedoch
1555 912 2131 980 diewyl er durch syn schryben an
1566 957 2126 1015 den h. predicanten zu Valleres sich
1561 990 2114 1060 eines andern erlüteret, vnd das
1558 1029 2137 1113 vorgehnde, sovil an imme entkreff¬
1567 1078 2139 1158 tiget, ouch über das hra den Ring
1561 1118 2141 1190 wider abgenommen. Ist sy von die
1570 1157 2128 1234 sein gelediget, imme daruff, sich ander
1563 1201 2112 1268 fahrt zu verehlichen erloupt, vnd
1566 1242 2132 1321 20 t. an in Costen ze stühr, durch sye
1567 1283 2119 1353 eßerichten, gesprochen, der vberig
1558 1326 2126 1398 compensiert, vff weliches sy dem
1551 1370 2118 1442 nachgehnden, mitt mann Michel Kan¬
1558 1409 2129 1488 der ira der Eherheissung bekantlich,
1564 1453 2136 1528 der haltung aber andrist nit willig
1574 1494 2120 1568 gsin, dann Im fahl sich erfinde, das
1571 1535 2140 1615 y dem anderen nüt versprochen) mitt
1569 1569 2142 1647 vrteil und Recht zu bekent, und inne
1561 1617 2140 1700 beiden der forttrib deß Kilchgangs
1561 1652 2113 1742 vergünstiget, ira ein vierfach, und
1559 1705 2143 1785 der andern Jedem ein einfachs Vrteil
1569 1735 1897 1812 gelt pferlegt worden
1732 1819 1939 1921 Höchstett
1567 1898 2123 2006 Benicht Jagi, so jungen syner tocht
1578 1946 2138 2043 ter Margreth ab Andres Unsbrunn
1577 1977 2132 2079 geklagt, daß wie er sya in the vrteil
1580 2026 2135 2127 nach kilchen führen söllen, er sich daru
1576 2063 2103 2165 uon gmacht, und hinweg zogen, und
1565 2109 2106 2202 dißmaln zu franckrych syn sölle, ist
1565 2142 2064 2240 Imme ein schryben ertheilt worden.
1667 2204 2056 2310 An die E. zu höchstette.
1588 2249 2110 2352 söllind den Amman Nußbouw, als
1587 2288 2103 2392 deß Jünglings vatter, für sich for¬
1576 2318 2109 2420 deren, vnd Ime ynbinden, das er den
1584 2354 2120 2469 sohn biß uff nechstken pfingsten har
1578 2388 2113 2500 halte, widrigen fals, er sich denn
1570 2429 2114 2572 zmalen alhie gegen Jagi stellen solle.
2877 306 2973 391 189.
2303 409 2826 521 Undersewen fruting
2290 496 2947 592 Ulrich Schnyder ist ein schryben er¬
2311 558 2941 638 heilt worden, Imme verholffen ze¬
2293 600 2949 678 syn, daß er von Elsbeth Rychen, von
2281 641 2960 719 deren er sich hieuor Hapril. 1622.
2288 679 2908 758 scheiden lassen, vmb synen domaln
2304 725 2925 807 erlittnen vesstehnden Costen wil
2280 770 2920 857 sy siderhar etwas ererbt) bezalt
2287 815 2954 898 werde, wie zuglych ouch Iren domaligen
2287 868 2963 938 gfangensch. Costen uß Irem gut zu¬
2300 912 2764 993 nemmen, vnd harzeschicken
2306 1008 2765 1092 Vrsebach. Rorbach.
2275 1077 2943 1153 An Hr Päckli den predicant schryben.
2299 1142 2941 1209 daß ich die von den fürgesetzten
2285 1171 2953 1249 des Capitels fürgenommene bevogtung
2275 1217 2959 1291 h. Josen Ander egg zuen gefallen laß¬
2276 1260 2948 1333 ind, vnd Inne ermahnt haben wöllind,
2277 1313 2958 1366 die vogty einmal vber sich genemmen,
2276 1345 2956 1420 und ein versuch ze thun, ob er etwas nutz¬
2269 1386 2748 1460 lichs wie vßrichten mögen
2484 1463 2623 1552 Berne
2264 1520 2919 1612 Wegen Hans Wyßen deß ysen krämers
2280 1585 2951 1660 und Barbli Wyßhanen züget der wirth
2282 1620 2920 1685 zum Loüwen, Als er an der Jungen
2276 1650 2917 1733 Faßnacht vffem abend gemelts wyß
2287 1694 2951 1783 hußthür halb offen gefunden, und uff
2273 1735 2938 1815 erhörtes flißmen, sampt dem Jungen
2279 1784 2928 1853 Ketellio, hinder dem pfyler Wahr¬
2274 1813 2926 1895 genen vnd gewartet, war endtlich
2260 1857 2937 1930 da hinuß kommen werde, Sye gedachter
2266 1897 2907 1972 wyß gegen 10 uhr zum huß hinuß
2257 1931 2898 2015 kommen, vnd strackt die Statt abge¬
2263 1977 2886 2058 loffen, welichem sy nachgeylt, vnd
2264 2014 2896 2097 Inne by Schwytzers laden ergriffen,
2252 2064 2885 2134 vnd gemelte Wysshanin hinden an Ihm
2256 2097 2892 2181 under synem mantel verborgen funden
2260 2132 2798 2207 uff entdeckung, welches in sy sy
2791 2160 2872 2206 mitt
2264 2172 2889 2245 einandern vortzüchen lassen, welich
2267 2221 2892 2290 ügnuß gesagter Pretellius zu gestimpt,
2249 2242 2869 2328 vnd Ist hieruff erkent worden, das
2246 2300 2878 2382 y beide vffn Montag harbscheiden weden
2254 2331 2371 2394 sollint
2249 2386 2291 2446 .
2287 2381 2800 2486 Bern thun. Oberburg
2270 2452 2852 2519 edel: S. Christoffel Lüthard mitt
2277 2501 2866 2560 Anna Krieg zu thun. Denne zu
2269 2535 2869 2604 Beörg hoch mitt Johanna Haller
2239 2563 2792 2649 zu Oberburg zusamen gegeben.
