4032 3024
1438 1540 1504 1611 die
1426 339 1515 415 48.
1465 430 2084 531 Montags 16. febr. 1629.
1726 503 1946 593 ex senatu.
1509 564 1981 647 Hr. Dachselhofer. Jud.
1694 622 1860 710 Minist.
1502 689 2071 770 hr Decan Schmid, Hr Langhanß
1694 742 1742 817 C
1515 804 1576 880 Gr
1573 795 2009 876 Sultzer Hirtz im Hag
1564 937 1976 1027 Oberwyl. Arburg.
1521 1065 2064 1158 Veter Brötien ist mitt Elßbeth
1530 1128 2056 1196 Mundtwyler der Kilchgang zu
1520 1156 1998 1235 Muri vergünstiget worden.
1534 1260 1940 1350 frouwen Cappelen
1555 1327 2020 1414 Nüwenstatt Coppet.
1548 1423 2064 1509 Peter Bart der Timmerman hatt
1560 1481 2041 1546 an ich begert, man Imme die
1543 1514 2067 1581 handt pieten wölle, das Margreth
1551 1555 2096 1629 dienet, als sy alhar wider Clau¬
1545 1599 2078 1676 de darnex für chorgricht gwöllen.
1549 1635 2072 1709 underwegen in synem huß kindts
1539 1675 2080 1747 niderkommen, imme abgenommen, und
1546 1722 2083 1790 mitt imme vmb spyß vnd tranck,
1539 1757 2068 1838 yne gang vnd der gebammenlohn
1547 1801 2082 1870 ein willen geschaffet wie dar¬
1549 1841 2096 1926 über Er, recht noch etwas wyter ge¬
1555 1879 2089 1963 dult ze haben, vermahnt, vnd dar¬
1554 1913 2082 1994 by vertröstet worden, das man
1550 1969 2050 2043 nit ermanglen werde, synen by
1554 2008 2080 2100 schtrag der sach zugedenck zu syn,
1548 2042 2083 2145 leben mitt theilung eines schry¬
1555 2086 2068 2173 bens an Bendicht synig den
1558 2117 2059 2215 kilchmeyer zu Erduwen Cap
1564 2163 2076 2254 selen, das er gemeltem Bart die
1551 2199 2053 2296 handt piete, das sy, so bald sy es
1556 2245 2104 2348 erlyden mag, alhar in ob Spittal
1557 2284 2056 2383 geführt, vnd entzwüschen das
1553 2330 2075 2430 Khind einmal uff nicht erkant,
1552 2366 2080 2479 muß hin, ob es eh, oder vnchlich
1559 2405 1988 2506 syn sölle, getoufft werde.
2912 297 3012 390 149.
2582 338 2702 424 dß.
2634 415 2888 510 Ortpundt.
2577 439 2641 498 1
2361 414 2577 507 worben.
2334 524 2986 624 Samuel Köffel, vnd Agnes Gnägi
2371 593 2968 670 yn dienstmagd, als sy uff hütt
2360 629 3009 705 erschinnen, Sind beiderstets nit all¬
2359 671 2970 739 eich der Eheversprechung zwüschen
2347 718 2963 795 Inen beiden, die schon im verschinnen
2355 765 2960 839 Sommer geschechen sye, sonders ouch
2359 806 2978 882 iderhar gehepter lyblichen by¬
2357 853 2974 927 wohnung bekantlich gsin, also das
2354 894 2956 969 sy mehrenteils nächt by imme an
2363 938 2792 1014 ynem bett gelegen sye
2372 988 2953 1057 das aber in Sohn Hans selig vor
2360 1032 2941 1096 disem sich mitt ira zu the ver¬
2359 1061 2978 1137 heissung oder fleischliche gmeinsch.
2362 1114 2974 1183 yngelassen haben solle, da hatt
2372 1157 2995 1231 ich der Vatter entschuldiget, das er
2353 1205 2998 1282 darumb jemalen einiche wüssensch
2351 1251 2979 1321 noch arg von synethalb ghan habe,
2374 1293 2980 1368 Mitt vermelden, das alles, was sine
2373 1339 2971 1401 töchteren darwider her fürbringind,
2361 1377 2954 1448 nichtig vnd uß ytelem vbunst er
2353 1421 2953 1492 dacht sye. Gemelte magd ouch
2346 1464 2950 1536 beides die Ehe verzeihung vnd den
2364 1500 2955 1582 byschlaf sohns halb gentzlich vnd
2356 1553 2975 1630 standhafft vneinet, der gstalten das
2359 1601 2934 1665 Jedes vermeldet, est uff syn für
2358 1636 2935 1707 geben sterben, Sonderlich sy, das
2352 1690 2957 1755 y das irig (wo vonnöten, und wie
2332 1720 2951 1803 Ira fürgebildet de mitt dem
2342 1767 2686 1829 eid erhalten wölle.
2348 1813 2948 1892 yl nun ich uff der einen syten
2353 1865 2933 1932 den grossen arglvon, so by den
2366 1899 2738 1960 Khinden Ires bruders
2731 1908 2918 1962 halb er
2349 1947 2926 2010 wachsen, vnd dahar besorgende
2349 1978 2960 2048 ergernuß, wie ouch darneben die
2342 2023 2951 2092 grosse vnglychheit diser beider p
2367 2066 2940 2127 sonen, In dem er nit allein zimmlich
2355 2106 2962 2180 alt, sonder ouch übelmögend, sey ab
2346 2149 2952 2218 noch jung und fräch, uff der an¬
2346 2189 2954 2264 dern syten aber betrachtet, das ob¬
2350 2240 2942 2308 glychwol des alten Mans töchteren
2335 2281 2941 2354 fürgebend, das sy die Magd mehr
2337 2317 2948 2389 anzogner massen hinzig ghan hab
2346 2365 2921 2436 nit, Jedoch noch Im zwyfel, ob
2346 2406 2946 2469 soliches vß grundt, oder allein vß
2335 2446 2928 2519 vbunst und widerwillen gescheche,
2326 2488 2907 2556 Vnd ob drumb etwas in der
2359 2526 2931 2619 hat zwüschen Inen vergangen sye
