4032 3024
1465 265 1545 337 202
1550 359 2135 491 W D Contag. 23. Marti
2012 465 2128 551 1629
1659 482 2044 584 Omnes putes fuere
1602 619 2081 743 Nilchberg Ramsey.
1525 723 2123 840 Obwol Barbli Rösch den fürgebnen
1533 782 2116 875 byschlaff, ussert den umbstenden,
1531 822 2135 911 nit allein nit bewisen, sondern auch
1537 851 2113 937 zwyfelhafftig daruon geredt, vnd
1548 894 2133 986 endtlich sich gar erlüteret, daß kein
1529 940 2133 1034 fleischliche Werck geschechen, sonder allein
1534 982 2127 1070 der Willen da gsin sye, Jedoch vnd
1533 1019 2114 1105 diewyl durch Christen über alles
1534 1055 2105 1145 wüssen, das sy vnehlicher geburt, zu
1536 1091 2118 1189 hra gangen, und sich so wyt yngelaßen,
1518 1136 2117 1229 daß er albereit by dem h. Predicanten
1527 1170 2109 1270 vmb den kilchgang vnd ynsegnung
1529 1213 2095 1300 angehalten, weliche auch nun mehr
1519 1242 2099 1332 verrichtet, so er von demselben nit
1532 1285 2094 1380 hinder sich in syn kilchör gewisen
1520 1325 2100 1415 worden were, hieneben dann ouch
1524 1360 2096 1449 er syne yngewandten vorbehalt¬
1530 1397 2102 1489 nussen nit bewisen, vnd mitt dem
1530 1439 2103 1526 ußzug uß dem soufrodel anders nit
1525 1485 2100 1555 erzeigt, denn daß er zwar, als die
1534 1513 2107 1607 Ehevheißung geschechen, nit vollkomm
1533 1563 2086 1642 20 järig gsin sye etc. Sind sy als
1525 1598 2088 1693 schlüt formbtlich zusamen bekent,
1519 1650 2082 1727 vnd nach Osteren mitt einandern
1515 1688 2100 1766 kilchenrecht ze thun vermahnt worden,
1534 1722 2090 1810 wie sy dann zu leisten dem h. Rich
1537 1759 2081 1854 ter beidersyts in die handt gelobt.
1516 1790 2081 1885 Mitt ermahnung an deß meitlis
1531 1837 2075 1914 vatter, inen nit allein uß synem
1530 1865 2096 1950 gut inem erpieten nach, was imme
1525 1897 2094 2000 müglich und ehrenlüt ihn könnind
1522 1938 2067 2040 heissen, gefolgen zu lassen, sondern
1521 1977 2062 2072 ouch in gar vmb etlichs Recht der
1517 2016 2068 2117 tochter, darzu er uß besorgten un¬
1515 2055 2074 2156 einigkeit in syner hußhaltung nit
1509 2094 2079 2182 gar willig gsin) nachteterben, und
1509 2129 2075 2223 das noch vor syner heimreiß ihr al
1504 2173 2084 2261 das wider verhoffen nit gescheche, oder
1502 2206 2088 2303 nit erlanget wurde, sol drumb di
1507 2240 1919 2325 so ehe nit ufgehert syn.
1496 2282 1925 2388 der 2. söliches schryben.
1681 2358 1923 2454 frutingen
1501 2393 2068 2551 Ulrich Schnyder ward ein schryben an
1544 2468 2075 2586 Castlan erkent, wo syn abgescheid
1535 2496 2071 2646 ie die fürgebende bezalung deß an¬
2836 270 2938 329 203.
2254 366 2925 500 sprechenden Schidigung Costens nit er¬
2266 430 2933 530 wysen könne, ime nochmaln zu syn
2266 464 2922 573 ein begeren zeverhelffen. Nach dem
2262 510 2929 612 aber sy nachgehnden zinstags erschinn
2265 561 2890 656 nen, ist uff ablesung irer mittge
2253 598 2895 700 brachten kundtschafft und verhör beider
2267 649 2908 741 plyen, zwüschen Inen erkent worden
2255 691 2930 790 daß sy imme noch über das jenig w
2271 735 2910 826 er lut angeregter zugsame von Iren
2263 778 2907 860 har empfang, 6. Cronen ußrichten,
2262 821 2896 899 Er sich damitt gnugen, vnd sya da
2262 868 2886 951 fürhin solichen Costens halb ruwig
2264 909 2898 978 und unersucht lassen, beneben ir
2269 936 2911 1023 hiesige gfangensch. Costen nochmaln
2267 1000 2929 1076 uß Irem erb genden und har geschickt
2269 1047 2455 1123 wden sölle.
2257 1083 2814 1177 An S. Castlan hierumb schryben
2264 1206 2864 1299 Häuisburg, Frutingen.
2250 1320 2888 1397 vff Margreth Moserin wider Gilgien
2254 1376 2855 1438 Boler Iren Eheman yngelegte, zu
2263 1397 2878 1485 Stäfisburg ufgenommne kundtsch,
2243 1451 2839 1527 Ist ira ein schryben zugestelt worden.
2361 1499 2708 1585 Anh Castlan
2262 1551 2862 1635 Gemelten Boler In 8 tagen nach
2277 1623 2896 1679 Istern durch ordenlichs gepott, oder
2256 1651 2848 1718 wo er nit hoffnung, das er darab
2262 1688 2888 1767 erschynen wie, Inne gwarsamlich har
2265 1726 2384 1792 zehalt
2221 1816 2492 1912 Bern.
2515 1824 2769 1912 schaffhusen
2227 1899 2863 1985 der Muter Margreth, der Hebammen
2252 1965 2877 2038 tochter ist von Balthasar Ritter
2247 2002 2892 2079 einem frömbden Schlosser gsell (wyl
2251 2044 2893 2121 sich uß dem herfür gesuchten schryben
2248 2090 2896 2152 veliches In desselben naen von Lorentz Spyr
2247 2122 2901 2189 zu Schaffhusen an mr Hans Burenkung
2246 2151 2903 2231 den Blattner alhie abgangen, beschinnen
2245 2204 2895 2263 das er zwar deß byschlaff gestendig, der
2238 2242 2909 2307 eheversprechung aber nit bekantlich, auch
2254 2292 2906 2355 mit hoffnung, das er wider zu landt
2245 2313 2894 2376 kommen wie gelediget, vnd sich an
2245 2350 2907 2422 derfahrt zuvermächten befreyet, dar¬
2256 2394 2870 2463 neben aber, wyl sy ire ansprach
2250 2431 2869 2500 nit bewysen kan, vmb den fäler
2250 2469 2874 2540 und verbrachten mutwillen nach lut
2249 2507 2875 2584 dersatzung In die straf erkent
2251 2545 2469 2624 worden.
2479 2552 2875 2626 so mitt euen Margreth
2695 2597 2848 2668 Schlechten
