4032 3024
1370 359 1474 442 360.
1447 415 2045 539 wolverdienter straff, neben einer gu¬
1467 472 2042 566 ten censur, biß morn hinab in die
1454 513 2042 600 gfangenschafft erkent, und der mu¬
1447 550 2042 629 ter, daß sy mitt Irem Inzug eben
1453 585 2036 669 ein glychs verdient hette, dem 12
1447 625 2048 710 von Graffenriedt aber vber sein
1447 662 2051 745 sonderbar begeren anzeigt worden, den
1440 699 2045 793 H Hans Anthoni synem schwager anzu
1445 747 2049 818 melden, er sölle recht wie ein genero¬
1430 778 2051 861 isch gmüt fürüber gahn, und diser
1423 817 2039 885 lychtfertigen völcklis nüt achten, oder
1430 863 2035 925 aber by irer hußmeisterin vmb die
1432 896 2049 970 verstoßung, vnd daß sy imme ab den
1437 935 2051 1015 ougen könne, anordnung geben, Was
1417 986 2032 1053 dann den begerten schyn belanget, fin¬
1415 1017 2052 1100 dint nicht denselben Inen nit thunlich
1418 1059 1998 1123 sondern vil mehr verkleinerlich.
1671 1140 2035 1229 frouwen Cappelen.
1454 1240 2045 1325 Ena Gygi hatt sich verschinnen monten
1465 1300 2056 1360 abermalen abhans Tutzen Irem eh¬
1469 1337 2062 1401 man erklagt, daß er der letsten al¬
1467 1373 2071 1439 hie ergangnen Vrteil nit gelübt, son¬
1448 1422 2062 1475 dern sy siderhar vngebürlich tractiert
1460 1453 2048 1513 vnd übel geschlagen habe, der wegen
1451 1492 2056 1559 mitt wider yntwendung Ires lybsprä¬
1454 1537 2068 1590 stens uff die schidigung getrungen. Wyl
1460 1563 2053 1631 nun er also wider syn eigen er¬
1446 1601 2064 1662 bieten vnd anzogne vrteil gehandlet,
1450 1640 2055 1707 vnd eines Jungen meitlis halb, weliches
1449 1686 2047 1743 er an synem bett vber nacht gehept,
1448 1723 2056 1785 verdächtig gemacht worden, Ist er biß
1458 1761 2024 1826 uff hütt in der gfangenschafft ge¬
1446 1797 2062 1864 legen, deß meitlis halb zwar keiner
1438 1839 2050 1907 vngebür bekantlich gsin, aber gegen
1458 1873 2047 1943 yner froutken, wyl sy imm kein gut
1453 1903 2055 1986 thun wölle, ebenmäßig der schidigung
1447 1957 2057 2025 begert. Die nun Inen Gmög der
1436 1996 2062 2050 satzung verlanget, und ist imme zwar,
1446 2038 2057 2102 ich anderfahrt zuverehlichen erloupt,
1430 2078 2037 2138 Ira aber die Ehe gentzlich, vnd mitt
1436 2115 2032 2173 der condition, daß sy den begerende
1439 2157 2041 2213 alhie stellen, vnd nicht erkantnuß
1445 2177 2043 2242 darüber erwarten sölle, verbotten, und
1441 2226 2037 2286 imme für und an synen costen 100
1448 2257 2082 2334 guldi vß irem gut gesprochen worden.
1529 2341 1888 2432 Brugg. Bern.
1450 2444 2045 2521 Wegen Barbel Meyerin hatt Chri¬
1461 2493 2032 2546 stoffel Burckhart der lismer alhie
1453 2524 2029 2597 bericht geben, daß Hans Wyß ira
2728 350 2814 416 361.
2115 410 2773 534 20 t. sampt einem rock und 1 par ermel
2121 471 2781 563 verehret, v. mittlist welcheßin sy inne
2114 510 2766 618 ledig gesprochen: Item daß er lismer
2128 553 2763 657 y hinweg begleitet und zu Arberg bim
2122 587 2824 701 Enpredicant in dienst gebracht habe, alda
2134 631 2820 749 s jetziger zyt sie. Weliches Jacob Burk¬
2142 682 2797 782 hart Irem stieffvatter, vnd Christoffel
2127 728 2818 823 seettag, die alhar kommen, beschaffen¬
2139 775 2806 871 Zeit der Nach zu erforschen, eröffnet,
2130 815 2808 909 vnd Inen darby beuolchen worden, das
2132 857 2788 946 meitli nechstkünfftigen frytag bestellen
2239 943 2644 1027 Rüttigen. Bern.
2142 1012 2803 1115 zwüschen Verena erhardt eins, denne
2154 1065 2818 1151 Jacob Kun, vnd Wilhelm Tomet, Innamen
2156 1104 2800 1178 Hans Commets, Ires vogt sohns vnd bruders
2154 1148 2798 1213 vndt theils, wyl sy endtlich die sach
2145 1188 2793 1254 mich übergeben, vnd zevermuten, daß
2148 1220 2799 1309 sy ir fürgeben der volkommen bezalung
2156 1272 2800 1342 nit gnugsam wurden bewysen können
2164 1313 2798 1378 Erkent, das sy ira die noch gefordert
2157 1357 2823 1437 75 ußrichten, vnd sy den Costen an Iro
2156 1407 2448 1485 selbs haben sölle.
2169 1498 2686 1590 Brunegg. Burgdorff.
2157 1590 2838 1664 Wyl Elßbeth Bärendysli nit erschinnen
2184 1651 2814 1699 sind beid Spichti gebruder, so sich hütt
2182 1681 2849 1752 gestelt, biß vff nechsten Gorgen tag remitten
2177 1728 2274 1768 worden.
2377 1800 2513 1882 Bern
2172 1899 2788 1974 Wegen Andres Wagners, deß gipsers,
2173 1950 2822 2015 habend H. Doctor Rüng, H. Doctor fabri
2186 1994 2812 2052 vnd M. Abraham Schnewli referiert
2160 2023 2818 2097 das er zwar dißmaln vnbefleckt, aber
2181 2064 2802 2137 allerley vestigia verhanden, daß er
2166 2116 2848 2176 vnlängst mitt den Frantzosen behafftet
2170 2153 2848 2212 gsin, vnd darumb curiert worden. We¬
2167 2198 2845 2260 liches der Ehementschen aber es von dem
2169 2241 2839 2300 andern ererbt, mögnit sy nit wüssen
2178 2270 2852 2337 deßwegen nicht die sach Gott beuolchen,
2186 2316 2849 2388 vnd aber vermutet, das er daran schul¬
2173 2343 2439 2418 dig syn werde.
