<?xml version="1.0" encoding="UTF-8" standalone="yes"?>
<PcGts xmlns="http://schema.primaresearch.org/PAGE/gts/pagecontent/2013-07-15" xmlns:xsi="http://www.w3.org/2001/XMLSchema-instance" xsi:schemaLocation="http://schema.primaresearch.org/PAGE/gts/pagecontent/2013-07-15 http://schema.primaresearch.org/PAGE/gts/pagecontent/2013-07-15/pagecontent.xsd">
    <Metadata>
        <Creator>prov=University of Rostock/Institute of Mathematics/CITlab|PLANET AI GmbH/Gundram Leifert/gundram.leifert@planet-ai.de:name=German_Kurrent_XVI-XVIII_M5.2(htr_id=38305)::::v=2.6.7
prov=University of Rostock/Institute of Mathematics/CITlab|PLANET AI GmbH/Tobias Gruening/tobias.gruening@planet-ai.de:name=de.uros.citlab.module.baseline2polygon.B2PSeamMultiOriented:v=2.6.7
prov=University of Rostock/Institute of Mathematics/CITlab|PLANET AI GmbH/Tobias Gruening/tobias.gruening@planet-ai.de:name=/net_tf/LA73_249_0mod360.pb:de.uros.citlab.segmentation.CITlab_LA_ML:v=2.6.7
prov=University of Rostock/Institute of Mathematics/CITlab|PLANET AI GmbH/Tobias Gruening/tobias.gruening@planet-ai.de:name=/net_tf/LA73_249_0mod360.pb:de.uros.citlab.segmentation.CITlab_LA_ML:v=2.6.7
Transkribus</Creator>
        <Created>2021-11-02T15:16:51.316+01:00</Created>
        <LastChange>2021-12-02T14:23:14.239+01:00</LastChange>
        <TranskribusMetadata docId="822509" pageId="30664542" pageNr="148" tsid="69003169" status="IN_PROGRESS" userId="101547" imgUrl="https://files.transkribus.eu/Get?id=LSPXHKOQXMEFEHNGZNLTYSLI&amp;fileType=view" xmlUrl="https://files.transkribus.eu/Get?id=EELRRKRMJDAXNOXFXLWRXXJU" imageId="24124201"/>
    </Metadata>
    <Page imageFilename="Foto 27.10.21, 3 47 23 PM.jpg" imageWidth="4032" imageHeight="3024">
        <ReadingOrder>
            <OrderedGroup id="ro_1687514241662" caption="Regions reading order">
                <RegionRefIndexed index="0" regionRef="r1"/>
                <RegionRefIndexed index="1" regionRef="r2"/>
                <RegionRefIndexed index="2" regionRef="r3"/>
            </OrderedGroup>
        </ReadingOrder>
        <TextRegion orientation="0.0" id="r1" custom="readingOrder {index:0;}">
            <Coords points="1325,397 1325,2554 1985,2554 1985,397"/>
            <TextLine id="r1l1" custom="readingOrder {index:0;}">
                <Coords points="1314,429 1340,430 1349,426 1353,430 1373,420 1381,427 1402,433 1419,421 1429,421 1430,360 1375,359 1368,363 1364,358 1356,358 1333,370 1329,366 1315,368"/>
                <Baseline points="1325,417 1356,420 1387,419 1418,420"/>
                <TextEquiv>
                    <Unicode>286.</Unicode>
                </TextEquiv>
            </TextLine>
            <TextLine id="r1l2" custom="readingOrder {index:1;}">
                <Coords points="1384,478 1519,497 1578,480 1749,508 1773,491 1830,520 1858,503 1992,536 1995,499 1851,441 1609,419 1546,435 1488,410 1388,431"/>
                <Baseline points="1395,479 1424,479 1453,479 1483,479 1512,479 1541,480 1571,480 1600,482 1629,483 1659,484 1688,486 1717,489 1747,491 1776,493 1805,497 1835,500 1864,504 1893,509 1923,514 1952,519 1982,527"/>
                <TextEquiv>
                    <Unicode>Ward hieruff erkent, daß alle von</Unicode>
                </TextEquiv>
            </TextLine>
            <TextLine id="r1l3" custom="readingOrder {index:2;}">
                <Coords points="1398,521 1454,516 1484,537 1516,516 1651,522 1731,540 1760,525 1954,560 1974,557 1976,531 1860,505 1804,512 1773,491 1400,488"/>
                <Baseline points="1410,512 1437,513 1465,513 1493,514 1520,515 1548,515 1576,516 1603,518 1631,519 1659,520 1687,521 1714,523 1742,525 1770,527 1797,529 1825,533 1853,534 1880,538 1908,542 1936,545 1964,549"/>
                <TextEquiv>
                    <Unicode>und werck, was sich vor in und</Unicode>
                </TextEquiv>
            </TextLine>
            <TextLine id="r1l4" custom="readingOrder {index:3;}">
                <Coords points="1402,556 1458,574 1525,555 1746,578 1778,565 1820,589 1859,577 1908,596 1965,594 1968,559 1901,542 1838,553 1807,532 1404,521"/>
                <Baseline points="1412,552 1439,551 1466,551 1493,552 1520,552 1548,552 1575,554 1602,554 1629,555 1656,557 1684,558 1711,560 1738,562 1765,564 1792,567 1820,570 1847,573 1874,576 1901,579 1928,583 1956,587"/>
                <TextEquiv>
                    <Unicode>nach der visitation zwüschen Inen</Unicode>
                </TextEquiv>
            </TextLine>
            <TextLine id="r1l5" custom="readingOrder {index:4;}">
                <Coords points="1399,600 1653,617 1698,597 1817,630 1898,615 1938,634 1959,629 1961,592 1821,589 1773,565 1703,576 1630,554 1596,571 1535,555 1458,574 1401,563"/>
                <Baseline points="1410,594 1437,594 1464,594 1491,594 1518,594 1545,595 1572,596 1599,597 1626,597 1653,599 1680,600 1707,601 1734,602 1761,604 1788,606 1815,609 1842,611 1869,614 1896,616 1923,620 1950,623"/>
                <TextEquiv>
                    <Unicode>verlüffen, uffgehept, hin und ab</Unicode>
                </TextEquiv>
            </TextLine>
            <TextLine id="r1l6" custom="readingOrder {index:5;}">
                <Coords points="1404,657 1481,635 1538,653 1635,637 1725,665 1841,651 1975,673 1977,634 1817,629 1697,598 1651,618 1407,598"/>
                <Baseline points="1416,633 1443,633 1470,633 1498,633 1525,633 1553,635 1580,635 1608,637 1635,638 1663,640 1690,641 1717,642 1745,645 1772,647 1800,648 1827,651 1855,653 1882,655 1910,657 1937,660 1965,662"/>
                <TextEquiv>
                    <Unicode>hiemitt Jede partig zu Iremstandt</Unicode>
                </TextEquiv>
            </TextLine>
            <TextLine id="r1l7" custom="readingOrder {index:6;}">
                <Coords points="1393,700 1472,679 1569,704 1618,682 1648,702 1749,686 1785,706 1841,696 1893,728 1929,705 1953,716 1955,681 1841,651 1732,665 1585,637 1395,657"/>
                <Baseline points="1404,677 1432,677 1460,677 1489,677 1517,677 1545,678 1574,678 1602,680 1630,680 1659,681 1687,683 1716,684 1744,686 1772,687 1801,690 1829,692 1857,695 1886,697 1914,699 1943,704"/>
                <TextEquiv>
                    <Unicode>hrer Ehren wol verwahrt syn</Unicode>
                </TextEquiv>
            </TextLine>
            <TextLine id="r1l8" custom="readingOrder {index:7;}">
                <Coords points="1359,738 1490,737 1572,712 1606,737 1711,723 1735,741 1795,727 1855,761 1879,739 1903,761 1967,753 1968,718 1932,706 1361,682"/>
                <Baseline points="1370,720 1399,720 1428,719 1457,719 1487,719 1516,719 1545,719 1575,719 1604,719 1633,720 1663,721 1692,723 1721,724 1750,726 1780,729 1809,731 1838,734 1868,737 1897,742 1926,745 1956,749"/>
                <TextEquiv>
                    <Unicode>Sie hieuor vßgemachte, vnd so wol</Unicode>
                </TextEquiv>
            </TextLine>
            <TextLine id="r1l9" custom="readingOrder {index:8;}">
                <Coords points="1359,782 1420,760 1642,757 1856,791 1896,774 1942,801 1961,796 1963,755 1821,747 1795,727 1606,735 1572,713 1495,735 1445,739 1427,721 1361,735"/>
                <Baseline points="1370,756 1399,756 1428,755 1457,755 1486,755 1515,755 1544,755 1573,755 1602,756 1631,758 1661,759 1690,760 1719,762 1748,764 1777,765 1806,768 1835,770 1864,772 1893,775 1922,778 1952,780"/>
                <TextEquiv>
                    <Unicode>durch sonderbare Schidherren vnd</Unicode>
                </TextEquiv>
            </TextLine>
            <TextLine id="r1l10" custom="readingOrder {index:9;}">
                <Coords points="1378,804 1765,803 1795,829 1902,815 1988,839 1978,783 1936,802 1898,775 1764,786 1654,757 1380,765"/>
                <Baseline points="1388,800 1417,799 1446,797 1476,797 1505,797 1535,795 1564,795 1594,797 1623,797 1653,797 1682,798 1711,799 1741,801 1770,804 1800,806 1829,808 1859,812 1888,814 1918,817 1947,822 1977,827"/>
                <TextEquiv>
                    <Unicode>die Oberkeit selbs, als dero Ampt-</Unicode>
                </TextEquiv>
            </TextLine>
            <TextLine id="r1l11" custom="readingOrder {index:10;}">
                <Coords points="1377,847 1702,839 1737,857 1790,844 1843,871 1885,854 1915,876 1979,870 1980,839 1954,826 1857,828 1790,801 1726,817 1611,796 1557,813 1379,804"/>
                <Baseline points="1388,840 1417,839 1446,839 1475,837 1504,837 1533,836 1562,836 1591,837 1620,837 1649,837 1678,839 1707,840 1736,840 1765,843 1794,845 1823,847 1852,849 1881,852 1910,856 1939,859 1968,863"/>
                <TextEquiv>
                    <Unicode>lit verhaußlete vnd hingelegte</Unicode>
                </TextEquiv>
            </TextLine>
            <TextLine id="r1l12" custom="readingOrder {index:11;}">
                <Coords points="1388,881 1439,897 1569,879 1640,901 1760,884 1995,918 1997,873 1702,839 1389,842"/>
                <Baseline points="1398,876 1427,876 1456,876 1486,876 1515,876 1544,876 1574,876 1603,878 1632,878 1662,878 1691,879 1720,881 1750,881 1779,882 1808,885 1838,886 1867,889 1896,891 1926,894 1955,896 1985,900"/>
                <TextEquiv>
                    <Unicode>sachen nit wyter berühren, sondern</Unicode>
                </TextEquiv>
            </TextLine>
            <TextLine id="r1l13" custom="readingOrder {index:12;}">
                <Coords points="1395,923 1462,942 1529,918 1635,940 1665,923 1749,926 1953,954 1974,951 1976,910 1707,883 1622,899 1568,878 1396,890"/>
                <Baseline points="1406,918 1433,918 1461,917 1489,917 1517,917 1545,917 1573,917 1601,917 1629,918 1657,918 1685,920 1712,920 1740,921 1768,923 1796,926 1824,927 1852,929 1880,931 1908,934 1936,936 1964,939"/>
                <TextEquiv>
                    <Unicode>es by dem wag darüber ußgesprochen</Unicode>
                </TextEquiv>
            </TextLine>
            <TextLine id="r1l14" custom="readingOrder {index:13;}">
                <Coords points="1382,972 1800,965 1832,989 1908,980 1986,1003 1987,945 1905,954 1667,923 1634,941 1542,920 1432,942 1383,922"/>
                <Baseline points="1392,962 1421,960 1450,960 1479,959 1509,959 1538,959 1567,959 1596,959 1626,959 1655,959 1684,959 1713,960 1743,962 1772,962 1801,963 1830,966 1860,967 1889,969 1918,972 1947,974 1977,977"/>
                <TextEquiv>
                    <Unicode>worden, beruwen vnd bewenden lassen</Unicode>
                </TextEquiv>
            </TextLine>
            <TextLine id="r1l15" custom="readingOrder {index:14;}">
                <Coords points="1387,1015 1468,1002 1508,1024 1608,1001 1732,1025 1990,1019 1976,982 1836,987 1746,962 1612,981 1553,961 1388,969"/>
                <Baseline points="1397,1001 1426,1001 1455,999 1484,999 1513,999 1542,999 1571,999 1600,1000 1629,1001 1658,1001 1688,1001 1717,1002 1746,1004 1775,1004 1804,1005 1833,1007 1862,1008 1891,1009 1920,1011 1949,1013 1979,1014"/>
                <TextEquiv>
                    <Unicode>fridlich vnd gebürlich gegen einandern</Unicode>
                </TextEquiv>
            </TextLine>
            <TextLine id="r1l16" custom="readingOrder {index:15;}">
                <Coords points="1403,1046 1448,1039 1484,1061 1508,1043 1612,1039 1665,1063 1701,1041 1787,1054 1833,1034 1885,1065 1972,1063 1973,1017 1404,1005"/>
                <Baseline points="1413,1037 1440,1037 1467,1037 1495,1037 1522,1037 1550,1038 1577,1038 1605,1038 1632,1038 1660,1040 1687,1040 1714,1041 1742,1041 1769,1043 1797,1043 1824,1044 1852,1046 1879,1047 1907,1048 1934,1049 1962,1050"/>
                <TextEquiv>
                    <Unicode>läben, die Cleger, als syne zu</Unicode>
                </TextEquiv>
            </TextLine>
            <TextLine id="r1l17" custom="readingOrder {index:16;}">
                <Coords points="1400,1095 1622,1078 1673,1099 1774,1101 1820,1079 1971,1102 1972,1063 1879,1061 1822,1036 1785,1056 1565,1036 1401,1048"/>
                <Baseline points="1410,1077 1437,1077 1465,1076 1492,1076 1520,1076 1548,1076 1575,1076 1603,1076 1630,1076 1658,1077 1686,1077 1713,1077 1741,1079 1768,1079 1796,1080 1824,1080 1851,1082 1879,1082 1906,1083 1934,1083 1962,1083"/>
                <TextEquiv>
                    <Unicode>hörer, sich mittlydig gegen Ihm er¬</Unicode>
                </TextEquiv>
            </TextLine>
            <TextLine id="r1l18" custom="readingOrder {index:17;}">
                <Coords points="1396,1117 1485,1134 1651,1112 1778,1144 1873,1125 1984,1132 1985,1099 1907,1087 1886,1103 1821,1077 1798,1099 1669,1078 1397,1093"/>
                <Baseline points="1406,1113 1434,1113 1462,1113 1491,1113 1519,1113 1548,1114 1576,1115 1604,1115 1633,1116 1661,1116 1690,1116 1718,1118 1746,1118 1775,1119 1803,1119 1832,1121 1860,1121 1888,1122 1917,1122 1945,1124 1974,1124"/>
                <TextEquiv>
                    <Unicode>zeigen, vnd Imme wegen standts vnd</Unicode>
                </TextEquiv>
            </TextLine>
            <TextLine id="r1l19" custom="readingOrder {index:18;}">
                <Coords points="1392,1168 1656,1161 1725,1183 1808,1161 1850,1182 1880,1164 1980,1189 1967,1129 1777,1143 1755,1126 1681,1139 1654,1118 1586,1131 1556,1116 1451,1134 1394,1112"/>
                <Baseline points="1403,1158 1431,1157 1459,1157 1488,1157 1516,1157 1544,1157 1573,1157 1601,1157 1629,1158 1658,1158 1686,1159 1714,1160 1743,1160 1771,1161 1799,1162 1828,1163 1856,1164 1884,1166 1913,1167 1941,1169 1970,1170"/>
                <TextEquiv>
                    <Unicode>Alters etwas vorgeben vnd vber¬</Unicode>
                </TextEquiv>
            </TextLine>
            <TextLine id="r1l20" custom="readingOrder {index:19;}">
                <Coords points="1417,1211 1506,1202 1532,1217 1600,1195 1672,1222 1691,1206 1791,1205 1814,1222 1991,1209 1991,1183 1878,1165 1849,1183 1808,1160 1734,1180 1418,1160"/>
                <Baseline points="1427,1200 1454,1200 1482,1199 1509,1199 1537,1199 1565,1197 1592,1197 1620,1197 1648,1197 1675,1199 1703,1199 1731,1199 1758,1200 1786,1200 1814,1200 1841,1202 1869,1202 1897,1203 1924,1203 1952,1205 1980,1205"/>
                <TextEquiv>
                    <Unicode>echen, imme allen gebürenden re¬</Unicode>
                </TextEquiv>
            </TextLine>
            <TextLine id="r1l21" custom="readingOrder {index:20;}">
                <Coords points="1390,1262 1441,1242 1577,1239 1626,1257 1667,1243 1710,1266 1745,1238 1819,1267 1850,1246 1975,1247 1976,1221 1820,1201 1690,1206 1669,1223 1554,1199 1532,1218 1503,1203 1390,1221"/>
                <Baseline points="1401,1241 1429,1241 1457,1241 1485,1239 1513,1239 1542,1239 1570,1239 1598,1239 1626,1239 1654,1239 1683,1239 1711,1239 1739,1240 1767,1241 1795,1241 1824,1241 1852,1242 1880,1242 1908,1242 1936,1244 1965,1244"/>
                <TextEquiv>
                    <Unicode>spect bewysen, er dann (wie er</Unicode>
                </TextEquiv>
            </TextLine>
            <TextLine id="r1l22" custom="readingOrder {index:21;}">
                <Coords points="1418,1289 1455,1284 1478,1307 1619,1280 1650,1299 1673,1280 1697,1297 1802,1282 1948,1297 1975,1282 1975,1247 1850,1247 1825,1264 1745,1239 1708,1262 1669,1243 1418,1249"/>
                <Baseline points="1428,1281 1454,1281 1481,1281 1508,1281 1535,1281 1562,1281 1589,1281 1615,1281 1642,1281 1669,1281 1696,1281 1723,1281 1750,1281 1777,1281 1803,1281 1830,1281 1857,1281 1884,1281 1911,1281 1938,1281 1965,1281"/>
                <TextEquiv>
                    <Unicode>absünderlich vermahnt worden)</Unicode>
                </TextEquiv>
            </TextLine>
            <TextLine id="r1l23" custom="readingOrder {index:22;}">
                <Coords points="1408,1330 1582,1352 1620,1327 1710,1344 1829,1324 1876,1355 1901,1335 1975,1337 1975,1282 1910,1298 1821,1283 1696,1297 1673,1280 1651,1299 1626,1280 1599,1298 1408,1291"/>
                <Baseline points="1418,1323 1445,1323 1472,1323 1500,1323 1527,1323 1554,1323 1582,1323 1609,1323 1636,1324 1664,1325 1691,1325 1718,1325 1746,1325 1773,1325 1800,1325 1828,1325 1855,1325 1882,1326 1910,1326 1937,1325 1965,1325"/>
                <TextEquiv>
                    <Unicode>sich vor Korn, vnd plicular sachen</Unicode>
                </TextEquiv>
            </TextLine>
            <TextLine id="r1l24" custom="readingOrder {index:23;}">
                <Coords points="1386,1394 1466,1366 1592,1368 1616,1393 1688,1371 1960,1384 1974,1345 1590,1325 1536,1345 1456,1329 1386,1347"/>
                <Baseline points="1397,1374 1425,1371 1453,1370 1482,1368 1510,1367 1538,1365 1567,1365 1595,1365 1623,1365 1652,1365 1680,1365 1708,1366 1737,1367 1765,1367 1793,1368 1822,1369 1850,1370 1878,1370 1907,1371 1935,1371 1964,1371"/>
                <TextEquiv>
                    <Unicode>vff dem Cantzel anzeruhren, hüten</Unicode>
                </TextEquiv>
            </TextLine>
            <TextLine id="r1l25" custom="readingOrder {index:24;}">
                <Coords points="1400,1414 1430,1426 1529,1409 1562,1428 1593,1408 1714,1405 1759,1435 1866,1416 1940,1435 1973,1427 1974,1384 1850,1370 1815,1392 1789,1369 1741,1387 1700,1370 1612,1390 1538,1366 1433,1383 1400,1370"/>
                <Baseline points="1410,1409 1437,1407 1465,1407 1492,1407 1520,1407 1548,1407 1575,1407 1603,1407 1630,1407 1658,1407 1686,1409 1713,1409 1741,1409 1768,1410 1796,1410 1824,1412 1851,1412 1879,1412 1906,1413 1934,1413 1962,1413"/>
                <TextEquiv>
                    <Unicode>Vnd die wyl er nit bekantlich, deß</Unicode>
                </TextEquiv>
            </TextLine>
            <TextLine id="r1l26" custom="readingOrder {index:25;}">
                <Coords points="1393,1457 1689,1447 1871,1476 1956,1452 1992,1469 1993,1416 1779,1432 1644,1403 1393,1420"/>
                <Baseline points="1403,1446 1432,1445 1461,1443 1490,1442 1519,1442 1548,1442 1577,1442 1606,1443 1635,1443 1664,1445 1693,1446 1722,1447 1751,1448 1780,1449 1809,1449 1838,1449 1867,1449 1896,1449 1925,1449 1954,1448 1983,1446"/>
                <TextEquiv>
                    <Unicode>1. punctens halb die gantze gmeind</Unicode>
                </TextEquiv>
            </TextLine>
            <TextLine id="r1l27" custom="readingOrder {index:26;}">
                <Coords points="1387,1499 1505,1478 1716,1499 1751,1485 1864,1510 1884,1494 1985,1500 1986,1459 1910,1472 1546,1444 1388,1464"/>
                <Baseline points="1397,1482 1427,1482 1457,1481 1488,1481 1518,1481 1549,1482 1579,1482 1610,1482 1640,1484 1671,1485 1701,1485 1732,1487 1762,1487 1793,1488 1823,1488 1854,1489 1884,1490 1915,1490 1945,1490 1976,1490"/>
                <TextEquiv>
                    <Unicode>genamset ze haben, es darby ver¬</Unicode>
                </TextEquiv>
            </TextLine>
            <TextLine id="r1l28" custom="readingOrder {index:27;}">
                <Coords points="1399,1540 1728,1529 1752,1554 1843,1558 1981,1541 1981,1510 1813,1508 1757,1486 1708,1506 1620,1486 1591,1508 1505,1478 1400,1495"/>
                <Baseline points="1410,1523 1438,1523 1466,1523 1494,1523 1522,1523 1550,1524 1578,1524 1606,1524 1634,1526 1662,1526 1690,1527 1718,1527 1746,1528 1774,1529 1802,1529 1830,1530 1858,1530 1886,1530 1914,1530 1942,1530 1971,1529"/>
                <TextEquiv>
                    <Unicode>blyben, vnd die Irer Ehren wol ver¬</Unicode>
                </TextEquiv>
            </TextLine>
            <TextLine id="r1l29" custom="readingOrder {index:28;}">
                <Coords points="1390,1584 1448,1584 1468,1571 1497,1594 1520,1586 1598,1594 1619,1585 1678,1593 1699,1583 1698,1532 1686,1530 1530,1528 1507,1542 1456,1528 1438,1547 1390,1537"/>
                <Baseline points="1400,1565 1426,1566 1452,1566 1478,1566 1505,1566 1531,1566 1557,1565 1583,1565 1610,1565 1636,1565 1662,1565 1689,1566"/>
                <TextEquiv>
                    <Unicode>wahrt seyn sölle.</Unicode>
                </TextEquiv>
            </TextLine>
            <TextLine id="r1l30" custom="readingOrder {index:29;}">
                <Coords points="1397,1643 1724,1633 1890,1657 1919,1634 1956,1639 1954,1591 1765,1596 1745,1617 1714,1590 1535,1607 1398,1577"/>
                <Baseline points="1407,1631 1435,1631 1463,1631 1492,1632 1520,1632 1548,1632 1577,1632 1605,1633 1633,1634 1662,1634 1690,1634 1719,1634 1747,1635 1775,1635 1804,1635 1832,1635 1860,1635 1889,1634 1917,1634 1946,1634"/>
                <TextEquiv>
                    <Unicode>Hieneben Ist beiden Landtlüt für</Unicode>
                </TextEquiv>
            </TextLine>
            <TextLine id="r1l31" custom="readingOrder {index:30;}">
                <Coords points="1418,1676 1498,1672 1526,1691 1551,1670 1633,1671 1660,1694 1699,1669 1792,1688 1857,1672 1911,1689 1991,1673 1991,1620 1874,1652 1726,1632 1666,1648 1418,1633"/>
                <Baseline points="1427,1671 1454,1669 1482,1668 1509,1667 1537,1666 1565,1665 1592,1665 1620,1665 1648,1666 1675,1667 1703,1667 1731,1668 1758,1668 1786,1669 1814,1670 1841,1670 1869,1670 1897,1670 1924,1670 1952,1670 1980,1668"/>
                <TextEquiv>
                    <Unicode>gehalten worden, daß Inen nit zu¬</Unicode>
                </TextEquiv>
            </TextLine>
            <TextLine id="r1l32" custom="readingOrder {index:31;}">
                <Coords points="1414,1708 1624,1721 1708,1705 1766,1726 1856,1706 1957,1710 1957,1679 1937,1673 1914,1687 1856,1673 1723,1685 1708,1670 1550,1672 1528,1688 1415,1677"/>
                <Baseline points="1424,1704 1450,1704 1476,1704 1502,1704 1528,1704 1554,1704 1580,1704 1606,1704 1632,1704 1658,1704 1685,1704 1711,1704 1737,1704 1763,1704 1789,1704 1815,1704 1841,1704 1867,1705 1893,1706 1919,1706 1946,1707"/>
                <TextEquiv>
                    <Unicode>stande, die gmeind wie er ge¬</Unicode>
                </TextEquiv>
            </TextLine>
            <TextLine id="r1l33" custom="readingOrder {index:32;}">
                <Coords points="1399,1751 1730,1742 1769,1768 1826,1739 1896,1759 1978,1745 1978,1715 1935,1721 1912,1703 1838,1724 1775,1704 1732,1721 1672,1705 1631,1724 1551,1704 1399,1714"/>
                <Baseline points="1409,1743 1438,1743 1467,1743 1497,1743 1526,1743 1556,1743 1585,1742 1614,1742 1644,1742 1673,1742 1703,1742 1732,1741 1762,1740 1791,1740 1820,1740 1850,1740 1879,1739 1909,1739 1938,1739 1968,1739"/>
                <TextEquiv>
                    <Unicode>klagt, sy zum andern mal gethan</Unicode>
                </TextEquiv>
            </TextLine>
            <TextLine id="r1l34" custom="readingOrder {index:33;}">
                <Coords points="1397,1798 1450,1782 1561,1802 1641,1784 1664,1801 1734,1797 1750,1782 1917,1797 1966,1781 1966,1744 1896,1758 1824,1739 1773,1766 1730,1741 1547,1759 1397,1749"/>
                <Baseline points="1406,1784 1433,1781 1460,1780 1488,1779 1515,1779 1543,1778 1570,1778 1598,1779 1625,1779 1653,1779 1680,1781 1707,1781 1735,1781 1762,1782 1790,1782 1817,1782 1845,1782 1872,1782 1900,1781 1927,1779 1955,1778"/>
                <TextEquiv>
                    <Unicode>habent, stillstahn geheissen, vnd</Unicode>
                </TextEquiv>
            </TextLine>
            <TextLine id="r1l35" custom="readingOrder {index:34;}">
                <Coords points="1396,1832 1512,1816 1586,1838 1713,1818 1914,1842 1986,1826 1986,1776 1916,1797 1643,1783 1551,1799 1466,1781 1396,1797"/>
                <Baseline points="1406,1823 1434,1820 1463,1819 1491,1818 1520,1818 1548,1817 1577,1817 1605,1817 1634,1817 1662,1818 1691,1818 1720,1818 1748,1818 1777,1820 1805,1820 1834,1820 1862,1820 1891,1820 1919,1818 1948,1817 1977,1815"/>
                <TextEquiv>
                    <Unicode>wider Iren predicanten Kundtsch</Unicode>
                </TextEquiv>
            </TextLine>
            <TextLine id="r1l36" custom="readingOrder {index:35;}">
                <Coords points="1399,1885 1481,1860 1569,1879 1606,1860 1931,1873 1984,1865 1985,1826 1913,1842 1812,1823 1730,1838 1711,1821 1586,1838 1512,1815 1399,1831"/>
                <Baseline points="1409,1862 1437,1860 1465,1859 1493,1859 1522,1857 1550,1857 1578,1857 1606,1857 1635,1857 1663,1857 1691,1857 1719,1857 1748,1857 1776,1857 1804,1859 1832,1859 1861,1859 1889,1859 1917,1860 1945,1860 1974,1860"/>
                <TextEquiv>
                    <Unicode>vfzenemmen, Mitt ernstiger ver¬</Unicode>
                </TextEquiv>
            </TextLine>
            <TextLine id="r1l37" custom="readingOrder {index:36;}">
                <Coords points="1404,1905 1527,1897 1585,1920 1609,1903 1667,1928 1687,1907 1780,1899 1850,1928 1946,1907 1994,1927 1994,1866 1979,1864 1607,1860 1570,1881 1482,1860 1461,1879 1404,1877"/>
                <Baseline points="1413,1898 1441,1898 1470,1899 1498,1899 1527,1899 1555,1899 1584,1900 1612,1901 1641,1901 1669,1899 1698,1899 1726,1899 1755,1899 1783,1899 1812,1899 1840,1899 1869,1899 1897,1899 1926,1898 1954,1898 1983,1898"/>
                <TextEquiv>
                    <Unicode>mahnung, sich deß gwalts ins künf¬</Unicode>
                </TextEquiv>
            </TextLine>
            <TextLine id="r1l38" custom="readingOrder {index:37;}">
                <Coords points="1396,1962 1427,1972 1470,1972 1486,1962 1511,1972 1540,1947 1564,1951 1585,1972 1614,1959 1636,1972 1681,1963 1681,1916 1642,1920 1609,1904 1591,1918 1566,1918 1525,1900 1478,1912 1453,1902 1396,1905"/>
                <Baseline points="1406,1944 1432,1943 1459,1943 1485,1943 1512,1943 1538,1943 1565,1943 1591,1942 1618,1942 1644,1943 1671,1943"/>
                <TextEquiv>
                    <Unicode>tig ze vberheben.</Unicode>
                </TextEquiv>
            </TextLine>
            <TextLine id="r1l39" custom="readingOrder {index:38;}">
                <Coords points="1403,2022 1510,2014 1555,2033 1631,2018 1664,2040 1701,2020 1799,2037 1970,2027 1971,1979 1901,1987 1845,1960 1691,1989 1592,1972 1512,2000 1455,1998 1403,1962"/>
                <Baseline points="1413,2016 1440,2016 1467,2016 1495,2016 1522,2018 1550,2018 1577,2019 1604,2020 1632,2021 1659,2022 1687,2022 1714,2023 1741,2024 1769,2024 1796,2024 1824,2024 1851,2022 1878,2021 1906,2019 1933,2017 1961,2015"/>
                <TextEquiv>
                    <Unicode>Jenne der 2. matten halb, darab</Unicode>
                </TextEquiv>
            </TextLine>
            <TextLine id="r1l40" custom="readingOrder {index:39;}">
                <Coords points="1402,2057 1621,2070 1650,2056 1732,2076 1757,2062 1790,2081 1815,2062 1847,2077 1872,2059 1942,2072 1967,2058 1967,2027 1947,2023 1801,2038 1704,2020 1667,2036 1630,2019 1558,2034 1507,2015 1402,2024"/>
                <Baseline points="1412,2049 1439,2049 1466,2049 1493,2049 1520,2051 1548,2051 1575,2051 1602,2052 1629,2054 1656,2054 1684,2055 1711,2055 1738,2056 1765,2057 1792,2057 1820,2057 1847,2057 1874,2055 1901,2054 1928,2053 1956,2051"/>
                <TextEquiv>
                    <Unicode>die Clegere kein zehnden schuldig</Unicode>
                </TextEquiv>
            </TextLine>
            <TextLine id="r1l41" custom="readingOrder {index:40;}">
                <Coords points="1407,2097 1989,2104 1990,2056 1850,2075 1815,2050 1735,2074 1408,2056"/>
                <Baseline points="1418,2090 1446,2089 1474,2088 1502,2088 1530,2088 1558,2088 1586,2090 1614,2090 1642,2091 1670,2093 1698,2093 1726,2094 1754,2095 1782,2096 1810,2096 1838,2096 1866,2096 1894,2094 1922,2092 1950,2090 1979,2087"/>
                <TextEquiv>
                    <Unicode>ze syn vermeinend, sol zu handthab</Unicode>
                </TextEquiv>
            </TextLine>
            <TextLine id="r1l42" custom="readingOrder {index:41;}">
                <Coords points="1402,2151 1550,2126 1587,2151 1635,2129 1840,2148 1990,2125 1990,2104 1949,2091 1816,2115 1791,2096 1403,2098"/>
                <Baseline points="1413,2127 1441,2126 1469,2126 1497,2126 1526,2127 1554,2127 1582,2127 1611,2129 1639,2130 1667,2130 1696,2132 1724,2132 1752,2133 1780,2133 1809,2133 1837,2133 1865,2133 1894,2132 1922,2131 1950,2129 1979,2126"/>
                <TextEquiv>
                    <Unicode>ung der pfrund ynkommens, mitt</Unicode>
                </TextEquiv>
            </TextLine>
            <TextLine id="r1l43" custom="readingOrder {index:42;}">
                <Coords points="1391,2188 1432,2171 1534,2200 1621,2178 1666,2201 1993,2185 1993,2154 1904,2133 1847,2148 1635,2129 1557,2151 1539,2132 1391,2132"/>
                <Baseline points="1400,2172 1429,2172 1458,2172 1487,2172 1516,2174 1545,2174 1574,2174 1603,2174 1632,2174 1661,2175 1691,2175 1720,2175 1749,2175 1778,2175 1807,2175 1836,2175 1865,2174 1894,2174 1923,2174 1952,2172 1982,2172"/>
                <TextEquiv>
                    <Unicode>Hr Wolffgang Schnell, sonderbar ge¬</Unicode>
                </TextEquiv>
            </TextLine>
            <TextLine id="r1l44" custom="readingOrder {index:43;}">
                <Coords points="1402,2219 1425,2215 1445,2236 1464,2228 1480,2240 1493,2234 1513,2241 1544,2225 1563,2237 1593,2231 1594,2190 1577,2194 1563,2184 1545,2192 1532,2181 1520,2183 1502,2173 1450,2182 1432,2170 1424,2178 1403,2176"/>
                <Baseline points="1413,2210 1441,2213 1469,2213 1498,2214 1526,2214 1554,2213 1583,2214"/>
                <TextEquiv>
                    <Unicode>redt werden.</Unicode>
                </TextEquiv>
            </TextLine>
            <TextLine id="r1l45" custom="readingOrder {index:44;}">
                <Coords points="1372,2287 1911,2303 1962,2292 1964,2226 1883,2253 1789,2234 1729,2258 1559,2225 1464,2254 1419,2216 1374,2219"/>
                <Baseline points="1382,2279 1410,2277 1439,2277 1467,2278 1496,2279 1524,2279 1553,2280 1581,2282 1610,2283 1638,2284 1667,2285 1695,2286 1724,2286 1752,2288 1781,2288 1809,2288 1838,2288 1866,2288 1895,2287 1923,2286 1952,2285"/>
                <TextEquiv>
                    <Unicode>Vnd Ist hiemitt Jedem ein vrteil</Unicode>
                </TextEquiv>
            </TextLine>
            <TextLine id="r1l46" custom="readingOrder {index:45;}">
                <Coords points="1408,2329 1451,2332 1501,2315 1533,2330 1604,2320 1636,2333 1700,2318 1778,2337 1794,2331 1796,2290 1617,2296 1566,2280 1534,2293 1409,2290"/>
                <Baseline points="1419,2315 1445,2315 1471,2316 1497,2316 1523,2316 1549,2318 1575,2318 1602,2319 1628,2320 1654,2321 1680,2322 1706,2322 1732,2322 1758,2324 1785,2324"/>
                <TextEquiv>
                    <Unicode>gelt vffgelegt worden.</Unicode>
                </TextEquiv>
            </TextLine>
            <TextLine id="r1l47" custom="readingOrder {index:46;}">
                <Coords points="1600,2408 1705,2407 1739,2425 1759,2410 1783,2409 1805,2431 1892,2412 1894,2378 1837,2368 1822,2376 1789,2349 1763,2369 1714,2354 1681,2371 1664,2370 1641,2348 1623,2360 1603,2350"/>
                <Baseline points="1611,2399 1638,2400 1665,2400 1692,2402 1719,2403 1747,2405 1774,2406 1801,2408 1828,2409 1855,2411 1883,2412"/>
                <TextEquiv>
                    <Unicode>Burtzelen</Unicode>
                </TextEquiv>
            </TextLine>
            <TextLine id="r1l48" custom="readingOrder {index:47;}">
                <Coords points="1402,2468 1458,2455 1529,2471 1555,2455 1593,2474 1932,2489 1981,2479 1984,2428 1761,2445 1707,2408 1566,2400 1511,2431 1403,2435"/>
                <Baseline points="1413,2454 1440,2453 1468,2453 1496,2453 1524,2454 1552,2455 1580,2457 1608,2458 1636,2460 1664,2462 1692,2465 1719,2466 1747,2468 1775,2470 1803,2472 1831,2473 1859,2474 1887,2474 1915,2475 1943,2475 1971,2474"/>
                <TextEquiv>
                    <Unicode>Zwüschen Hans Koler dem schuch¬</Unicode>
                </TextEquiv>
            </TextLine>
            <TextLine id="r1l49" custom="readingOrder {index:48;}">
                <Coords points="1418,2493 1446,2505 1567,2484 1610,2514 1644,2497 1664,2519 1704,2502 1859,2527 1954,2514 1956,2485 1420,2462"/>
                <Baseline points="1428,2483 1453,2484 1479,2486 1505,2486 1531,2489 1557,2490 1582,2492 1608,2494 1634,2495 1660,2498 1686,2498 1711,2500 1737,2502 1763,2504 1789,2505 1815,2507 1840,2507 1866,2508 1892,2508 1918,2508 1944,2507"/>
                <TextEquiv>
                    <Unicode>macher vnd gemeltem h. un¬</Unicode>
                </TextEquiv>
            </TextLine>
            <TextLine id="r1l50" custom="readingOrder {index:49;}">
                <Coords points="1423,2542 1502,2534 1579,2559 1652,2538 1680,2562 1757,2568 1800,2548 1883,2575 1960,2558 1962,2515 1936,2508 1856,2526 1804,2503 1610,2509 1558,2483 1539,2501 1426,2497"/>
                <Baseline points="1434,2519 1459,2520 1485,2521 1511,2523 1537,2524 1563,2526 1588,2528 1614,2531 1640,2533 1666,2535 1692,2538 1717,2539 1743,2541 1769,2542 1795,2543 1821,2544 1846,2544 1872,2544 1898,2543 1924,2541 1950,2538"/>
                <TextEquiv>
                    <Unicode>rad erkent, Es solle derselb</Unicode>
                </TextEquiv>
            </TextLine>
            <TextEquiv>
                <Unicode>286.
Ward hieruff erkent, daß alle von
und werck, was sich vor in und
nach der visitation zwüschen Inen
verlüffen, uffgehept, hin und ab
hiemitt Jede partig zu Iremstandt
hrer Ehren wol verwahrt syn
Sie hieuor vßgemachte, vnd so wol
durch sonderbare Schidherren vnd
die Oberkeit selbs, als dero Ampt-
lit verhaußlete vnd hingelegte
sachen nit wyter berühren, sondern
es by dem wag darüber ußgesprochen
worden, beruwen vnd bewenden lassen
fridlich vnd gebürlich gegen einandern
läben, die Cleger, als syne zu
hörer, sich mittlydig gegen Ihm er¬
zeigen, vnd Imme wegen standts vnd
Alters etwas vorgeben vnd vber¬
echen, imme allen gebürenden re¬
spect bewysen, er dann (wie er
absünderlich vermahnt worden)
sich vor Korn, vnd plicular sachen
vff dem Cantzel anzeruhren, hüten
Vnd die wyl er nit bekantlich, deß
1. punctens halb die gantze gmeind
genamset ze haben, es darby ver¬
blyben, vnd die Irer Ehren wol ver¬
wahrt seyn sölle.
Hieneben Ist beiden Landtlüt für
gehalten worden, daß Inen nit zu¬
stande, die gmeind wie er ge¬
klagt, sy zum andern mal gethan
habent, stillstahn geheissen, vnd
wider Iren predicanten Kundtsch
vfzenemmen, Mitt ernstiger ver¬
mahnung, sich deß gwalts ins künf¬
tig ze vberheben.
Jenne der 2. matten halb, darab
die Clegere kein zehnden schuldig
ze syn vermeinend, sol zu handthab
ung der pfrund ynkommens, mitt
Hr Wolffgang Schnell, sonderbar ge¬
redt werden.
Vnd Ist hiemitt Jedem ein vrteil
gelt vffgelegt worden.
Burtzelen
Zwüschen Hans Koler dem schuch¬
macher vnd gemeltem h. un¬
rad erkent, Es solle derselb</Unicode>
            </TextEquiv>
        </TextRegion>
        <TextRegion orientation="0.0" id="r2" custom="readingOrder {index:1;}">
            <Coords points="2133,2278 2133,2428 2148,2428 2148,2278"/>
            <TextLine id="r2l1" custom="readingOrder {index:0;}">
                <Coords points="2123,2402 2135,2402 2139,2406 2158,2406 2158,2308 2145,2306 2133,2316 2123,2316"/>
                <Baseline points="2133,2378 2148,2378"/>
                <TextEquiv>
                    <Unicode>s</Unicode>
                </TextEquiv>
            </TextLine>
            <TextEquiv>
                <Unicode>s</Unicode>
            </TextEquiv>
        </TextRegion>
        <TextRegion orientation="0.0" id="r3" custom="readingOrder {index:2;}">
            <Coords points="2082,312 2082,2584 2804,2584 2804,312"/>
            <TextLine id="r3l1" custom="readingOrder {index:0;}">
                <Coords points="2597,350 2608,350 2612,346 2620,350 2632,340 2645,346 2651,342 2659,344 2669,333 2679,333 2679,294 2669,294 2661,286 2651,292 2640,284 2616,300 2610,294 2597,294"/>
                <Baseline points="2607,335 2638,332 2670,335"/>
                <TextEquiv>
                    <Unicode>287</Unicode>
                </TextEquiv>
            </TextLine>
            <TextLine id="r3l2" custom="readingOrder {index:1;}">
                <Coords points="2108,487 2224,445 2258,455 2495,396 2644,396 2685,377 2721,392 2709,319 2623,349 2507,340 2408,377 2258,371 2099,434"/>
                <Baseline points="2115,471 2144,462 2174,456 2204,449 2233,442 2263,435 2293,429 2322,424 2352,417 2382,412 2412,407 2441,402 2471,398 2501,394 2530,390 2560,387 2590,385 2619,382 2649,381 2679,380 2709,378"/>
                <TextEquiv>
                    <Unicode>n den noch restierenden mütt dinckel</Unicode>
                </TextEquiv>
            </TextLine>
            <TextLine id="r3l3" custom="readingOrder {index:2;}">
                <Coords points="2074,524 2290,469 2328,484 2404,448 2431,463 2513,432 2657,417 2653,392 2608,385 2224,445 2170,471 2063,453"/>
                <Baseline points="2082,501 2110,499 2138,495 2166,491 2194,486 2223,482 2251,476 2279,471 2307,465 2335,459 2364,454 2392,448 2420,442 2448,439 2476,434 2505,430 2533,427 2561,423 2589,420 2617,419 2646,419"/>
                <TextEquiv>
                    <Unicode>si der imme zugesprochen worden,</Unicode>
                </TextEquiv>
            </TextLine>
            <TextLine id="r3l4" custom="readingOrder {index:3;}">
                <Coords points="2091,562 2548,466 2676,476 2703,461 2693,394 2625,428 2216,482 2085,525"/>
                <Baseline points="2099,548 2128,541 2158,533 2188,527 2217,520 2247,514 2277,508 2306,502 2336,497 2366,491 2396,487 2425,482 2455,479 2485,474 2514,471 2544,467 2574,464 2603,462 2633,461 2663,459 2693,458"/>
                <TextEquiv>
                    <Unicode>abrichten, vnd Inne darumb befridig</Unicode>
                </TextEquiv>
            </TextLine>
            <TextLine id="r3l5" custom="readingOrder {index:4;}">
                <Coords points="2081,609 2286,550 2375,562 2505,513 2658,533 2736,511 2729,464 2654,463 2636,486 2551,469 2075,564"/>
                <Baseline points="2090,594 2121,586 2153,577 2184,570 2216,563 2248,556 2279,550 2311,543 2343,539 2374,534 2406,529 2438,525 2469,521 2501,517 2533,513 2564,510 2596,508 2628,505 2659,503 2691,501 2723,500"/>
                <TextEquiv>
                    <Unicode>so nit, widrumb für die ersten sprü¬</Unicode>
                </TextEquiv>
            </TextLine>
            <TextLine id="r3l6" custom="readingOrder {index:5;}">
                <Coords points="2105,642 2130,630 2151,641 2166,625 2186,627 2204,614 2224,627 2260,602 2294,612 2316,590 2333,591 2324,548 2285,551 2265,578 2230,569 2203,572 2171,579 2163,592 2152,590 2139,603 2098,610"/>
                <Baseline points="2112,630 2138,623 2164,617 2190,610 2216,604 2242,600 2268,595 2294,589 2321,584"/>
                <TextEquiv>
                    <Unicode>ver gewisen seyn.</Unicode>
                </TextEquiv>
            </TextLine>
            <TextLine id="r3l7" custom="readingOrder {index:6;}">
                <Coords points="2235,723 2261,733 2274,719 2297,725 2318,700 2352,714 2368,708 2383,717 2411,704 2433,716 2461,687 2491,700 2534,692 2529,641 2488,651 2451,624 2230,667"/>
                <Baseline points="2244,708 2269,704 2294,700 2320,697 2345,694 2370,692 2396,688 2421,686 2446,684 2472,683 2497,683 2523,681"/>
                <TextEquiv>
                    <Unicode>Marpurg.</Unicode>
                </TextEquiv>
            </TextLine>
            <TextLine id="r3l8" custom="readingOrder {index:7;}">
                <Coords points="2078,745 2098,738 2127,750 2142,728 2149,733 2164,723 2200,736 2212,721 2240,712 2224,617 2197,630 2167,626 2124,679 2093,682 2070,694"/>
                <Baseline points="2087,731 2115,728 2143,723 2171,717 2199,713 2228,710"/>
                <TextEquiv>
                    <Unicode>Wißbaden</Unicode>
                </TextEquiv>
            </TextLine>
            <TextLine id="r3l9" custom="readingOrder {index:8;}">
                <Coords points="2096,797 2187,776 2241,793 2287,761 2366,784 2478,738 2473,687 2435,716 2408,702 2354,717 2323,699 2297,725 2263,731 2214,720 2201,736 2141,732 2126,750 2090,740"/>
                <Baseline points="2106,785 2131,779 2157,774 2183,770 2209,765 2235,762 2261,759 2287,756 2312,753 2338,751 2364,749 2390,747 2416,746 2442,744 2468,743"/>
                <TextEquiv>
                    <Unicode>eichtenberg Zürich</Unicode>
                </TextEquiv>
            </TextLine>
            <TextLine id="r3l10" custom="readingOrder {index:9;}">
                <Coords points="2091,916 2215,880 2258,891 2683,849 2679,806 2599,784 2513,835 2454,794 2373,818 2280,813 2236,858 2176,832 2153,855 2086,858"/>
                <Baseline points="2099,896 2127,891 2156,887 2184,882 2213,879 2242,875 2270,872 2299,869 2328,867 2356,864 2385,861 2414,859 2442,857 2471,855 2500,853 2528,852 2557,850 2586,849 2614,848 2643,846 2672,846"/>
                <TextEquiv>
                    <Unicode>Hans Cunrad Herr, mitt Anna feuhr,</Unicode>
                </TextEquiv>
            </TextLine>
            <TextLine id="r3l11" custom="readingOrder {index:10;}">
                <Coords points="2086,942 2170,928 2190,943 2309,912 2339,926 2366,905 2452,898 2499,923 2585,888 2641,894 2638,853 2318,872 2257,892 2213,879 2178,903 2152,889 2105,916 2083,907"/>
                <Baseline points="2096,935 2122,931 2149,926 2176,923 2202,920 2229,916 2256,913 2282,910 2309,908 2336,906 2363,903 2389,901 2416,899 2443,897 2469,896 2496,894 2523,892 2549,891 2576,890 2603,888 2630,887"/>
                <TextEquiv>
                    <Unicode>vnd Hans Jegerman mitt Elisabeth</Unicode>
                </TextEquiv>
            </TextLine>
            <TextLine id="r3l12" custom="readingOrder {index:11;}">
                <Coords points="2088,982 2177,988 2281,950 2359,977 2433,945 2636,936 2639,894 2587,886 2503,919 2359,906 2338,927 2306,911 2248,935 2216,923 2189,942 2084,943"/>
                <Baseline points="2097,978 2123,975 2150,971 2177,967 2203,965 2230,962 2257,958 2283,955 2310,953 2337,951 2364,948 2390,947 2417,945 2444,942 2470,940 2497,939 2524,936 2550,935 2577,933 2604,932 2631,930"/>
                <TextEquiv>
                    <Unicode>Keüffli, Iren Ehersprochnen, zu</Unicode>
                </TextEquiv>
            </TextLine>
            <TextLine id="r3l13" custom="readingOrder {index:12;}">
                <Coords points="2089,1027 2384,1005 2408,988 2520,998 2617,969 2657,980 2680,968 2676,917 2647,938 2433,945 2398,971 2281,949 2238,978 2086,984"/>
                <Baseline points="2099,1017 2127,1013 2156,1009 2184,1005 2213,1002 2241,1000 2270,997 2298,995 2327,992 2355,989 2384,988 2412,985 2441,984 2469,982 2498,979 2526,978 2555,975 2583,973 2612,971 2640,969 2669,966"/>
                <TextEquiv>
                    <Unicode>Bümplin kilchenrecht ze thun er¬</Unicode>
                </TextEquiv>
            </TextLine>
            <TextLine id="r3l14" custom="readingOrder {index:13;}">
                <Coords points="2102,1063 2216,1071 2259,1043 2297,1058 2328,1037 2393,1045 2453,1025 2711,1024 2706,968 2682,968 2099,1027"/>
                <Baseline points="2112,1056 2141,1053 2170,1050 2200,1047 2229,1044 2258,1041 2288,1038 2317,1035 2346,1032 2376,1030 2405,1028 2434,1026 2464,1023 2493,1022 2522,1020 2552,1018 2581,1017 2610,1014 2640,1013 2669,1011 2699,1010"/>
                <TextEquiv>
                    <Unicode>lourt, jedoch daß wann die fahn</Unicode>
                </TextEquiv>
            </TextLine>
            <TextLine id="r3l15" custom="readingOrder {index:14;}">
                <Coords points="2091,1126 2316,1079 2406,1095 2500,1068 2555,1085 2599,1061 2652,1083 2680,1070 2677,1030 2488,1022 2086,1071"/>
                <Baseline points="2100,1103 2128,1099 2156,1095 2185,1091 2213,1088 2242,1084 2270,1082 2299,1079 2327,1077 2356,1074 2384,1073 2412,1070 2441,1068 2469,1067 2498,1064 2526,1063 2555,1062 2583,1059 2612,1058 2640,1056 2669,1055"/>
                <TextEquiv>
                    <Unicode>en frygeworbner knechten, vnder</Unicode>
                </TextEquiv>
            </TextLine>
            <TextLine id="r3l16" custom="readingOrder {index:15;}">
                <Coords points="2102,1154 2250,1147 2291,1123 2352,1141 2439,1116 2696,1107 2714,1103 2710,1046 2653,1083 2600,1060 2556,1086 2501,1068 2406,1094 2374,1078 2099,1117"/>
                <Baseline points="2112,1148 2141,1143 2171,1139 2200,1136 2230,1132 2259,1129 2289,1125 2318,1123 2348,1121 2377,1119 2407,1116 2437,1113 2466,1112 2496,1109 2525,1108 2555,1107 2584,1106 2614,1104 2643,1103 2673,1102 2703,1101"/>
                <TextEquiv>
                    <Unicode>weliche sy sich schryben lassen, nit vort¬</Unicode>
                </TextEquiv>
            </TextLine>
            <TextLine id="r3l17" custom="readingOrder {index:16;}">
                <Coords points="2114,1201 2242,1174 2337,1174 2369,1195 2455,1160 2634,1182 2691,1151 2688,1100 2638,1124 2604,1103 2535,1128 2438,1118 2351,1143 2290,1122 2175,1160 2111,1152"/>
                <Baseline points="2123,1184 2150,1183 2178,1180 2206,1178 2234,1175 2262,1173 2290,1171 2318,1169 2346,1167 2374,1165 2402,1163 2429,1161 2457,1160 2485,1158 2513,1157 2541,1155 2569,1154 2597,1152 2625,1151 2653,1149 2681,1146"/>
                <TextEquiv>
                    <Unicode>üchen wurden, sy in monatsfrist</Unicode>
                </TextEquiv>
            </TextLine>
            <TextLine id="r3l18" custom="readingOrder {index:17;}">
                <Coords points="2100,1247 2187,1251 2214,1228 2248,1247 2288,1225 2312,1240 2358,1222 2539,1222 2569,1211 2566,1160 2495,1159 2464,1180 2432,1167 2354,1192 2336,1176 2247,1174 2134,1201 2095,1179"/>
                <Baseline points="2108,1229 2133,1228 2158,1226 2183,1224 2208,1222 2233,1221 2258,1218 2283,1217 2308,1215 2333,1214 2358,1212 2383,1210 2408,1208 2433,1206 2458,1204 2483,1203 2508,1200 2533,1200 2558,1197"/>
                <TextEquiv>
                    <Unicode>den fläcken rumen sollindt</Unicode>
                </TextEquiv>
            </TextLine>
            <TextLine id="r3l19" custom="readingOrder {index:18;}">
                <Coords points="2542,1266 2556,1263 2569,1247 2576,1250 2590,1247 2582,1207 2572,1209 2571,1212 2562,1211 2554,1215 2540,1207 2530,1209"/>
                <Baseline points="2549,1247 2579,1241"/>
                <TextEquiv>
                    <Unicode>t</Unicode>
                </TextEquiv>
            </TextLine>
            <TextLine id="r3l20" custom="readingOrder {index:19;}">
                <Coords points="2109,1340 2338,1320 2378,1343 2416,1317 2489,1325 2509,1312 2538,1335 2600,1333 2597,1249 2568,1248 2538,1276 2461,1250 2400,1252 2343,1283 2306,1267 2273,1285 2239,1257 2142,1289 2106,1278"/>
                <Baseline points="2118,1323 2144,1322 2170,1321 2196,1320 2222,1319 2248,1319 2274,1317 2300,1316 2326,1316 2353,1314 2379,1313 2405,1313 2431,1311 2457,1311 2483,1310 2509,1310 2535,1308 2561,1308 2588,1307"/>
                <TextEquiv>
                    <Unicode>Müllenberg, Mons</Unicode>
                </TextEquiv>
            </TextLine>
            <TextLine id="r3l21" custom="readingOrder {index:20;}">
                <Coords points="2109,1430 2187,1409 2674,1414 2694,1405 2693,1356 2637,1351 2579,1382 2509,1380 2448,1342 2350,1380 2270,1360 2107,1371"/>
                <Baseline points="2118,1416 2146,1414 2174,1412 2202,1411 2231,1409 2259,1408 2287,1407 2316,1406 2344,1405 2372,1404 2401,1404 2429,1403 2457,1402 2485,1401 2514,1401 2542,1401 2570,1400 2599,1400 2627,1400 2655,1398 2684,1398"/>
                <TextEquiv>
                    <Unicode>vyl Andres Remund nit erschinnen</Unicode>
                </TextEquiv>
            </TextLine>
            <TextLine id="r3l22" custom="readingOrder {index:21;}">
                <Coords points="2125,1452 2158,1466 2398,1445 2460,1466 2530,1446 2625,1463 2688,1447 2688,1410 2125,1422"/>
                <Baseline points="2135,1449 2162,1448 2189,1446 2216,1446 2243,1445 2270,1445 2297,1445 2325,1443 2352,1443 2379,1443 2406,1442 2433,1442 2460,1442 2487,1442 2515,1440 2542,1440 2569,1440 2596,1439 2623,1438 2650,1437 2678,1436"/>
                <TextEquiv>
                    <Unicode>yner vor 10 wuchen geehlicheten</Unicode>
                </TextEquiv>
            </TextLine>
            <TextLine id="r3l23" custom="readingOrder {index:22;}">
                <Coords points="2119,1506 2164,1516 2211,1492 2283,1491 2429,1505 2515,1485 2602,1502 2639,1485 2686,1504 2701,1502 2700,1451 2529,1447 2496,1464 2295,1447 2118,1467"/>
                <Baseline points="2129,1488 2157,1488 2185,1487 2213,1487 2241,1485 2269,1485 2297,1485 2325,1484 2353,1484 2381,1484 2409,1484 2437,1482 2465,1482 2493,1482 2521,1481 2549,1481 2577,1481 2605,1479 2633,1479 2661,1478 2690,1478"/>
                <TextEquiv>
                    <Unicode>frouwen bscheid zugeben, ist an die</Unicode>
                </TextEquiv>
            </TextLine>
            <TextLine id="r3l24" custom="readingOrder {index:23;}">
                <Coords points="2128,1549 2296,1530 2344,1552 2383,1530 2498,1523 2628,1538 2654,1521 2730,1542 2729,1499 2657,1502 2639,1484 2614,1504 2456,1487 2429,1506 2297,1487 2127,1502"/>
                <Baseline points="2139,1533 2168,1532 2197,1530 2226,1529 2255,1527 2284,1527 2313,1526 2342,1526 2371,1524 2400,1524 2429,1523 2458,1523 2487,1521 2516,1521 2545,1521 2574,1520 2603,1520 2632,1518 2661,1518 2690,1518 2720,1517"/>
                <TextEquiv>
                    <Unicode>E. geschriben worden, beidersamen</Unicode>
                </TextEquiv>
            </TextLine>
            <TextLine id="r3l25" custom="readingOrder {index:24;}">
                <Coords points="2119,1579 2252,1568 2271,1584 2305,1565 2347,1589 2447,1586 2474,1563 2626,1593 2686,1567 2721,1583 2720,1530 2118,1540"/>
                <Baseline points="2129,1568 2158,1568 2187,1568 2216,1566 2245,1566 2274,1566 2303,1565 2332,1565 2361,1565 2390,1563 2420,1563 2449,1563 2478,1563 2507,1562 2536,1562 2565,1562 2594,1562 2623,1563 2652,1563 2681,1563 2711,1563"/>
                <TextEquiv>
                    <Unicode>ein andern tag anzusetzen. Wyl</Unicode>
                </TextEquiv>
            </TextLine>
            <TextLine id="r3l26" custom="readingOrder {index:25;}">
                <Coords points="2134,1629 2234,1611 2456,1623 2499,1606 2686,1622 2711,1616 2711,1579 2661,1583 2595,1555 2554,1581 2468,1567 2448,1586 2347,1589 2299,1565 2269,1584 2201,1569 2133,1584"/>
                <Baseline points="2144,1613 2171,1612 2199,1611 2227,1610 2255,1608 2283,1608 2310,1607 2338,1607 2366,1607 2394,1607 2422,1606 2449,1605 2477,1605 2505,1605 2533,1605 2561,1605 2588,1605 2616,1605 2644,1605 2672,1605 2700,1605"/>
                <TextEquiv>
                    <Unicode>y ab imme klagt, daß er in 14 tag</Unicode>
                </TextEquiv>
            </TextLine>
            <TextLine id="r3l27" custom="readingOrder {index:26;}">
                <Coords points="2119,1661 2744,1654 2743,1615 2719,1601 2688,1624 2669,1607 2565,1626 2298,1609 2119,1632"/>
                <Baseline points="2129,1653 2159,1652 2189,1652 2219,1650 2249,1650 2280,1649 2310,1649 2340,1647 2370,1647 2400,1647 2431,1647 2461,1647 2491,1647 2521,1647 2551,1647 2582,1647 2612,1649 2642,1649 2672,1649 2702,1650 2733,1652"/>
                <TextEquiv>
                    <Unicode>nach dem kilchgang von ira gloffen,</Unicode>
                </TextEquiv>
            </TextLine>
            <TextLine id="r3l28" custom="readingOrder {index:27;}">
                <Coords points="2119,1707 2193,1694 2259,1714 2304,1695 2356,1711 2430,1694 2444,1709 2479,1698 2543,1720 2644,1720 2643,1672 2559,1648 2425,1670 2384,1653 2195,1673 2119,1661"/>
                <Baseline points="2130,1691 2155,1692 2180,1692 2205,1692 2230,1692 2256,1692 2281,1692 2306,1692 2331,1691 2356,1691 2382,1689 2407,1689 2432,1689 2457,1689 2482,1689 2508,1689 2533,1689 2558,1689 2583,1689 2608,1691 2634,1692"/>
                <TextEquiv>
                    <Unicode>vnd nit mitt Iren hußhalte</Unicode>
                </TextEquiv>
            </TextLine>
            <TextLine id="r3l29" custom="readingOrder {index:28;}">
                <Coords points="2639,1717 2658,1715 2673,1726 2695,1731 2719,1725 2727,1729 2739,1728 2747,1669 2728,1671 2716,1667 2698,1679 2685,1663 2681,1667 2677,1662 2657,1676 2645,1672"/>
                <Baseline points="2651,1698 2678,1700 2705,1702 2732,1710"/>
                <TextEquiv>
                    <Unicode>.</Unicode>
                </TextEquiv>
            </TextLine>
            <TextLine id="r3l30" custom="readingOrder {index:29;}">
                <Coords points="2135,1800 2248,1823 2589,1809 2589,1751 2556,1737 2501,1755 2457,1737 2381,1737 2353,1753 2330,1741 2291,1759 2231,1736 2188,1763 2135,1744"/>
                <Baseline points="2144,1797 2169,1796 2195,1796 2220,1796 2246,1796 2271,1796 2297,1797 2323,1797 2348,1797 2374,1797 2399,1797 2425,1797 2451,1797 2476,1797 2502,1797 2527,1797 2553,1797 2579,1797"/>
                <TextEquiv>
                    <Unicode>Krouw. Bern. Biel.</Unicode>
                </TextEquiv>
            </TextLine>
            <TextLine id="r3l31" custom="readingOrder {index:30;}">
                <Coords points="2104,1882 2271,1879 2318,1900 2478,1878 2620,1901 2719,1881 2776,1902 2776,1834 2717,1817 2511,1855 2433,1814 2334,1856 2304,1825 2166,1833 2105,1812"/>
                <Baseline points="2114,1875 2146,1875 2179,1875 2211,1875 2244,1875 2276,1875 2309,1875 2341,1875 2374,1875 2406,1875 2439,1875 2472,1875 2504,1875 2537,1875 2569,1875 2602,1877 2634,1877 2667,1877 2699,1878 2732,1879 2765,1880"/>
                <TextEquiv>
                    <Unicode>Lienhart Lutz, ein hutmacher gsell, hatt</Unicode>
                </TextEquiv>
            </TextLine>
            <TextLine id="r3l32" custom="readingOrder {index:31;}">
                <Coords points="2150,1919 2247,1911 2302,1936 2378,1916 2431,1941 2460,1916 2565,1914 2637,1935 2727,1921 2728,1884 2397,1897 2271,1879 2150,1895"/>
                <Baseline points="2160,1914 2187,1914 2215,1913 2243,1913 2271,1913 2299,1913 2327,1913 2355,1913 2383,1913 2411,1913 2439,1913 2466,1914 2494,1914 2522,1914 2550,1914 2578,1914 2606,1914 2634,1914 2662,1914 2690,1914 2718,1914"/>
                <TextEquiv>
                    <Unicode>zwar wegen der zwüschen ihm und</Unicode>
                </TextEquiv>
            </TextLine>
            <TextLine id="r3l33" custom="readingOrder {index:32;}">
                <Coords points="2130,1962 2377,1954 2414,1972 2453,1954 2494,1972 2584,1950 2712,1966 2736,1956 2736,1913 2642,1931 2564,1915 2424,1933 2247,1912 2130,1925"/>
                <Baseline points="2141,1950 2170,1950 2199,1950 2228,1950 2258,1950 2287,1950 2316,1950 2345,1950 2375,1950 2404,1950 2433,1950 2462,1950 2492,1950 2521,1950 2550,1950 2579,1950 2609,1950 2638,1950 2667,1950 2696,1950 2726,1952"/>
                <TextEquiv>
                    <Unicode>Esther Abraham beschechnen ehliche</Unicode>
                </TextEquiv>
            </TextLine>
            <TextLine id="r3l34" custom="readingOrder {index:33;}">
                <Coords points="2126,1997 2224,2010 2261,1991 2399,2017 2428,1994 2448,2010 2473,1992 2769,1997 2769,1964 2728,1956 2126,1964"/>
                <Baseline points="2135,1989 2166,1989 2197,1989 2228,1989 2259,1989 2291,1989 2322,1989 2353,1989 2384,1989 2415,1989 2447,1989 2478,1989 2509,1989 2540,1989 2571,1989 2603,1989 2634,1989 2665,1991 2696,1991 2727,1991 2759,1991"/>
                <TextEquiv>
                    <Unicode>zusag, ein schryben vom Chorgricht</Unicode>
                </TextEquiv>
            </TextLine>
            <TextLine id="r3l35" custom="readingOrder {index:34;}">
                <Coords points="2131,2051 2248,2034 2460,2053 2571,2032 2727,2048 2741,1998 2593,2011 2472,1991 2400,2016 2260,1990 2223,2011 2131,1999"/>
                <Baseline points="2141,2034 2170,2033 2200,2033 2229,2033 2259,2033 2288,2033 2318,2031 2347,2031 2377,2031 2406,2031 2436,2031 2466,2031 2495,2031 2525,2031 2554,2031 2584,2031 2613,2031 2643,2031 2672,2031 2702,2030 2732,2030"/>
                <TextEquiv>
                    <Unicode>zu Biel yngelegt, Inhaltend, daß</Unicode>
                </TextEquiv>
            </TextLine>
            <TextLine id="r3l36" custom="readingOrder {index:35;}">
                <Coords points="2127,2096 2220,2073 2253,2095 2333,2074 2368,2091 2450,2074 2468,2092 2505,2074 2781,2089 2780,2036 2754,2030 2661,2053 2593,2032 2127,2047"/>
                <Baseline points="2138,2072 2169,2072 2201,2072 2232,2072 2264,2072 2296,2072 2327,2072 2359,2072 2391,2072 2422,2072 2454,2072 2486,2072 2517,2072 2549,2072 2581,2072 2612,2070 2644,2070 2676,2070 2707,2070 2739,2070 2771,2069"/>
                <TextEquiv>
                    <Unicode>diewyl sich die Versprechung daselbs</Unicode>
                </TextEquiv>
            </TextLine>
            <TextLine id="r3l37" custom="readingOrder {index:36;}">
                <Coords points="2129,2129 2289,2116 2353,2130 2435,2111 2733,2125 2733,2090 2505,2075 2466,2094 2415,2074 2365,2090 2332,2074 2298,2097 2221,2073 2129,2098"/>
                <Baseline points="2139,2117 2168,2115 2197,2115 2226,2114 2256,2113 2285,2112 2314,2112 2343,2111 2373,2111 2402,2111 2431,2111 2460,2111 2490,2110 2519,2109 2548,2111 2577,2111 2607,2111 2636,2111 2665,2112 2694,2112 2724,2114"/>
                <TextEquiv>
                    <Unicode>ploffen, man die tochter hinüber</Unicode>
                </TextEquiv>
            </TextLine>
            <TextLine id="r3l38" custom="readingOrder {index:37;}">
                <Coords points="2139,2171 2378,2177 2503,2156 2542,2172 2575,2155 2758,2170 2757,2125 2694,2115 2139,2125"/>
                <Baseline points="2150,2154 2179,2156 2209,2156 2239,2156 2269,2156 2299,2156 2329,2154 2358,2154 2388,2154 2418,2153 2448,2153 2478,2152 2508,2151 2538,2151 2567,2151 2597,2151 2627,2151 2657,2151 2687,2153 2717,2154 2747,2156"/>
                <TextEquiv>
                    <Unicode>zum Rechten halten wylte. Wyl aber</Unicode>
                </TextEquiv>
            </TextLine>
            <TextLine id="r3l39" custom="readingOrder {index:38;}">
                <Coords points="2136,2216 2286,2204 2350,2221 2411,2194 2457,2216 2625,2195 2740,2218 2740,2168 2468,2154 2380,2176 2135,2171"/>
                <Baseline points="2147,2201 2176,2201 2205,2201 2234,2201 2263,2199 2292,2199 2321,2198 2351,2198 2380,2196 2409,2196 2438,2195 2467,2195 2496,2194 2525,2193 2555,2193 2584,2193 2613,2193 2642,2193 2671,2195 2700,2195 2730,2198"/>
                <TextEquiv>
                    <Unicode>y beidersyts in S. angehörige,</Unicode>
                </TextEquiv>
            </TextLine>
            <TextLine id="r3l40" custom="readingOrder {index:39;}">
                <Coords points="2150,2255 2235,2262 2265,2243 2340,2265 2413,2238 2555,2236 2662,2244 2685,2264 2759,2247 2758,2204 2730,2218 2658,2199 2623,2215 2458,2217 2411,2195 2364,2222 2150,2218"/>
                <Baseline points="2160,2241 2189,2241 2218,2241 2248,2241 2277,2240 2307,2240 2336,2239 2365,2238 2395,2238 2424,2237 2454,2236 2483,2235 2512,2235 2542,2235 2571,2235 2601,2235 2630,2235 2659,2236 2689,2237 2718,2238 2748,2240"/>
                <TextEquiv>
                    <Unicode>ind sy vermahnt worden, Ire sach</Unicode>
                </TextEquiv>
            </TextLine>
            <TextLine id="r3l41" custom="readingOrder {index:40;}">
                <Coords points="2143,2303 2336,2281 2371,2305 2400,2284 2470,2302 2523,2282 2562,2298 2603,2279 2661,2296 2689,2277 2776,2282 2775,2247 2732,2240 2691,2259 2436,2237 2364,2260 2265,2242 2233,2263 2142,2258"/>
                <Baseline points="2154,2286 2184,2286 2215,2285 2245,2284 2276,2283 2307,2282 2337,2280 2368,2280 2398,2279 2429,2278 2460,2277 2490,2277 2521,2276 2551,2276 2582,2276 2613,2276 2643,2276 2674,2276 2704,2276 2735,2277 2766,2277"/>
                <TextEquiv>
                    <Unicode>alhie zu verfechten, wie dann be¬</Unicode>
                </TextEquiv>
            </TextLine>
            <TextLine id="r3l42" custom="readingOrder {index:41;}">
                <Coords points="2149,2346 2331,2328 2352,2344 2471,2319 2554,2342 2619,2321 2775,2322 2774,2281 2731,2294 2700,2278 2662,2297 2565,2278 2469,2301 2341,2283 2148,2299"/>
                <Baseline points="2159,2333 2189,2331 2219,2328 2249,2326 2280,2325 2310,2324 2340,2322 2371,2321 2401,2319 2431,2319 2462,2319 2492,2318 2522,2318 2552,2318 2583,2318 2613,2318 2643,2318 2674,2319 2704,2319 2734,2319 2765,2319"/>
                <TextEquiv>
                    <Unicode>schechen, vnd ward daruff erkent,</Unicode>
                </TextEquiv>
            </TextLine>
            <TextLine id="r3l43" custom="readingOrder {index:42;}">
                <Coords points="2156,2382 2323,2390 2351,2365 2419,2378 2435,2363 2795,2372 2794,2327 2681,2338 2644,2322 2556,2345 2484,2320 2353,2346 2334,2328 2155,2343"/>
                <Baseline points="2166,2378 2196,2375 2227,2372 2258,2372 2289,2369 2320,2368 2351,2367 2382,2366 2413,2364 2444,2363 2475,2363 2505,2361 2536,2361 2567,2361 2598,2360 2629,2360 2660,2360 2691,2360 2722,2360 2753,2361 2784,2361"/>
                <TextEquiv>
                    <Unicode>diewyl sie imme keiner andern, dann</Unicode>
                </TextEquiv>
            </TextLine>
            <TextLine id="r3l44" custom="readingOrder {index:43;}">
                <Coords points="2156,2418 2787,2403 2786,2369 2729,2361 2156,2383"/>
                <Baseline points="2166,2414 2196,2411 2227,2409 2257,2409 2288,2407 2318,2405 2349,2404 2379,2403 2410,2402 2440,2402 2471,2400 2502,2400 2532,2399 2563,2399 2593,2399 2624,2399 2654,2399 2685,2399 2715,2400 2746,2400 2777,2402"/>
                <TextEquiv>
                    <Unicode>mitt vorbehalt Irer Muter, vnd Ires</Unicode>
                </TextEquiv>
            </TextLine>
            <TextLine id="r3l45" custom="readingOrder {index:44;}">
                <Coords points="2150,2458 2308,2444 2341,2460 2487,2435 2543,2463 2602,2437 2715,2456 2791,2444 2791,2399 2676,2422 2505,2399 2448,2419 2150,2421"/>
                <Baseline points="2160,2453 2191,2450 2222,2448 2253,2447 2284,2445 2315,2444 2346,2442 2377,2441 2408,2440 2439,2439 2470,2438 2501,2438 2532,2438 2563,2438 2594,2438 2625,2438 2656,2439 2687,2440 2718,2441 2749,2442 2781,2444"/>
                <TextEquiv>
                    <Unicode>brudere Daniel Abrahams geschech</Unicode>
                </TextEquiv>
            </TextLine>
            <TextLine id="r3l46" custom="readingOrder {index:45;}">
                <Coords points="2155,2497 2309,2503 2336,2484 2427,2501 2500,2475 2661,2500 2735,2478 2809,2503 2808,2442 2714,2458 2487,2434 2416,2458 2306,2443 2155,2460"/>
                <Baseline points="2166,2489 2197,2487 2229,2484 2260,2483 2292,2481 2324,2480 2355,2480 2387,2478 2419,2477 2450,2477 2482,2477 2514,2476 2545,2475 2577,2475 2609,2475 2640,2475 2672,2477 2704,2477 2735,2477 2767,2477 2799,2478"/>
                <TextEquiv>
                    <Unicode>nen versprechung, bekäntlich syn wöllen,</Unicode>
                </TextEquiv>
            </TextLine>
            <TextLine id="r3l47" custom="readingOrder {index:46;}">
                <Coords points="2141,2542 2367,2518 2815,2535 2815,2500 2735,2478 2661,2501 2496,2477 2141,2501"/>
                <Baseline points="2151,2531 2183,2528 2216,2525 2248,2523 2281,2520 2314,2519 2346,2518 2379,2517 2412,2517 2444,2517 2477,2517 2510,2517 2542,2517 2575,2519 2608,2519 2640,2519 2673,2520 2706,2522 2738,2523 2771,2523 2804,2525"/>
                <TextEquiv>
                    <Unicode>dieselben nun der sach nit zu friden, vnd</Unicode>
                </TextEquiv>
            </TextLine>
            <TextLine id="r3l48" custom="readingOrder {index:47;}">
                <Coords points="2144,2585 2222,2565 2301,2601 2387,2598 2436,2560 2559,2598 2662,2590 2699,2563 2779,2576 2764,2523 2627,2539 2367,2518 2349,2535 2144,2542"/>
                <Baseline points="2154,2574 2184,2570 2215,2566 2246,2563 2277,2561 2307,2559 2338,2558 2369,2556 2400,2556 2430,2556 2461,2556 2492,2556 2523,2556 2553,2556 2584,2557 2615,2558 2646,2558 2676,2559 2707,2559 2738,2559 2769,2559"/>
                <TextEquiv>
                    <Unicode>deßwegen ouch sy nit mehr lustig und</Unicode>
                </TextEquiv>
            </TextLine>
            <TextEquiv>
                <Unicode>287
n den noch restierenden mütt dinckel
si der imme zugesprochen worden,
abrichten, vnd Inne darumb befridig
so nit, widrumb für die ersten sprü¬
ver gewisen seyn.
Marpurg.
Wißbaden
eichtenberg Zürich
Hans Cunrad Herr, mitt Anna feuhr,
vnd Hans Jegerman mitt Elisabeth
Keüffli, Iren Ehersprochnen, zu
Bümplin kilchenrecht ze thun er¬
lourt, jedoch daß wann die fahn
en frygeworbner knechten, vnder
weliche sy sich schryben lassen, nit vort¬
üchen wurden, sy in monatsfrist
den fläcken rumen sollindt
t
Müllenberg, Mons
vyl Andres Remund nit erschinnen
yner vor 10 wuchen geehlicheten
frouwen bscheid zugeben, ist an die
E. geschriben worden, beidersamen
ein andern tag anzusetzen. Wyl
y ab imme klagt, daß er in 14 tag
nach dem kilchgang von ira gloffen,
vnd nit mitt Iren hußhalte
.
Krouw. Bern. Biel.
Lienhart Lutz, ein hutmacher gsell, hatt
zwar wegen der zwüschen ihm und
Esther Abraham beschechnen ehliche
zusag, ein schryben vom Chorgricht
zu Biel yngelegt, Inhaltend, daß
diewyl sich die Versprechung daselbs
ploffen, man die tochter hinüber
zum Rechten halten wylte. Wyl aber
y beidersyts in S. angehörige,
ind sy vermahnt worden, Ire sach
alhie zu verfechten, wie dann be¬
schechen, vnd ward daruff erkent,
diewyl sie imme keiner andern, dann
mitt vorbehalt Irer Muter, vnd Ires
brudere Daniel Abrahams geschech
nen versprechung, bekäntlich syn wöllen,
dieselben nun der sach nit zu friden, vnd
deßwegen ouch sy nit mehr lustig und</Unicode>
            </TextEquiv>
        </TextRegion>
    </Page>
</PcGts>
