<?xml version="1.0" encoding="UTF-8" standalone="yes"?>
<PcGts xmlns="http://schema.primaresearch.org/PAGE/gts/pagecontent/2013-07-15" xmlns:xsi="http://www.w3.org/2001/XMLSchema-instance" xsi:schemaLocation="http://schema.primaresearch.org/PAGE/gts/pagecontent/2013-07-15 http://schema.primaresearch.org/PAGE/gts/pagecontent/2013-07-15/pagecontent.xsd">
    <Metadata>
        <Creator>prov=University of Rostock/Institute of Mathematics/CITlab|PLANET AI GmbH/Gundram Leifert/gundram.leifert@planet-ai.de:name=German_Kurrent_XVI-XVIII_M5.2(htr_id=38305)::::v=2.6.7
prov=University of Rostock/Institute of Mathematics/CITlab|PLANET AI GmbH/Tobias Gruening/tobias.gruening@planet-ai.de:name=de.uros.citlab.module.baseline2polygon.B2PSeamMultiOriented:v=2.6.7
prov=University of Rostock/Institute of Mathematics/CITlab|PLANET AI GmbH/Tobias Gruening/tobias.gruening@planet-ai.de:name=/net_tf/LA73_249_0mod360.pb:de.uros.citlab.segmentation.CITlab_LA_ML:v=2.6.7
prov=University of Rostock/Institute of Mathematics/CITlab|PLANET AI GmbH/Tobias Gruening/tobias.gruening@planet-ai.de:name=/net_tf/LA73_249_0mod360.pb:de.uros.citlab.segmentation.CITlab_LA_ML:v=2.6.7
Transkribus</Creator>
        <Created>2021-11-02T15:16:51.177+01:00</Created>
        <LastChange>2021-12-02T14:15:53.927+01:00</LastChange>
        <TranskribusMetadata docId="822509" pageId="30664499" pageNr="137" tsid="69002841" status="IN_PROGRESS" userId="101547" imgUrl="https://files.transkribus.eu/Get?id=IXDPIBNBZXDNKBYYXYTPSOTR&amp;fileType=view" xmlUrl="https://files.transkribus.eu/Get?id=PXDJSSGHXQMHLDZJJFOCIEXF" imageId="24124158"/>
    </Metadata>
    <Page imageFilename="Foto 27.10.21, 3 46 14 PM.jpg" imageWidth="4032" imageHeight="3024">
        <ReadingOrder>
            <OrderedGroup id="ro_1687514240333" caption="Regions reading order">
                <RegionRefIndexed index="0" regionRef="r1"/>
                <RegionRefIndexed index="1" regionRef="r2"/>
            </OrderedGroup>
        </ReadingOrder>
        <TextRegion orientation="0.0" id="r1" custom="readingOrder {index:0;}">
            <Coords points="1295,390 1295,2583 1997,2583 1997,390"/>
            <TextLine id="r1l1" custom="readingOrder {index:0;}">
                <Coords points="1282,436 1305,432 1309,437 1324,437 1340,428 1348,432 1381,415 1402,420 1408,370 1398,369 1390,361 1373,370 1357,357 1337,354 1305,373 1291,369"/>
                <Baseline points="1295,411 1327,411 1359,417 1392,422"/>
                <TextEquiv>
                    <Unicode>264.</Unicode>
                </TextEquiv>
            </TextLine>
            <TextLine id="r1l2" custom="readingOrder {index:1;}">
                <Coords points="1354,508 1397,532 1419,512 1534,508 1572,542 1677,529 1734,552 1820,519 1881,550 1912,541 1917,458 1853,456 1824,482 1765,489 1694,445 1598,479 1550,438 1501,433 1356,473"/>
                <Baseline points="1365,497 1391,498 1418,498 1445,500 1472,500 1499,501 1526,502 1552,503 1579,503 1606,504 1633,506 1660,507 1687,507 1714,510 1740,512 1767,515 1794,518 1821,520 1848,524 1875,529 1902,533"/>
                <TextEquiv>
                    <Unicode>Frytag. 29. Majo 1629</Unicode>
                </TextEquiv>
            </TextLine>
            <TextLine id="r1l3" custom="readingOrder {index:2;}">
                <Coords points="1583,597 1604,599 1620,585 1648,602 1663,596 1673,601 1688,592 1702,603 1718,594 1745,596 1754,588 1776,596 1779,558 1754,550 1731,555 1721,546 1712,550 1691,531 1676,530 1637,549 1587,545"/>
                <Baseline points="1596,569 1624,570 1653,571 1681,573 1710,575 1738,578 1767,581"/>
                <TextEquiv>
                    <Unicode>vom Rhat¬</Unicode>
                </TextEquiv>
            </TextLine>
            <TextLine id="r1l4" custom="readingOrder {index:3;}">
                <Coords points="1351,645 1388,654 1452,629 1553,655 1573,637 1655,637 1713,645 1761,680 1929,670 1932,622 1899,608 1782,618 1754,595 1688,606 1623,584 1601,600 1543,566 1505,591 1403,559 1356,576"/>
                <Baseline points="1362,624 1389,624 1417,624 1445,624 1473,625 1501,627 1529,629 1557,630 1585,632 1613,635 1641,636 1668,638 1696,641 1724,643 1752,645 1780,648 1808,651 1836,652 1864,654 1892,656 1920,659"/>
                <TextEquiv>
                    <Unicode>Hr. v. Bickhart. S. Nachselhofen.</Unicode>
                </TextEquiv>
            </TextLine>
            <TextLine id="r1l5" custom="readingOrder {index:4;}">
                <Coords points="1579,692 1606,695 1631,689 1637,696 1650,696 1662,690 1683,701 1714,696 1715,645 1682,647 1671,653 1655,636 1636,644 1613,641 1592,653 1580,653"/>
                <Baseline points="1589,687 1617,686 1646,686 1674,687 1703,690"/>
                <TextEquiv>
                    <Unicode>Minist</Unicode>
                </TextEquiv>
            </TextLine>
            <TextLine id="r1l6" custom="readingOrder {index:5;}">
                <Coords points="1344,742 1402,764 1485,735 1523,754 1564,735 1631,740 1677,768 1797,760 1862,788 1866,715 1805,691 1749,682 1656,704 1575,685 1459,704 1396,665 1348,663"/>
                <Baseline points="1356,729 1382,730 1408,731 1434,732 1460,732 1487,734 1513,734 1539,735 1565,736 1591,738 1618,739 1644,740 1670,741 1696,744 1722,746 1749,747 1775,749 1801,751 1827,754 1854,758"/>
                <TextEquiv>
                    <Unicode>Hr Schmid, Hr Rütimeyer</Unicode>
                </TextEquiv>
            </TextLine>
            <TextLine id="r1l7" custom="readingOrder {index:6;}">
                <Coords points="1579,824 1589,823 1616,801 1647,808 1654,814 1658,810 1681,807 1679,776 1669,776 1656,766 1650,767 1643,760 1639,761 1615,741 1611,745 1597,746 1576,742"/>
                <Baseline points="1589,803 1616,801 1643,800 1670,800"/>
                <TextEquiv>
                    <Unicode>Civ.</Unicode>
                </TextEquiv>
            </TextLine>
            <TextLine id="r1l8" custom="readingOrder {index:7;}">
                <Coords points="1350,846 1411,849 1468,881 1555,847 1626,885 1835,894 1876,871 1965,890 1967,829 1869,827 1829,798 1798,822 1774,802 1700,826 1618,799 1590,821 1551,798 1498,819 1353,788"/>
                <Baseline points="1361,843 1390,843 1420,845 1450,845 1480,846 1509,847 1539,848 1569,848 1599,849 1628,850 1658,851 1688,852 1718,854 1747,855 1777,857 1807,858 1837,860 1866,863 1896,865 1926,868 1956,872"/>
                <TextEquiv>
                    <Unicode>g. Fischer im Hag. h. Monner</Unicode>
                </TextEquiv>
            </TextLine>
            <TextLine id="r1l9" custom="readingOrder {index:8;}">
                <Coords points="1594,982 1646,984 1691,1003 1700,997 1710,1002 1761,977 1776,981 1778,933 1765,933 1759,926 1728,929 1693,909 1643,907 1635,915 1597,911"/>
                <Baseline points="1605,968 1631,969 1658,971 1685,972 1712,972 1739,974 1766,975"/>
                <TextEquiv>
                    <Unicode>Biglen.</Unicode>
                </TextEquiv>
            </TextLine>
            <TextLine id="r1l10" custom="readingOrder {index:9;}">
                <Coords points="1366,1045 1482,1027 1984,1067 1987,1003 1960,997 1694,1009 1570,975 1504,1006 1370,980"/>
                <Baseline points="1377,1025 1406,1026 1436,1026 1466,1026 1496,1028 1526,1028 1555,1029 1585,1031 1615,1032 1645,1032 1675,1034 1704,1035 1734,1037 1764,1038 1794,1041 1824,1043 1853,1046 1883,1047 1913,1050 1943,1053 1973,1056"/>
                <TextEquiv>
                    <Unicode>Hans Friderich Mühlis durch S. dach¬</Unicode>
                </TextEquiv>
            </TextLine>
            <TextLine id="r1l11" custom="readingOrder {index:10;}">
                <Coords points="1382,1088 1534,1064 1610,1099 1653,1072 1775,1100 1840,1084 1967,1105 1969,1063 1948,1054 1385,1028"/>
                <Baseline points="1395,1061 1423,1062 1451,1062 1479,1063 1507,1064 1535,1064 1563,1065 1591,1067 1619,1067 1647,1068 1675,1068 1703,1070 1731,1071 1759,1073 1787,1074 1815,1076 1843,1078 1871,1082 1899,1084 1927,1086 1956,1089"/>
                <TextEquiv>
                    <Unicode>selhoffer anzogens begeren, daß</Unicode>
                </TextEquiv>
            </TextLine>
            <TextLine id="r1l12" custom="readingOrder {index:11;}">
                <Coords points="1387,1115 1540,1104 1651,1133 1698,1118 1728,1137 1779,1118 1962,1150 1964,1111 1906,1089 1751,1094 1679,1073 1586,1090 1535,1064 1388,1080"/>
                <Baseline points="1398,1100 1425,1101 1453,1102 1481,1103 1509,1104 1536,1105 1564,1106 1592,1107 1620,1108 1647,1109 1675,1110 1703,1111 1731,1113 1758,1114 1786,1116 1814,1118 1842,1120 1869,1122 1897,1124 1925,1126 1953,1130"/>
                <TextEquiv>
                    <Unicode>sinne, als der schuldigen person, er¬</Unicode>
                </TextEquiv>
            </TextLine>
            <TextLine id="r1l13" custom="readingOrder {index:12;}">
                <Coords points="1376,1147 1584,1167 1691,1157 1767,1189 1799,1173 1840,1190 1929,1166 1958,1177 1959,1148 1885,1128 1843,1138 1771,1118 1715,1138 1691,1120 1665,1135 1604,1107 1574,1124 1535,1105 1378,1122"/>
                <Baseline points="1386,1142 1414,1143 1442,1143 1470,1145 1498,1146 1526,1147 1554,1148 1582,1149 1610,1151 1638,1152 1666,1154 1694,1155 1722,1157 1750,1158 1778,1161 1806,1162 1834,1163 1862,1166 1890,1167 1918,1168 1947,1169"/>
                <TextEquiv>
                    <Unicode>oupt werde, sich anderfahrt zever¬</Unicode>
                </TextEquiv>
            </TextLine>
            <TextLine id="r1l14" custom="readingOrder {index:13;}">
                <Coords points="1360,1202 1432,1183 1471,1212 1507,1195 1661,1214 1695,1197 1789,1230 1980,1231 1982,1179 1953,1188 1929,1166 1846,1185 1721,1180 1693,1157 1592,1167 1424,1143 1363,1158"/>
                <Baseline points="1371,1181 1402,1182 1434,1184 1465,1185 1497,1187 1528,1188 1560,1190 1591,1191 1623,1194 1654,1195 1686,1197 1717,1198 1749,1201 1780,1203 1812,1204 1843,1206 1875,1207 1906,1209 1938,1211 1970,1212"/>
                <TextEquiv>
                    <Unicode>echlichen, Ist biß vff syn eigen erschyn¬</Unicode>
                </TextEquiv>
            </TextLine>
            <TextLine id="r1l15" custom="readingOrder {index:14;}">
                <Coords points="1360,1244 1405,1249 1435,1233 1454,1248 1487,1255 1535,1231 1554,1242 1568,1240 1569,1196 1538,1197 1523,1210 1511,1197 1490,1205 1469,1190 1448,1196 1430,1185 1415,1197 1403,1188 1375,1206 1361,1204"/>
                <Baseline points="1371,1223 1397,1225 1424,1226 1451,1226 1478,1226 1505,1226 1532,1227 1559,1230"/>
                <TextEquiv>
                    <Unicode>enn Ingestelt</Unicode>
                </TextEquiv>
            </TextLine>
            <TextLine id="r1l16" custom="readingOrder {index:15;}">
                <Coords points="1590,1320 1617,1318 1634,1328 1676,1314 1728,1324 1738,1316 1782,1330 1795,1324 1818,1330 1818,1265 1801,1261 1778,1276 1765,1265 1745,1280 1701,1278 1686,1266 1665,1272 1638,1245 1590,1251"/>
                <Baseline points="1601,1307 1626,1305 1652,1304 1678,1304 1704,1304 1730,1304 1756,1305 1782,1305 1808,1304"/>
                <TextEquiv>
                    <Unicode>Dignauw.</Unicode>
                </TextEquiv>
            </TextLine>
            <TextLine id="r1l17" custom="readingOrder {index:16;}">
                <Coords points="1382,1380 1716,1380 1745,1400 1804,1381 1920,1412 1947,1406 1950,1333 1878,1369 1793,1326 1689,1315 1528,1337 1495,1311 1384,1338"/>
                <Baseline points="1392,1373 1419,1373 1446,1373 1473,1374 1501,1374 1528,1374 1555,1374 1583,1376 1610,1376 1637,1376 1665,1377 1692,1378 1719,1379 1746,1380 1774,1381 1801,1382 1828,1384 1856,1386 1883,1387 1910,1389 1938,1391"/>
                <TextEquiv>
                    <Unicode>wüschen Elßbeth Baltzli, deren Ir</Unicode>
                </TextEquiv>
            </TextLine>
            <TextLine id="r1l18" custom="readingOrder {index:17;}">
                <Coords points="1393,1409 1480,1409 1521,1434 1643,1414 1659,1430 1676,1416 1730,1435 1812,1422 1953,1446 1955,1408 1803,1380 1746,1401 1716,1380 1394,1381"/>
                <Baseline points="1404,1403 1431,1404 1458,1404 1485,1406 1512,1407 1539,1408 1566,1409 1593,1410 1620,1412 1647,1413 1674,1413 1701,1415 1728,1416 1755,1418 1782,1418 1809,1421 1836,1421 1863,1424 1890,1426 1917,1428 1944,1430"/>
                <TextEquiv>
                    <Unicode>vatter zugestanden, vnd Peter Bla¬</Unicode>
                </TextEquiv>
            </TextLine>
            <TextLine id="r1l19" custom="readingOrder {index:18;}">
                <Coords points="1385,1451 1505,1467 1548,1450 1622,1467 1685,1456 1703,1476 1763,1450 1787,1468 1819,1454 1962,1477 1963,1438 1903,1428 1661,1432 1641,1413 1523,1430 1461,1405 1434,1421 1386,1409"/>
                <Baseline points="1395,1442 1422,1443 1450,1445 1478,1446 1506,1446 1534,1448 1562,1448 1589,1449 1617,1449 1645,1451 1673,1451 1701,1452 1729,1452 1757,1454 1784,1455 1812,1455 1840,1457 1868,1458 1896,1458 1924,1460 1952,1461"/>
                <TextEquiv>
                    <Unicode>sern wyter erkent, daß er ira</Unicode>
                </TextEquiv>
            </TextLine>
            <TextLine id="r1l20" custom="readingOrder {index:19;}">
                <Coords points="1381,1503 1434,1486 1638,1490 1671,1514 1701,1492 1960,1499 1961,1465 1940,1462 1383,1453"/>
                <Baseline points="1392,1475 1419,1477 1447,1478 1475,1481 1503,1482 1531,1483 1559,1484 1587,1485 1615,1487 1643,1488 1671,1488 1698,1490 1726,1490 1754,1491 1782,1492 1810,1493 1838,1493 1866,1493 1894,1493 1922,1493 1950,1493"/>
                <TextEquiv>
                    <Unicode>für die kindbett 30. vnd dem</Unicode>
                </TextEquiv>
            </TextLine>
            <TextLine id="r1l21" custom="readingOrder {index:20;}">
                <Coords points="1363,1524 1601,1539 1679,1525 1713,1553 1762,1529 1862,1532 1897,1552 1946,1535 1947,1495 1869,1508 1680,1487 1656,1501 1364,1494"/>
                <Baseline points="1374,1517 1402,1518 1430,1518 1458,1520 1486,1520 1514,1521 1542,1521 1570,1523 1598,1523 1626,1524 1654,1524 1682,1526 1710,1526 1738,1527 1766,1529 1794,1529 1822,1530 1850,1531 1878,1532 1906,1533 1935,1535"/>
                <TextEquiv>
                    <Unicode>Vatter sowol für den mitt deß</Unicode>
                </TextEquiv>
            </TextLine>
            <TextLine id="r1l22" custom="readingOrder {index:21;}">
                <Coords points="1369,1569 1949,1586 1938,1532 1896,1551 1859,1531 1802,1549 1711,1529 1689,1547 1673,1532 1371,1521"/>
                <Baseline points="1380,1556 1408,1557 1436,1557 1464,1559 1492,1559 1520,1560 1548,1562 1576,1563 1604,1563 1632,1564 1660,1565 1688,1566 1716,1566 1744,1568 1772,1569 1800,1569 1828,1571 1856,1571 1884,1571 1912,1572 1940,1572"/>
                <TextEquiv>
                    <Unicode>kindt touff geherten Costen, als ouch</Unicode>
                </TextEquiv>
            </TextLine>
            <TextLine id="r1l23" custom="readingOrder {index:22;}">
                <Coords points="1376,1609 1433,1596 1549,1618 1572,1602 1664,1624 1775,1604 1810,1626 1902,1612 1927,1627 1942,1586 1377,1568"/>
                <Baseline points="1386,1592 1413,1593 1440,1595 1467,1596 1495,1596 1522,1598 1549,1599 1577,1600 1604,1601 1631,1602 1659,1602 1686,1604 1713,1604 1740,1605 1768,1605 1795,1605 1822,1607 1850,1607 1877,1607 1904,1607 1932,1607"/>
                <TextEquiv>
                    <Unicode>yne gang, daß er gan signouw</Unicode>
                </TextEquiv>
            </TextLine>
            <TextLine id="r1l24" custom="readingOrder {index:23;}">
                <Coords points="1371,1636 1495,1633 1600,1659 1632,1635 1815,1661 1954,1650 1954,1623 1902,1611 1848,1628 1775,1603 1718,1623 1571,1602 1549,1618 1416,1597 1372,1609"/>
                <Baseline points="1383,1631 1411,1631 1439,1632 1467,1632 1495,1634 1523,1634 1551,1635 1579,1637 1607,1638 1635,1639 1663,1640 1691,1641 1719,1642 1747,1643 1775,1644 1803,1644 1831,1644 1859,1644 1887,1644 1915,1644 1944,1643"/>
                <TextEquiv>
                    <Unicode>citiert worden, ouch 3 t und dan</Unicode>
                </TextEquiv>
            </TextLine>
            <TextLine id="r1l25" custom="readingOrder {index:24;}">
                <Coords points="1369,1673 1527,1692 1576,1676 1667,1698 1718,1676 1753,1696 1851,1684 1888,1702 1980,1689 1982,1650 1814,1662 1633,1636 1601,1658 1510,1635 1370,1637"/>
                <Baseline points="1379,1668 1408,1669 1438,1670 1467,1670 1497,1671 1526,1672 1556,1673 1585,1674 1615,1676 1644,1676 1674,1678 1704,1679 1733,1680 1763,1680 1792,1682 1822,1682 1851,1682 1881,1682 1910,1682 1940,1682 1970,1682"/>
                <TextEquiv>
                    <Unicode>nethin für das erst wegen deß Kindt</Unicode>
                </TextEquiv>
            </TextLine>
            <TextLine id="r1l26" custom="readingOrder {index:25;}">
                <Coords points="1369,1741 1476,1715 1531,1743 1586,1721 1972,1755 1969,1686 1768,1699 1715,1676 1681,1699 1420,1674 1370,1691"/>
                <Baseline points="1380,1712 1409,1712 1438,1713 1467,1713 1496,1715 1525,1716 1554,1716 1583,1718 1612,1719 1641,1719 1671,1721 1700,1722 1729,1722 1758,1724 1787,1724 1816,1724 1845,1724 1874,1724 1903,1724 1932,1722 1962,1721"/>
                <TextEquiv>
                    <Unicode>erhaltung imme 12 t vßrichten sölle.</Unicode>
                </TextEquiv>
            </TextLine>
            <TextLine id="r1l27" custom="readingOrder {index:26;}">
                <Coords points="1405,1819 1452,1823 1471,1840 1528,1827 1554,1845 1609,1815 1761,1855 1834,1834 1836,1767 1800,1783 1774,1764 1714,1789 1681,1775 1635,1789 1603,1758 1531,1783 1406,1763"/>
                <Baseline points="1416,1817 1441,1818 1467,1818 1492,1818 1518,1820 1543,1820 1569,1821 1594,1821 1620,1823 1645,1823 1671,1824 1696,1825 1722,1826 1747,1827 1773,1827 1798,1828 1824,1829"/>
                <TextEquiv>
                    <Unicode>Arberg. Goltzwyl.</Unicode>
                </TextEquiv>
            </TextLine>
            <TextLine id="r1l28" custom="readingOrder {index:27;}">
                <Coords points="1387,1916 1473,1898 1704,1931 1836,1913 1877,1938 1986,1920 1987,1872 1952,1860 1661,1886 1593,1880 1508,1834 1389,1849"/>
                <Baseline points="1398,1898 1428,1899 1458,1901 1489,1901 1519,1902 1550,1904 1580,1905 1611,1905 1641,1907 1672,1909 1702,1910 1733,1911 1763,1911 1794,1913 1824,1913 1855,1913 1885,1913 1916,1912 1946,1911 1977,1910"/>
                <TextEquiv>
                    <Unicode>Hans Custor dem schnyder vnd syner</Unicode>
                </TextEquiv>
            </TextLine>
            <TextLine id="r1l29" custom="readingOrder {index:28;}">
                <Coords points="1395,1946 1733,1945 1766,1971 1802,1950 1920,1971 1990,1956 1991,1917 1717,1926 1396,1906"/>
                <Baseline points="1406,1935 1434,1934 1463,1934 1491,1934 1520,1934 1549,1935 1577,1936 1606,1937 1635,1938 1663,1940 1692,1942 1721,1943 1749,1944 1778,1946 1807,1947 1835,1949 1864,1949 1893,1950 1921,1950 1950,1949 1979,1947"/>
                <TextEquiv>
                    <Unicode>hußfrauwen Ist ein Schryben ertheilt</Unicode>
                </TextEquiv>
            </TextLine>
            <TextLine id="r1l30" custom="readingOrder {index:29;}">
                <Coords points="1381,1983 1959,1997 1948,1955 1802,1950 1781,1966 1666,1943 1599,1957 1464,1936 1382,1947"/>
                <Baseline points="1391,1971 1418,1970 1446,1970 1474,1970 1502,1970 1530,1970 1558,1970 1586,1971 1614,1971 1642,1973 1670,1975 1697,1976 1725,1977 1753,1979 1781,1980 1809,1982 1837,1983 1865,1985 1893,1985 1921,1986 1949,1986"/>
                <TextEquiv>
                    <Unicode>worden auch daran zu Thun, das</Unicode>
                </TextEquiv>
            </TextLine>
            <TextLine id="r1l31" custom="readingOrder {index:30;}">
                <Coords points="1395,2013 1645,2018 1660,2033 1756,2017 1897,2049 1938,2025 1981,2043 1982,2005 1932,1993 1396,1981"/>
                <Baseline points="1406,2010 1434,2010 1462,2010 1490,2010 1519,2012 1547,2012 1575,2012 1603,2013 1632,2013 1660,2015 1688,2015 1716,2016 1745,2018 1773,2018 1801,2019 1829,2020 1858,2021 1886,2022 1914,2024 1942,2025 1971,2027"/>
                <TextEquiv>
                    <Unicode>er fregantinum predicant zu Goltz,</Unicode>
                </TextEquiv>
            </TextLine>
            <TextLine id="r1l32" custom="readingOrder {index:31;}">
                <Coords points="1387,2054 1549,2082 1610,2055 1630,2074 1693,2062 1718,2081 1748,2063 1770,2085 1856,2065 1899,2087 1927,2069 1960,2081 1961,2039 1935,2025 1803,2044 1757,2018 1663,2034 1645,2018 1388,2015"/>
                <Baseline points="1398,2051 1425,2049 1453,2049 1480,2049 1508,2049 1536,2051 1563,2051 1591,2052 1618,2054 1646,2054 1674,2055 1701,2057 1729,2058 1756,2060 1784,2060 1812,2061 1839,2061 1867,2063 1894,2063 1922,2063 1950,2061"/>
                <TextEquiv>
                    <Unicode>wyl für sich forderen und ernstig</Unicode>
                </TextEquiv>
            </TextLine>
            <TextLine id="r1l33" custom="readingOrder {index:32;}">
                <Coords points="1384,2112 1424,2090 1471,2111 1489,2096 1545,2111 1564,2092 1645,2114 1710,2099 1768,2116 1981,2114 1982,2080 1385,2056"/>
                <Baseline points="1395,2091 1423,2090 1452,2090 1481,2090 1510,2090 1538,2090 1567,2091 1596,2093 1625,2094 1653,2096 1682,2096 1711,2099 1740,2100 1768,2102 1797,2102 1826,2103 1855,2103 1883,2103 1912,2103 1941,2103 1970,2102"/>
                <TextEquiv>
                    <Unicode>vermahnen sölle, so er ira, als syner</Unicode>
                </TextEquiv>
            </TextLine>
            <TextLine id="r1l34" custom="readingOrder {index:33;}">
                <Coords points="1380,2147 1457,2132 1615,2153 1643,2136 1859,2158 1881,2140 1953,2163 1995,2155 1996,2103 1683,2117 1563,2093 1380,2112"/>
                <Baseline points="1391,2132 1420,2130 1450,2130 1480,2130 1510,2130 1539,2130 1569,2130 1599,2132 1629,2133 1658,2134 1688,2136 1718,2137 1748,2138 1777,2139 1807,2139 1837,2141 1867,2141 1896,2141 1926,2141 1956,2139 1986,2138"/>
                <TextEquiv>
                    <Unicode>gewesnen dienstmagd, etwas lidlons</Unicode>
                </TextEquiv>
            </TextLine>
            <TextLine id="r1l35" custom="readingOrder {index:34;}">
                <Coords points="1385,2196 1478,2171 1609,2193 1709,2175 1826,2199 1997,2188 1998,2157 1386,2142"/>
                <Baseline points="1397,2172 1426,2171 1455,2170 1485,2169 1514,2169 1544,2169 1573,2170 1603,2171 1632,2172 1662,2174 1691,2175 1720,2177 1750,2178 1779,2178 1809,2180 1838,2180 1868,2181 1897,2181 1927,2180 1956,2180 1986,2178"/>
                <TextEquiv>
                    <Unicode>schuldig, sye darumb zu bezalen, one</Unicode>
                </TextEquiv>
            </TextLine>
            <TextLine id="r1l36" custom="readingOrder {index:35;}">
                <Coords points="1393,2219 1473,2231 1536,2209 1612,2227 1632,2209 1671,2231 1755,2215 1984,2240 1985,2180 1820,2196 1668,2176 1609,2194 1476,2171 1394,2188"/>
                <Baseline points="1404,2216 1432,2213 1461,2212 1489,2210 1518,2210 1546,2210 1575,2210 1603,2210 1632,2210 1660,2211 1689,2213 1717,2213 1746,2214 1774,2215 1803,2216 1831,2217 1860,2219 1888,2219 1917,2220 1945,2220 1974,2220"/>
                <TextEquiv>
                    <Unicode>das nicht von sölicher geringer sacht</Unicode>
                </TextEquiv>
            </TextLine>
            <TextLine id="r1l37" custom="readingOrder {index:36;}">
                <Coords points="1393,2278 1552,2266 1602,2285 1669,2255 1748,2288 1825,2257 1883,2279 1940,2263 1941,2221 1857,2235 1767,2215 1669,2232 1634,2213 1575,2229 1536,2209 1473,2229 1394,2220"/>
                <Baseline points="1403,2253 1429,2252 1455,2250 1481,2250 1508,2249 1534,2249 1560,2249 1587,2250 1613,2250 1639,2251 1666,2252 1692,2253 1718,2253 1744,2254 1771,2255 1797,2255 1823,2256 1850,2256 1876,2256 1902,2256 1929,2255"/>
                <TextEquiv>
                    <Unicode>wegen Euer bemüyt, er die</Unicode>
                </TextEquiv>
            </TextLine>
            <TextLine id="r1l38" custom="readingOrder {index:37;}">
                <Coords points="1543,2340 1610,2335 1629,2348 1654,2334 1691,2345 1758,2336 1775,2353 1831,2340 1879,2355 1880,2307 1865,2303 1838,2313 1772,2282 1703,2310 1655,2286 1636,2294 1615,2279 1545,2270"/>
                <Baseline points="1554,2334 1580,2332 1606,2330 1632,2328 1659,2328 1685,2328 1711,2328 1737,2330 1764,2332 1790,2334 1816,2334 1842,2336 1869,2337"/>
                <TextEquiv>
                    <Unicode>Romaniostier</Unicode>
                </TextEquiv>
            </TextLine>
            <TextLine id="r1l39" custom="readingOrder {index:38;}">
                <Coords points="1389,2410 1634,2410 1652,2428 1736,2412 1894,2439 1988,2419 1990,2371 1932,2356 1825,2384 1683,2364 1612,2387 1492,2351 1391,2364"/>
                <Baseline points="1400,2405 1430,2402 1460,2401 1491,2400 1521,2400 1552,2402 1582,2402 1613,2405 1643,2407 1674,2409 1704,2410 1735,2412 1765,2414 1796,2415 1826,2417 1857,2418 1887,2418 1918,2417 1948,2415 1979,2414"/>
                <TextEquiv>
                    <Unicode>dem h landtvogt antworten, wyl</Unicode>
                </TextEquiv>
            </TextLine>
            <TextLine id="r1l40" custom="readingOrder {index:39;}">
                <Coords points="1391,2455 1503,2440 1573,2462 1742,2449 1802,2474 1928,2455 1984,2472 1986,2418 1961,2415 1885,2435 1729,2411 1393,2409"/>
                <Baseline points="1403,2441 1431,2438 1460,2438 1488,2436 1517,2436 1545,2438 1574,2438 1602,2439 1631,2441 1659,2442 1688,2444 1717,2446 1745,2447 1774,2449 1802,2450 1831,2451 1859,2452 1888,2453 1916,2453 1945,2453 1974,2451"/>
                <TextEquiv>
                    <Unicode>Elisabeth Brauzcan von Anernach</Unicode>
                </TextEquiv>
            </TextLine>
            <TextLine id="r1l41" custom="readingOrder {index:40;}">
                <Coords points="1394,2485 1538,2476 1712,2511 1805,2493 1831,2510 1909,2499 1939,2518 1943,2459 1852,2475 1740,2450 1690,2464 1517,2440 1395,2454"/>
                <Baseline points="1404,2474 1430,2473 1456,2472 1483,2472 1509,2472 1535,2474 1562,2474 1588,2477 1614,2479 1641,2481 1667,2483 1693,2485 1720,2487 1746,2489 1772,2491 1799,2493 1825,2494 1851,2495 1878,2495 1904,2495 1931,2495"/>
                <TextEquiv>
                    <Unicode>erstlich vor den ußgeschoßnen deß</Unicode>
                </TextEquiv>
            </TextLine>
            <TextLine id="r1l42" custom="readingOrder {index:41;}">
                <Coords points="1399,2531 1506,2515 1531,2533 1706,2524 1731,2540 1948,2545 1980,2531 1982,2477 1920,2510 1826,2510 1802,2492 1759,2512 1633,2485 1611,2499 1585,2479 1401,2484"/>
                <Baseline points="1410,2511 1438,2511 1466,2512 1494,2513 1522,2515 1550,2516 1578,2518 1606,2520 1634,2523 1662,2524 1690,2526 1718,2528 1746,2529 1774,2531 1802,2532 1830,2532 1858,2532 1886,2532 1914,2531 1942,2529 1970,2526"/>
                <TextEquiv>
                    <Unicode>Chorgrichts zu Agien in clande Troll</Unicode>
                </TextEquiv>
            </TextLine>
            <TextLine id="r1l43" custom="readingOrder {index:42;}">
                <Coords points="1395,2568 1449,2581 1533,2562 1570,2582 1631,2570 1886,2607 1960,2585 1987,2601 2006,2597 2009,2524 1847,2549 1718,2526 1617,2543 1504,2515 1397,2520"/>
                <Baseline points="1406,2550 1435,2550 1465,2552 1494,2553 1524,2555 1553,2557 1583,2558 1612,2561 1642,2563 1671,2565 1701,2567 1731,2568 1760,2571 1790,2571 1819,2573 1849,2573 1878,2573 1908,2573 1937,2573 1967,2570 1997,2568"/>
                <TextEquiv>
                    <Unicode>reits huß irem schind, dessen sy schwange</Unicode>
                </TextEquiv>
            </TextLine>
            <TextEquiv>
                <Unicode>264.
Frytag. 29. Majo 1629
vom Rhat¬
Hr. v. Bickhart. S. Nachselhofen.
Minist
Hr Schmid, Hr Rütimeyer
Civ.
g. Fischer im Hag. h. Monner
Biglen.
Hans Friderich Mühlis durch S. dach¬
selhoffer anzogens begeren, daß
sinne, als der schuldigen person, er¬
oupt werde, sich anderfahrt zever¬
echlichen, Ist biß vff syn eigen erschyn¬
enn Ingestelt
Dignauw.
wüschen Elßbeth Baltzli, deren Ir
vatter zugestanden, vnd Peter Bla¬
sern wyter erkent, daß er ira
für die kindbett 30. vnd dem
Vatter sowol für den mitt deß
kindt touff geherten Costen, als ouch
yne gang, daß er gan signouw
citiert worden, ouch 3 t und dan
nethin für das erst wegen deß Kindt
erhaltung imme 12 t vßrichten sölle.
Arberg. Goltzwyl.
Hans Custor dem schnyder vnd syner
hußfrauwen Ist ein Schryben ertheilt
worden auch daran zu Thun, das
er fregantinum predicant zu Goltz,
wyl für sich forderen und ernstig
vermahnen sölle, so er ira, als syner
gewesnen dienstmagd, etwas lidlons
schuldig, sye darumb zu bezalen, one
das nicht von sölicher geringer sacht
wegen Euer bemüyt, er die
Romaniostier
dem h landtvogt antworten, wyl
Elisabeth Brauzcan von Anernach
erstlich vor den ußgeschoßnen deß
Chorgrichts zu Agien in clande Troll
reits huß irem schind, dessen sy schwange</Unicode>
            </TextEquiv>
        </TextRegion>
        <TextRegion orientation="0.0" id="r2" custom="readingOrder {index:1;}">
            <Coords points="2067,289 2067,2605 2802,2605 2802,289"/>
            <TextLine id="r2l1" custom="readingOrder {index:0;}">
                <Coords points="2561,334 2574,333 2585,343 2603,342 2618,339 2632,325 2640,329 2653,324 2660,315 2677,314 2673,252 2663,252 2647,262 2638,256 2617,253 2591,275 2558,271"/>
                <Baseline points="2571,318 2602,312 2634,312 2666,311"/>
                <TextEquiv>
                    <Unicode>268.</Unicode>
                </TextEquiv>
            </TextLine>
            <TextLine id="r2l2" custom="readingOrder {index:1;}">
                <Coords points="2080,510 2276,433 2345,448 2427,412 2693,379 2682,326 2652,323 2443,384 2355,390 2306,370 2174,411 2135,451 2073,471"/>
                <Baseline points="2088,492 2117,481 2147,470 2176,460 2206,451 2235,443 2265,434 2294,428 2324,423 2353,417 2383,411 2413,406 2442,402 2472,397 2501,393 2531,388 2560,384 2590,380 2619,377 2649,372 2679,368"/>
                <TextEquiv>
                    <Unicode>den doch liegen gerechen des</Unicode>
                </TextEquiv>
            </TextLine>
            <TextLine id="r2l3" custom="readingOrder {index:2;}">
                <Coords points="2092,537 2181,526 2251,481 2394,484 2414,454 2455,445 2485,460 2516,435 2541,452 2649,418 2676,435 2693,427 2686,386 2577,383 2552,407 2425,412 2410,432 2370,424 2331,445 2280,431 2086,504"/>
                <Baseline points="2100,525 2129,516 2158,507 2187,498 2216,490 2245,482 2274,476 2303,469 2332,462 2361,457 2390,452 2419,446 2448,441 2477,436 2506,433 2535,430 2564,426 2593,422 2622,418 2651,415 2681,413"/>
                <TextEquiv>
                    <Unicode>den fryherin von Casaria, hernach</Unicode>
                </TextEquiv>
            </TextLine>
            <TextLine id="r2l4" custom="readingOrder {index:3;}">
                <Coords points="2084,574 2132,578 2152,549 2306,520 2331,533 2377,503 2473,509 2510,480 2639,478 2676,460 2669,419 2606,446 2515,437 2485,460 2455,444 2332,482 2288,473 2159,531 2123,520 2078,539"/>
                <Baseline points="2094,567 2122,557 2151,549 2179,542 2208,533 2237,526 2265,520 2294,513 2322,507 2351,502 2380,497 2408,492 2437,487 2465,483 2494,479 2523,474 2551,471 2580,468 2608,464 2637,461 2666,458"/>
                <TextEquiv>
                    <Unicode>aber hinder Nüwenburg einen anderen</Unicode>
                </TextEquiv>
            </TextLine>
            <TextLine id="r2l5" custom="readingOrder {index:4;}">
                <Coords points="2097,628 2156,590 2418,562 2556,516 2620,531 2698,506 2691,465 2507,478 2465,507 2376,503 2346,528 2155,548 2088,577"/>
                <Baseline points="2103,600 2132,594 2161,587 2190,580 2219,574 2249,568 2278,563 2307,557 2336,551 2365,546 2395,540 2424,535 2453,530 2482,526 2511,521 2541,516 2570,513 2599,508 2628,506 2657,503 2687,500"/>
                <TextEquiv>
                    <Unicode>namlich Jean Gageri von Mümpel</Unicode>
                </TextEquiv>
            </TextLine>
            <TextLine id="r2l6" custom="readingOrder {index:5;}">
                <Coords points="2087,672 2249,616 2713,553 2704,503 2614,532 2556,516 2417,560 2151,591 2080,631"/>
                <Baseline points="2094,648 2124,641 2154,633 2184,626 2215,619 2245,612 2275,607 2305,601 2336,595 2366,590 2396,585 2426,580 2457,575 2487,571 2517,566 2547,561 2578,557 2608,552 2638,548 2668,545 2699,540"/>
                <TextEquiv>
                    <Unicode>gart, zum Vatter genamset, vnd al</Unicode>
                </TextEquiv>
            </TextLine>
            <TextLine id="r2l7" custom="readingOrder {index:6;}">
                <Coords points="2084,707 2142,676 2219,679 2331,641 2443,653 2547,615 2659,617 2685,598 2678,552 2620,557 2598,580 2572,563 2489,595 2449,588 2413,609 2389,593 2076,657"/>
                <Baseline points="2091,690 2120,683 2149,677 2178,669 2207,663 2237,657 2266,653 2295,647 2324,642 2353,638 2383,633 2412,629 2441,624 2470,621 2499,617 2529,613 2558,610 2587,606 2616,603 2645,599 2675,596"/>
                <TextEquiv>
                    <Unicode>schreiben der nicht er se</Unicode>
                </TextEquiv>
            </TextLine>
            <TextLine id="r2l8" custom="readingOrder {index:7;}">
                <Coords points="2081,753 2325,689 2560,683 2580,661 2686,649 2680,610 2579,610 2499,639 2474,628 2446,652 2332,641 2246,673 2176,669 2076,718"/>
                <Baseline points="2088,735 2117,729 2146,723 2176,716 2205,710 2234,704 2264,699 2293,693 2322,690 2352,684 2381,680 2410,676 2440,672 2469,668 2498,664 2528,661 2557,658 2586,654 2616,651 2645,648 2675,645"/>
                <TextEquiv>
                    <Unicode>gekunstlet, sölle er ira nachstellen,</Unicode>
                </TextEquiv>
            </TextLine>
            <TextLine id="r2l9" custom="readingOrder {index:8;}">
                <Coords points="2078,793 2125,801 2165,767 2345,734 2386,756 2503,715 2545,728 2590,706 2631,726 2693,702 2688,671 2588,660 2526,686 2357,686 2340,710 2218,713 2072,756"/>
                <Baseline points="2087,785 2116,777 2146,769 2176,762 2205,756 2235,750 2265,744 2294,740 2324,734 2354,730 2384,725 2413,722 2443,718 2473,715 2502,711 2532,709 2562,705 2591,701 2621,698 2651,695 2681,692"/>
                <TextEquiv>
                    <Unicode>vnd fals betrettens sy examiniiren,</Unicode>
                </TextEquiv>
            </TextLine>
            <TextLine id="r2l10" custom="readingOrder {index:9;}">
                <Coords points="2085,833 2169,829 2277,789 2343,807 2377,777 2416,788 2453,765 2693,745 2686,703 2623,700 2551,730 2500,714 2396,749 2343,735 2158,769 2120,798 2079,791"/>
                <Baseline points="2094,825 2123,818 2152,812 2182,806 2211,800 2240,794 2270,789 2299,783 2328,780 2358,775 2387,771 2416,766 2446,762 2475,758 2504,754 2534,751 2563,749 2592,746 2622,742 2651,739 2681,737"/>
                <TextEquiv>
                    <Unicode>hrenthalb bericht ynnemmen, vnd so die</Unicode>
                </TextEquiv>
            </TextLine>
            <TextLine id="r2l11" custom="readingOrder {index:10;}">
                <Coords points="2079,898 2196,848 2284,856 2380,824 2465,847 2593,804 2649,820 2681,807 2673,745 2610,747 2582,772 2542,754 2416,788 2376,776 2344,804 2254,792 2072,846"/>
                <Baseline points="2085,870 2114,864 2143,857 2172,852 2201,846 2231,842 2260,837 2289,832 2318,829 2347,825 2377,822 2406,819 2435,815 2464,812 2493,809 2523,806 2552,801 2581,798 2610,795 2639,792 2669,788"/>
                <TextEquiv>
                    <Unicode>sach darnach beschaffen, sy gewarsam</Unicode>
                </TextEquiv>
            </TextLine>
            <TextLine id="r2l12" custom="readingOrder {index:11;}">
                <Coords points="2080,937 2091,935 2109,908 2118,913 2130,906 2148,914 2163,904 2191,904 2205,897 2222,909 2244,904 2236,861 2224,864 2202,849 2176,860 2141,864 2115,884 2102,880 2097,887 2080,875 2069,877"/>
                <Baseline points="2087,911 2115,907 2144,903 2173,895 2202,890 2231,887"/>
                <TextEquiv>
                    <Unicode>harschicken</Unicode>
                </TextEquiv>
            </TextLine>
            <TextLine id="r2l13" custom="readingOrder {index:12;}">
                <Coords points="2080,1017 2123,987 2263,999 2336,977 2408,987 2480,951 2623,956 2666,939 2659,864 2594,893 2553,874 2467,897 2347,896 2195,945 2072,936"/>
                <Baseline points="2088,990 2116,986 2144,982 2172,978 2201,974 2229,971 2257,967 2286,965 2314,962 2342,959 2371,957 2399,954 2427,952 2455,948 2484,947 2512,945 2540,942 2569,940 2597,937 2625,936 2654,933"/>
                <TextEquiv>
                    <Unicode>Bern Arberg. Hindelbanck.</Unicode>
                </TextEquiv>
            </TextLine>
            <TextLine id="r2l14" custom="readingOrder {index:13;}">
                <Coords points="2087,1109 2289,1068 2509,1074 2583,1055 2718,1074 2716,998 2639,996 2584,1026 2530,991 2494,1028 2439,1016 2411,1033 2359,1004 2310,1023 2201,1008 2083,1036"/>
                <Baseline points="2096,1088 2126,1084 2157,1080 2187,1077 2218,1074 2249,1071 2279,1068 2310,1067 2340,1064 2371,1063 2402,1061 2432,1061 2463,1058 2493,1058 2524,1058 2555,1056 2585,1056 2616,1056 2646,1056 2677,1055 2708,1055"/>
                <TextEquiv>
                    <Unicode>Es doctor fabris, oben p. 248. verzeich¬</Unicode>
                </TextEquiv>
            </TextLine>
            <TextLine id="r2l15" custom="readingOrder {index:14;}">
                <Coords points="2105,1122 2243,1124 2319,1104 2380,1118 2407,1102 2460,1119 2538,1094 2620,1099 2650,1085 2649,1062 2344,1066 2104,1099"/>
                <Baseline points="2115,1116 2141,1113 2167,1110 2193,1107 2219,1106 2246,1105 2272,1103 2298,1102 2324,1101 2350,1100 2377,1100 2403,1098 2429,1098 2455,1097 2481,1096 2508,1095 2534,1094 2560,1092 2586,1091 2612,1089 2639,1086"/>
                <TextEquiv>
                    <Unicode>neten ansprach halb hatt der</Unicode>
                </TextEquiv>
            </TextLine>
            <TextLine id="r2l16" custom="readingOrder {index:15;}">
                <Coords points="2102,1174 2137,1156 2194,1168 2222,1148 2339,1158 2391,1141 2454,1160 2512,1141 2555,1160 2583,1134 2638,1148 2683,1132 2681,1090 2660,1085 2453,1118 2410,1101 2382,1117 2100,1120"/>
                <Baseline points="2112,1155 2140,1152 2168,1150 2196,1148 2224,1146 2252,1145 2280,1143 2308,1142 2336,1140 2364,1140 2392,1139 2420,1139 2448,1137 2476,1137 2504,1136 2532,1135 2560,1134 2588,1133 2616,1132 2644,1131 2673,1128"/>
                <TextEquiv>
                    <Unicode>hepredicant zu Arberg sich schrifft¬</Unicode>
                </TextEquiv>
            </TextLine>
            <TextLine id="r2l17" custom="readingOrder {index:16;}">
                <Coords points="2106,1206 2162,1199 2224,1223 2272,1187 2324,1184 2376,1211 2514,1177 2590,1192 2710,1171 2709,1142 2583,1133 2544,1158 2474,1141 2457,1161 2218,1150 2196,1170 2137,1156 2104,1173"/>
                <Baseline points="2115,1200 2144,1197 2173,1194 2202,1191 2231,1188 2261,1187 2290,1184 2319,1182 2348,1181 2377,1181 2407,1179 2436,1179 2465,1178 2494,1176 2523,1175 2553,1174 2582,1173 2611,1171 2640,1169 2669,1167 2699,1164"/>
                <TextEquiv>
                    <Unicode>lich entschuldiget, daß er nützit</Unicode>
                </TextEquiv>
            </TextLine>
            <TextLine id="r2l18" custom="readingOrder {index:17;}">
                <Coords points="2094,1252 2267,1259 2362,1229 2661,1227 2706,1216 2704,1166 2590,1192 2479,1182 2426,1208 2320,1183 2242,1210 2219,1194 2190,1216 2092,1216"/>
                <Baseline points="2103,1239 2132,1238 2162,1236 2191,1234 2221,1233 2251,1231 2280,1230 2310,1229 2340,1227 2369,1226 2399,1224 2429,1223 2458,1222 2488,1221 2518,1220 2547,1218 2577,1218 2607,1217 2636,1215 2666,1214 2696,1212"/>
                <TextEquiv>
                    <Unicode>von synem bruder geerbt, vnd deß¬</Unicode>
                </TextEquiv>
            </TextLine>
            <TextLine id="r2l19" custom="readingOrder {index:18;}">
                <Coords points="2083,1298 2191,1287 2221,1303 2256,1276 2451,1293 2518,1267 2586,1284 2616,1261 2675,1276 2704,1268 2702,1216 2552,1220 2526,1240 2475,1225 2438,1248 2360,1230 2081,1256"/>
                <Baseline points="2094,1287 2124,1284 2154,1281 2184,1278 2214,1277 2244,1274 2274,1272 2304,1271 2334,1269 2364,1268 2394,1267 2424,1266 2454,1265 2484,1264 2514,1263 2544,1263 2574,1262 2604,1262 2634,1262 2664,1261 2694,1260"/>
                <TextEquiv>
                    <Unicode>wegen da mit zu bezalen habe. Vff</Unicode>
                </TextEquiv>
            </TextLine>
            <TextLine id="r2l20" custom="readingOrder {index:19;}">
                <Coords points="2101,1339 2253,1325 2283,1347 2328,1324 2446,1345 2479,1318 2544,1333 2602,1312 2673,1328 2716,1311 2715,1272 2614,1263 2544,1285 2516,1267 2409,1296 2256,1277 2221,1303 2191,1287 2100,1303"/>
                <Baseline points="2111,1331 2140,1328 2170,1327 2200,1325 2229,1324 2259,1323 2289,1322 2318,1320 2348,1319 2378,1317 2408,1317 2437,1316 2467,1314 2497,1314 2526,1313 2556,1313 2586,1311 2615,1310 2645,1308 2675,1308 2705,1307"/>
                <TextEquiv>
                    <Unicode>veliches H. Peter Inquindt, predicant</Unicode>
                </TextEquiv>
            </TextLine>
            <TextLine id="r2l21" custom="readingOrder {index:20;}">
                <Coords points="2088,1393 2198,1375 2391,1394 2415,1370 2468,1383 2511,1363 2541,1381 2584,1359 2716,1369 2700,1311 2640,1334 2585,1313 2546,1333 2479,1318 2440,1345 2324,1323 2275,1348 2247,1330 2087,1345"/>
                <Baseline points="2099,1373 2129,1371 2159,1371 2189,1371 2220,1370 2250,1370 2280,1368 2311,1368 2341,1367 2371,1367 2402,1366 2432,1365 2462,1364 2492,1363 2523,1362 2553,1361 2583,1359 2614,1357 2644,1356 2674,1353 2705,1352"/>
                <TextEquiv>
                    <Unicode>zu hindelbanck geschriben worden, das</Unicode>
                </TextEquiv>
            </TextLine>
            <TextLine id="r2l22" custom="readingOrder {index:21;}">
                <Coords points="2083,1432 2159,1448 2246,1424 2338,1446 2433,1413 2611,1409 2630,1426 2728,1408 2726,1360 2649,1383 2588,1358 2551,1382 2511,1363 2422,1393 2177,1376 2082,1394"/>
                <Baseline points="2093,1422 2124,1421 2155,1421 2186,1420 2217,1419 2249,1419 2280,1418 2311,1417 2342,1416 2373,1415 2405,1415 2436,1414 2467,1413 2498,1412 2529,1410 2561,1409 2592,1407 2623,1406 2654,1403 2685,1401 2717,1398"/>
                <TextEquiv>
                    <Unicode>diewyl er syn schwester, vnd hiemitt</Unicode>
                </TextEquiv>
            </TextLine>
            <TextLine id="r2l23" custom="readingOrder {index:22;}">
                <Coords points="2099,1486 2230,1463 2287,1484 2349,1458 2368,1475 2491,1449 2590,1469 2731,1447 2729,1399 2630,1426 2613,1410 2431,1414 2340,1440 2098,1429"/>
                <Baseline points="2109,1464 2139,1463 2170,1463 2200,1462 2231,1461 2262,1460 2292,1458 2323,1458 2353,1457 2384,1456 2415,1455 2445,1454 2476,1452 2506,1451 2537,1451 2568,1449 2598,1448 2629,1447 2659,1446 2690,1445 2721,1443"/>
                <TextEquiv>
                    <Unicode>synen schwager, Hans v. Käller, der</Unicode>
                </TextEquiv>
            </TextLine>
            <TextLine id="r2l24" custom="readingOrder {index:23;}">
                <Coords points="2097,1518 2362,1525 2528,1497 2748,1510 2746,1452 2715,1444 2686,1464 2494,1480 2450,1456 2096,1487"/>
                <Baseline points="2106,1509 2137,1508 2169,1508 2200,1506 2232,1505 2263,1505 2295,1503 2326,1503 2358,1503 2389,1502 2421,1502 2452,1501 2484,1500 2515,1499 2547,1498 2578,1497 2610,1496 2641,1495 2673,1493 2704,1491 2736,1488"/>
                <TextEquiv>
                    <Unicode>selben Eheman, geerbt, vnd nach Ir beide</Unicode>
                </TextEquiv>
            </TextLine>
            <TextLine id="r2l25" custom="readingOrder {index:24;}">
                <Coords points="2104,1570 2212,1552 2365,1570 2388,1551 2437,1574 2515,1545 2749,1548 2748,1510 2660,1500 2463,1500 2343,1525 2103,1512"/>
                <Baseline points="2114,1553 2145,1553 2176,1553 2207,1551 2238,1551 2270,1550 2301,1550 2332,1548 2363,1548 2394,1547 2426,1545 2457,1545 2488,1544 2519,1542 2550,1541 2582,1541 2613,1539 2644,1538 2675,1537 2706,1535 2738,1533"/>
                <TextEquiv>
                    <Unicode>hinscheid sich Irer sachen vnd schulden an¬</Unicode>
                </TextEquiv>
            </TextLine>
            <TextLine id="r2l26" custom="readingOrder {index:25;}">
                <Coords points="2109,1611 2317,1593 2355,1619 2426,1598 2468,1620 2515,1590 2566,1619 2626,1595 2764,1594 2763,1559 2690,1536 2434,1573 2388,1550 2365,1571 2317,1555 2108,1568"/>
                <Baseline points="2118,1599 2149,1598 2181,1596 2213,1595 2245,1595 2276,1594 2308,1593 2340,1593 2372,1593 2403,1593 2435,1593 2467,1592 2499,1592 2530,1592 2562,1592 2594,1592 2626,1592 2657,1592 2689,1590 2721,1590 2753,1589"/>
                <TextEquiv>
                    <Unicode>genommen, er deßwegen den H. Doctor</Unicode>
                </TextEquiv>
            </TextLine>
            <TextLine id="r2l27" custom="readingOrder {index:26;}">
                <Coords points="2102,1661 2398,1665 2509,1646 2553,1666 2607,1639 2636,1664 2682,1643 2736,1659 2736,1597 2555,1616 2515,1589 2482,1615 2388,1594 2354,1620 2269,1599 2102,1623"/>
                <Baseline points="2112,1641 2142,1640 2173,1640 2204,1640 2234,1640 2265,1639 2296,1638 2326,1638 2357,1638 2388,1638 2419,1638 2449,1638 2480,1638 2511,1638 2541,1638 2572,1638 2603,1638 2633,1637 2664,1637 2695,1637 2726,1637"/>
                <TextEquiv>
                    <Unicode>vmb syn ansprach befridigen sölle,</Unicode>
                </TextEquiv>
            </TextLine>
            <TextLine id="r2l28" custom="readingOrder {index:27;}">
                <Coords points="2080,1741 2178,1764 2230,1749 2328,1762 2378,1747 2566,1745 2566,1697 2466,1689 2447,1701 2422,1678 2276,1678 2257,1691 2168,1678 2128,1697 2080,1683"/>
                <Baseline points="2090,1742 2115,1742 2141,1743 2167,1743 2193,1743 2219,1745 2245,1745 2270,1745 2296,1745 2322,1745 2348,1745 2374,1745 2400,1745 2425,1745 2451,1743 2477,1743 2503,1743 2529,1742 2555,1740"/>
                <TextEquiv>
                    <Unicode>Bumenstein. Mett</Unicode>
                </TextEquiv>
            </TextLine>
            <TextLine id="r2l29" custom="readingOrder {index:28;}">
                <Coords points="2119,1844 2203,1826 2351,1835 2378,1859 2424,1835 2728,1860 2766,1854 2768,1790 2715,1805 2670,1780 2568,1777 2494,1802 2432,1785 2340,1801 2257,1769 2164,1798 2121,1784"/>
                <Baseline points="2130,1823 2161,1824 2192,1825 2224,1826 2255,1827 2286,1829 2318,1830 2349,1830 2380,1831 2412,1832 2443,1833 2474,1835 2506,1835 2537,1836 2568,1837 2600,1838 2631,1839 2662,1840 2694,1841 2725,1842 2757,1844"/>
                <TextEquiv>
                    <Unicode>beide H. Schwäger Völckli und Falcke</Unicode>
                </TextEquiv>
            </TextLine>
            <TextLine id="r2l30" custom="readingOrder {index:29;}">
                <Coords points="2055,1878 2065,1879 2079,1867 2097,1866 2105,1875 2110,1871 2120,1871 2122,1830 2091,1826 2082,1834 2076,1829 2070,1835 2057,1835"/>
                <Baseline points="2067,1863 2111,1865"/>
                <TextEquiv>
                    <Unicode>d</Unicode>
                </TextEquiv>
            </TextLine>
            <TextLine id="r2l31" custom="readingOrder {index:30;}">
                <Coords points="2120,1876 2205,1870 2259,1897 2441,1871 2487,1891 2531,1876 2576,1901 2664,1878 2760,1898 2745,1845 2632,1858 2566,1835 2246,1828 2121,1843"/>
                <Baseline points="2130,1865 2161,1865 2192,1866 2223,1866 2254,1867 2285,1868 2316,1869 2347,1869 2378,1871 2409,1872 2440,1872 2471,1874 2502,1875 2533,1876 2564,1877 2595,1878 2626,1880 2657,1880 2688,1881 2719,1881 2751,1883"/>
                <TextEquiv>
                    <Unicode>wyl die fründtliche rechnung und ver¬</Unicode>
                </TextEquiv>
            </TextLine>
            <TextLine id="r2l32" custom="readingOrder {index:31;}">
                <Coords points="2116,1923 2327,1918 2362,1944 2404,1921 2518,1939 2596,1915 2753,1925 2753,1894 2664,1881 2576,1900 2534,1878 2248,1893 2196,1869 2117,1875"/>
                <Baseline points="2127,1908 2157,1908 2188,1910 2219,1910 2250,1910 2280,1911 2311,1912 2342,1913 2373,1914 2403,1914 2434,1916 2465,1916 2496,1917 2526,1917 2557,1918 2588,1919 2619,1919 2649,1920 2680,1920 2711,1920 2742,1920"/>
                <TextEquiv>
                    <Unicode>glychung nit erheblich gsin, söllendt</Unicode>
                </TextEquiv>
            </TextLine>
            <TextLine id="r2l33" custom="readingOrder {index:32;}">
                <Coords points="2122,1962 2314,1982 2379,1963 2531,1984 2703,1970 2748,1988 2749,1947 2685,1924 2516,1938 2485,1922 2453,1942 2410,1922 2351,1937 2326,1916 2124,1922"/>
                <Baseline points="2133,1955 2163,1956 2193,1956 2223,1956 2254,1958 2284,1958 2314,1958 2345,1959 2375,1961 2405,1961 2436,1962 2466,1963 2496,1964 2526,1965 2557,1966 2587,1967 2617,1968 2648,1969 2678,1970 2708,1971 2739,1973"/>
                <TextEquiv>
                    <Unicode>von künfftig mitt wuchen über 8 tag</Unicode>
                </TextEquiv>
            </TextLine>
            <TextLine id="r2l34" custom="readingOrder {index:33;}">
                <Coords points="2121,2027 2152,2034 2198,2009 2242,2035 2346,2016 2373,2032 2401,2011 2471,2040 2576,2025 2646,2043 2674,2035 2675,1981 2550,1970 2531,1985 2516,1970 2485,1984 2381,1963 2311,1985 2280,1967 2161,1977 2122,1960"/>
                <Baseline points="2132,2004 2158,2003 2185,2003 2211,2003 2238,2003 2264,2004 2291,2004 2317,2004 2344,2006 2370,2006 2397,2007 2424,2008 2450,2009 2477,2009 2503,2010 2530,2010 2556,2010 2583,2011 2609,2012 2636,2011 2663,2010"/>
                <TextEquiv>
                    <Unicode>hie zu erschynen har beschriben, so das</Unicode>
                </TextEquiv>
            </TextLine>
            <TextLine id="r2l35" custom="readingOrder {index:34;}">
                <Coords points="2677,2026 2687,2028 2697,2041 2702,2037 2712,2040 2725,1980 2715,1978 2712,1980 2704,1970 2699,1973 2688,1971"/>
                <Baseline points="2690,2016 2705,2019"/>
                <TextEquiv>
                    <Unicode>.</Unicode>
                </TextEquiv>
            </TextLine>
            <TextLine id="r2l36" custom="readingOrder {index:35;}">
                <Coords points="2296,2093 2317,2091 2323,2098 2350,2086 2358,2095 2365,2089 2388,2094 2396,2085 2409,2094 2453,2091 2481,2105 2509,2097 2510,2058 2489,2051 2474,2063 2455,2062 2421,2028 2389,2041 2369,2028 2348,2040 2298,2032"/>
                <Baseline points="2307,2081 2334,2081 2361,2082 2389,2082 2416,2084 2444,2084 2471,2085 2499,2087"/>
                <TextEquiv>
                    <Unicode>Biberen</Unicode>
                </TextEquiv>
            </TextLine>
            <TextLine id="r2l37" custom="readingOrder {index:36;}">
                <Coords points="2129,2164 2267,2159 2308,2186 2332,2166 2541,2170 2581,2193 2658,2171 2719,2200 2778,2182 2780,2146 2739,2128 2679,2155 2538,2128 2354,2142 2321,2123 2283,2143 2232,2097 2132,2107"/>
                <Baseline points="2141,2153 2172,2153 2203,2154 2235,2154 2266,2156 2297,2157 2329,2158 2360,2159 2391,2161 2423,2163 2454,2164 2485,2166 2517,2167 2548,2169 2579,2171 2611,2172 2642,2172 2673,2174 2705,2174 2736,2174 2768,2174"/>
                <TextEquiv>
                    <Unicode>deter Wiegsam der müller hatt ab Pe¬</Unicode>
                </TextEquiv>
            </TextLine>
            <TextLine id="r2l38" custom="readingOrder {index:37;}">
                <Coords points="2145,2202 2201,2191 2222,2209 2364,2204 2438,2224 2491,2205 2593,2232 2620,2212 2678,2233 2794,2211 2795,2175 2726,2196 2656,2170 2582,2192 2539,2169 2459,2183 2147,2156"/>
                <Baseline points="2156,2187 2187,2189 2218,2190 2250,2193 2281,2193 2312,2195 2344,2196 2375,2198 2406,2199 2438,2201 2469,2202 2500,2204 2532,2205 2563,2205 2594,2207 2626,2208 2657,2208 2688,2210 2720,2211 2751,2211 2783,2211"/>
                <TextEquiv>
                    <Unicode>ter Salchli synem gewesnen Karknecht</Unicode>
                </TextEquiv>
            </TextLine>
            <TextLine id="r2l39" custom="readingOrder {index:38;}">
                <Coords points="2143,2257 2314,2242 2356,2260 2475,2247 2512,2269 2546,2247 2792,2269 2794,2211 2745,2232 2491,2205 2305,2216 2199,2190 2144,2205"/>
                <Baseline points="2154,2234 2185,2234 2216,2235 2248,2235 2279,2235 2310,2237 2342,2237 2373,2238 2404,2240 2436,2240 2467,2241 2498,2243 2530,2243 2561,2244 2592,2246 2624,2247 2655,2247 2686,2249 2718,2250 2749,2252 2781,2252"/>
                <TextEquiv>
                    <Unicode>geklagt, wie das derselbig eines morgens</Unicode>
                </TextEquiv>
            </TextLine>
            <TextLine id="r2l40" custom="readingOrder {index:39;}">
                <Coords points="2132,2292 2343,2285 2451,2312 2485,2288 2540,2315 2578,2295 2769,2293 2769,2260 2692,2251 2227,2259 2133,2232"/>
                <Baseline points="2142,2277 2172,2277 2203,2277 2234,2277 2265,2277 2296,2278 2327,2279 2357,2279 2388,2280 2419,2280 2450,2282 2481,2283 2512,2284 2543,2285 2573,2286 2604,2286 2635,2288 2666,2288 2697,2289 2728,2289 2759,2289"/>
                <TextEquiv>
                    <Unicode>In synem abwesen zug meisterin, als sey</Unicode>
                </TextEquiv>
            </TextLine>
            <TextLine id="r2l41" custom="readingOrder {index:40;}">
                <Coords points="2130,2330 2464,2348 2494,2326 2779,2356 2780,2304 2750,2288 2565,2304 2545,2282 2487,2284 2459,2311 2388,2288 2131,2292"/>
                <Baseline points="2142,2315 2173,2318 2204,2319 2236,2321 2267,2322 2298,2324 2330,2324 2361,2325 2392,2325 2424,2325 2455,2327 2486,2327 2518,2327 2549,2328 2580,2329 2612,2330 2643,2331 2674,2333 2706,2336 2737,2339 2769,2340"/>
                <TextEquiv>
                    <Unicode>noch an irer rich gsin, hinyn in die stuben</Unicode>
                </TextEquiv>
            </TextLine>
            <TextLine id="r2l42" custom="readingOrder {index:41;}">
                <Coords points="2137,2372 2336,2367 2368,2396 2448,2373 2515,2390 2588,2375 2658,2402 2755,2376 2756,2341 2735,2336 2676,2359 2493,2326 2464,2350 2139,2326"/>
                <Baseline points="2148,2358 2177,2360 2207,2361 2237,2362 2267,2363 2297,2364 2326,2364 2356,2366 2386,2367 2416,2369 2446,2369 2475,2370 2505,2370 2535,2372 2565,2372 2595,2373 2624,2374 2654,2375 2684,2375 2714,2376 2744,2376"/>
                <TextEquiv>
                    <Unicode>gangen, vnd vff Irem Bett gsin sye</Unicode>
                </TextEquiv>
            </TextLine>
            <TextLine id="r2l43" custom="readingOrder {index:42;}">
                <Coords points="2150,2415 2260,2431 2308,2411 2339,2431 2365,2406 2435,2429 2532,2415 2590,2440 2621,2418 2719,2437 2745,2421 2782,2441 2813,2438 2814,2404 2744,2379 2680,2399 2587,2375 2537,2395 2474,2374 2372,2390 2341,2368 2199,2383 2151,2367"/>
                <Baseline points="2160,2405 2192,2406 2224,2406 2256,2406 2288,2408 2320,2408 2352,2409 2384,2410 2416,2411 2448,2411 2481,2412 2513,2414 2545,2414 2577,2415 2609,2416 2641,2417 2673,2418 2705,2420 2737,2421 2769,2421 2802,2423"/>
                <TextEquiv>
                    <Unicode>Inmassen imme soliches gantz schwer für</Unicode>
                </TextEquiv>
            </TextLine>
            <TextLine id="r2l44" custom="readingOrder {index:43;}">
                <Coords points="2149,2453 2223,2478 2259,2456 2353,2471 2418,2452 2812,2477 2813,2437 2740,2420 2719,2439 2621,2417 2573,2439 2538,2415 2502,2431 2365,2406 2339,2431 2150,2415"/>
                <Baseline points="2159,2451 2191,2450 2223,2450 2255,2450 2287,2450 2319,2450 2351,2450 2384,2451 2416,2451 2448,2453 2480,2454 2512,2454 2544,2456 2576,2457 2609,2459 2641,2459 2673,2460 2705,2462 2737,2463 2769,2465 2802,2465"/>
                <TextEquiv>
                    <Unicode>falle, vnd anders nit gedencken könne, denn</Unicode>
                </TextEquiv>
            </TextLine>
            <TextLine id="r2l45" custom="readingOrder {index:44;}">
                <Coords points="2133,2511 2171,2501 2204,2521 2355,2495 2500,2524 2519,2508 2675,2530 2692,2516 2738,2538 2740,2469 2423,2452 2134,2469"/>
                <Baseline points="2145,2492 2174,2492 2203,2492 2232,2492 2261,2492 2290,2492 2319,2492 2348,2492 2377,2493 2406,2493 2436,2493 2465,2495 2494,2495 2523,2496 2552,2498 2581,2500 2610,2503 2639,2506 2668,2508 2697,2513 2727,2517"/>
                <TextEquiv>
                    <Unicode>das er sy begert habe zu betriegen.</Unicode>
                </TextEquiv>
            </TextLine>
            <TextLine id="r2l46" custom="readingOrder {index:45;}">
                <Coords points="2131,2552 2210,2538 2256,2556 2296,2534 2318,2556 2478,2544 2544,2567 2623,2552 2782,2572 2768,2523 2449,2520 2354,2494 2132,2511"/>
                <Baseline points="2142,2543 2173,2540 2205,2538 2236,2537 2268,2537 2299,2537 2331,2537 2362,2537 2394,2538 2425,2539 2457,2541 2488,2541 2520,2544 2551,2545 2583,2547 2614,2549 2646,2550 2677,2551 2709,2553 2740,2555 2772,2555"/>
                <TextEquiv>
                    <Unicode>darüber er zwar deß yntritts in die</Unicode>
                </TextEquiv>
            </TextLine>
            <TextLine id="r2l47" custom="readingOrder {index:46;}">
                <Coords points="2133,2609 2202,2607 2236,2582 2299,2603 2380,2585 2459,2620 2564,2596 2622,2598 2657,2626 2764,2613 2765,2573 2707,2555 2546,2565 2378,2541 2319,2556 2296,2534 2256,2556 2223,2540 2135,2552"/>
                <Baseline points="2145,2583 2175,2580 2205,2579 2236,2577 2266,2576 2297,2576 2327,2576 2357,2576 2388,2577 2418,2577 2449,2579 2479,2580 2509,2583 2540,2584 2570,2586 2601,2588 2631,2589 2661,2591 2692,2592 2722,2594 2753,2595"/>
                <TextEquiv>
                    <Unicode>stuben, daß die aber by ira vffem</Unicode>
                </TextEquiv>
            </TextLine>
            <TextEquiv>
                <Unicode>268.
den doch liegen gerechen des
den fryherin von Casaria, hernach
aber hinder Nüwenburg einen anderen
namlich Jean Gageri von Mümpel
gart, zum Vatter genamset, vnd al
schreiben der nicht er se
gekunstlet, sölle er ira nachstellen,
vnd fals betrettens sy examiniiren,
hrenthalb bericht ynnemmen, vnd so die
sach darnach beschaffen, sy gewarsam
harschicken
Bern Arberg. Hindelbanck.
Es doctor fabris, oben p. 248. verzeich¬
neten ansprach halb hatt der
hepredicant zu Arberg sich schrifft¬
lich entschuldiget, daß er nützit
von synem bruder geerbt, vnd deß¬
wegen da mit zu bezalen habe. Vff
veliches H. Peter Inquindt, predicant
zu hindelbanck geschriben worden, das
diewyl er syn schwester, vnd hiemitt
synen schwager, Hans v. Käller, der
selben Eheman, geerbt, vnd nach Ir beide
hinscheid sich Irer sachen vnd schulden an¬
genommen, er deßwegen den H. Doctor
vmb syn ansprach befridigen sölle,
Bumenstein. Mett
beide H. Schwäger Völckli und Falcke
d
wyl die fründtliche rechnung und ver¬
glychung nit erheblich gsin, söllendt
von künfftig mitt wuchen über 8 tag
hie zu erschynen har beschriben, so das
.
Biberen
deter Wiegsam der müller hatt ab Pe¬
ter Salchli synem gewesnen Karknecht
geklagt, wie das derselbig eines morgens
In synem abwesen zug meisterin, als sey
noch an irer rich gsin, hinyn in die stuben
gangen, vnd vff Irem Bett gsin sye
Inmassen imme soliches gantz schwer für
falle, vnd anders nit gedencken könne, denn
das er sy begert habe zu betriegen.
darüber er zwar deß yntritts in die
stuben, daß die aber by ira vffem</Unicode>
            </TextEquiv>
        </TextRegion>
    </Page>
</PcGts>
