4032 3024
1338 346 1440 415 394.
1398 402 1985 538 wie sy dann zethun beider syts gelast zu
1427 462 1983 576 Demnach so ist wüschen beiden edi
1428 500 1972 619 tigen das vorgehnde verpott, byß
1399 535 1975 638 das man die straff von nütten aus
1405 581 1974 689 vnd scherpffen wurde, wider erse
1416 620 1938 709 deßhalben ouch die obberührte
1411 657 1984 753 schafft zwüschen irem bruder und we¬
1406 697 1989 792 Schwander gentzlich ufgehept, disem
1411 738 1986 836 hie eröffnet, sänem aber zu erst
1404 786 1982 868 nen dem Chorgricht beuolcht, das der
1390 825 1983 911 und ander sich umb ein andern gmei
1405 850 1995 939 von nun an vmbsechen sölle, Costens
1397 891 2003 979 halb dem Schwander, das er obgemelten
1396 936 1968 1015 Eheman 26. zu stühr entrichten
1398 968 1986 1049 erlegt, vnd der überig zu allen thei
1401 1017 1992 1096 vfgehept, die frouw heimgelassen
1393 1048 1996 1137 Schwander aber noch biß uffn nechsten
1401 1096 1988 1171 horgrichts tag damitt sie In der
1408 1133 2006 1215 traf einandern glych syend) hinab
1403 1168 1654 1240 gesagt worden
1430 1216 1877 1306 der er söliches zuschryb
1627 1328 1879 1421 Huttwyl
1456 1411 2011 1494 zu Thoman Fiechter vnd Barbar
1429 1473 1993 1538 Schynholtz hatt die gfangenschafft
1430 1505 1995 1573 nit sovil gefruchtet, dann das sie by
1417 1541 2003 1603 hrem Vnwillen verbliben, vnd so es
1408 1575 2009 1643 henen syn möge, beider syts die schidigung
1415 1613 2017 1669 begert. Vnd die wyl dann er gemeldet
1405 1653 2002 1716 das er zu anfang irer Ehe vnd da sie
1409 1690 1997 1741 zum ersten mal hie erschinnen, noch
1418 1726 2002 1791 vermüglich gsin, jetzund aber wegen
1410 1767 2014 1828 zugenomnen alters nit mehr wie
1425 1802 2009 1868 ein ander Man beschaffen sye. Sie
1405 1839 2010 1908 aber hingegen sich noch frisch dargestelt
1406 1876 2004 1949 und revesahn geben, das sy zwar durch
1401 1911 1999 1987 dise Ehe etwas liebe gesucht, ab
1400 1955 2014 2031 nun in 6. jaren synen nit besser erden
1407 2000 2004 2069 möge. Hieruff erkent, das er
1391 2039 2000 2109 noch einmal durch die H. Doctores
1394 2082 1771 2153 besichtiget werden sölle.
1614 2150 1867 2249 muleren.
1399 2242 1992 2327 Bendicht pfander der Wirth hatt vnd
1435 2310 1998 2357 erlittne gfangenschafft mit den
1426 2334 1987 2398 ters vermeldet, dann daß Michel
1418 2367 1997 2431 Stucki und Pauli Baggisperg ein
1425 2401 1999 2473 indern geschlagen, und Bitzi schober
1415 2440 2023 2498 imme angmutet habe, inen zugestatten.
1400 2473 1996 2539 das sie im denn tantzen mögind, wel¬
1392 2512 2007 2590 cher ab nit beschechen, und hieneben
2618 369 2701 443 395.
2019 427 2699 557 vff vorlesung deß hargeschickten Rodels sich
2037 480 2699 585 eines guten theils darinn vßzeichneter
2025 512 2700 640 psonen erinneret, uf weliches nicht an
2037 550 2707 671 yner gfangenschafft ein gnugen genommen,
2029 595 2703 706 vnd Inne mitt einer ernstigen vermahn
2014 647 2679 755 sung und wahrnung, wider heimlichen
2026 678 2715 790 lassen, die beid scheizer ouch, mitt namm
2031 718 2691 832 Peter hug und Burcki Tschieren, uff
2021 766 2698 877 Ihre entschuldigung, zu mehrer ufrich¬
2025 811 2705 917 tigkeit und flyssigen ufachtung uff der
2040 862 2718 951 glychen unwesen, vermahnt, vnd damit
2038 895 2698 1002 gut funden, das die Im Todel angebnen
2033 943 2641 1048 psonen hargehalten weden söllindt
2208 1033 2514 1117 hulgenbach
2034 1106 2705 1205 der Jenigen Landlüten halb, so In deß ob¬
2046 1143 2728 1225 spittals Schür bin Künig brunnen zu
2057 1188 2734 1276 samen kommend, ir rendez vous und liger
2034 1237 2710 1314 da habend, sol dem hoßman durch den
2034 1265 2730 1359 Chor Weibel angezeigt werden, das so er
2040 1301 2735 1402 Im Sulgenbach zum Vfsecher vordnet,
2052 1356 2729 1435 er vff gemelte lüth am morgen achten,
2043 1392 2730 1479 sy entdecken vnd namhafft machen solle.
2250 1490 2588 1573 Blumenstem
2044 1551 2689 1635 Maria Wenger hatt die straf vß ge¬
2070 1619 2681 1666 standen vmb Iren Ehebruch, den sy
2070 1652 2700 1700 mitt david Bäler begangen, vnd
2064 1682 2704 1754 Ist nach gewohntem bruch zu bessen
2071 1717 2422 1793 ung vermahnt worden.
2099 1792 2557 1876 Nichtrach. Gsteig
2090 1875 2738 1948 Obwol Barbli Räber, zu Wichtrach die¬
2083 1938 2727 1986 nende, Niclaus Waber daselbst, als er
2079 1965 2714 2024 mitt Anna Brönniman, kilchenrecht
2074 2001 2730 2068 und hochzyt halten wollen, der Ehe ange¬
2107 2042 2721 2110 prochen und fürgeben, das er sy nit allein
2086 2087 2731 2154 beschlaffen vnd geschwenget, sondern auch
2083 2128 2715 2173 hra die Ehe, vnd dieselbe mitt dem
2071 2166 2713 2231 Kilchgang zu erstatten Theissen habe
2086 2203 2714 2269 hatt er doch die Eheversprechung gene
2096 2246 2728 2310 lich meinet, byschlafs halb aber yn
2098 2286 2728 2350 gewandt, das derselb vff Iren gegebnen
2085 2326 2733 2391 anlaß geschechen, ouch vngwüß sye, ob
2094 2361 2723 2429 sich imme das khind der zyt nach wider
2095 2404 2244 2460 züchen mög
2252 2405 2759 2474 . Wyl nun sy ire ansprach
2079 2438 2745 2506 der Ehehalb nit erwahren können,
2087 2490 2779 2560 Ist dieselbe krafftloß erkent, und imme
