4032 3024
1348 365 1477 448 480.
1393 459 1978 616 Mittwuchens. 4 Nov. 16
1669 559 1844 648 Exsen.
1439 612 1887 724 Hr zügherr Ammanschen.
1642 690 1832 774 Minist.
1447 735 1963 849 Hr Langhaus, Hr Rütimeyer
1656 815 1781 890 Civ.
1455 870 1934 959 S munner, hr. von Werdt.
1440 927 1932 1016 hr Heimberg. S. Neinhart.
1662 1046 1788 1117 Bern.
1419 1131 1990 1209 Wegen Abraham Werlis ein Jedel
1458 1186 1972 1247 an S. Großweibel vnd Gricht¬
1456 1229 1972 1288 schryber, die erkente verwysung
1453 1267 1991 1328 umb yn dritten fäler an imme one
1423 1304 1928 1376 Wÿtern ezūg Zū erstatten.
1464 1413 1858 1490 Rötelen. Bern.
1451 1486 2009 1563 Hans Ruch der müllerknecht, so hie¬
1456 1541 1986 1597 uor von der jungen Kinderin wegen
1443 1569 1995 1635 uß der Statt gewisen worden, wyl
1439 1598 1989 1667 er sich wider mich vrteil vnd syn
1444 1636 2017 1709 eigne glüpt widerumb herzu gelassen,
1449 1677 1999 1751 vnd zu trutz offentlich sich erzeigt,
1450 1711 2015 1795 ouch by synem meister wider zu dienst
1440 1744 1990 1828 begeben, sol durch den Chorweibel
1429 1781 2015 1876 vnd antreffende hilff gfenglich yn¬
1432 1847 1685 1928 gelegt werden
1636 1897 1920 1989 Rapperswyl.
1441 1972 2016 2075 Madten Blum Ist vff erscheinte vol¬
1463 2015 2020 2112 führung hieuor ußgebrachter Cita¬
1459 2054 2011 2144 tion wider Nieli Jacob Iren uß
1438 2091 2032 2202 blibnen Eheman die schidigung ver¬
1446 2127 2033 2227 langet, mitt zu erkantnuß des Costens
1443 2205 1676 2271 ob synem gut.
1436 2199 2015 2322 das khind betreffend, ist erlüteret,
1445 2264 1985 2359 daß gemelts Jacoben vatter, so sich
1443 2308 1989 2400 gutwillig erzeigt, söliches by sich
1443 2349 1985 2435 behalten, sy ehrlich dienen, vnd
1449 2369 1991 2472 uß dem was sy eroberen mag, zum
1441 2385 2023 2512 herlich zur uferzüchung 5 lb den stühren
1447 2450 2001 2541 ouch sonsten gegen dem khind mitt
1450 2487 2025 2577 kleidlinen vnd anderer notwendig
1441 2538 1865 2631 keit ir bestes thun sölle.
1773 2587 1927 2657 Welches
2586 378 2682 443 481
2036 432 2651 590 weliches dem herr vogt zu Frienisperg
2038 501 2667 620 wie sonderlich das er den verufften,
2027 536 2650 671 so er sich zue land liesse, mitt dem Eid
2025 585 2633 731 verwysen solle, zugeschriben worden
2228 681 2449 762 Vechingen
2069 753 2711 880 Segen der liederligkeit, deren Martin
2060 808 2722 911 Berchtold vnd Barbli Bertschi schin eh-
2061 840 2716 961 frouw verleidet worden, der er ant
2057 888 2671 990 worten, das sy beide Ehelüt, sambt
2060 928 2682 1038 Hans Nieder von etzigen Irem vogt,
2067 972 2664 1082 vffen Montag herhalten söllinde
2291 1045 2412 1132 Belp.
2094 1089 2635 1207 Hans Bachman hatt mitt deck
2090 1150 2668 1246 schrifftlichem bricht erscheint, daß
2086 1191 2693 1285 syn ussetzige frouw Anna Bacher,
2081 1226 2717 1326 uff syn verschaffung mitt der pfrund
2093 1270 2701 1377 versorget, vnd In die suchende schidig
2095 1313 2722 1399 ung bewilliget. Die nun Imme hier¬
2099 1358 2712 1454 uff verlanget, Er von Ire ledig er¬
2104 1391 2713 1485 kent vnd In die fryheit gesetzt, sich
2092 1438 2615 1526 wol anderfahrt zerehlichen.
2118 1510 2406 1589 An die E. schriben
2122 1524 2695 1628 Söllindt der Khinderen muterlichen
2126 1593 2716 1666 guts versicherung halb handt obhalten,
2123 1619 2702 1699 das dieselbe auch volkommen zu effect
2129 1671 2375 1745 gerichtet wie
2309 1733 2510 1824 Bümplitz
2148 1772 2744 1879 Hans Meyer vnd Barbli Grad, wyl
2168 1836 2733 1920 kein ursach zur schidigung verhanden
2159 1865 2715 1944 vnd sy sich respective, so fehr daß
2157 1895 2722 1987 Jeders das syn thüye, ergeben, mitt
2159 1932 2728 2024 einandern lieb vnd leid ze haben, sind
2148 1968 2720 2064 widrumb heimgewisen, mitt dem
2161 2001 2720 2112 bescheid, das er syn dienst biß zu wie¬
2163 2044 2717 2142 nachten ußmachen, darnach aber zu
2152 2083 2756 2177 ira (wie sy begert, inder hußhaltung
2162 2118 2755 2215 behren, sy imme ehrlich hußhalten,
2160 2158 2764 2268 vnd beider syts Ir pflicht leisten sollin
2159 2195 2764 2307 An die E. schryben, hierob ein vfsechen
2162 2281 2321 2344 Zehaben.
2479 2282 2639 2358 Bollingen.
2199 2321 2390 2388 sündten
2499 2341 2651 2403 Biglen.
2196 2366 2337 2442 züris
2165 2373 2779 2512 Hans Rien, einem schumacher gsell, mitt
2190 2442 2762 2521 Anna Schell, vor der gmeind zu¬
2163 2478 2774 2587 Bollingen. Denne Rudi Keller, einen
