4032 3024
1416 301 1518 386 208.
1643 326 1903 415 Extraordi
1479 417 2082 533 frytags 27. Marty 1629.
1706 499 1926 565 ex senatu.
1486 535 1957 641 G. Niclaus Dachselhofer.
1702 610 1862 692 Minist.
1503 669 1723 741 Hr Langhauß
1723 712 1790 776 iv.
1492 758 2086 862 hrer Sultzer hr. Hirtz s im Hag
1670 881 1817 950 Beren
1476 954 2091 1077 Samuel Tschiffelin hatt syne vfferleg¬
1501 1017 2057 1088 te zwen tag wegen understandner
1488 1050 2067 1129 aber nit ins Werck gesetzter unküsch
1485 1095 2085 1183 heit mitt der ußgestrichnen Anni fyr¬
1484 1123 1565 1180 aben
1491 1154 2100 1249 Jenne hr. Samuel von Erlach, deß Mitt¬
1489 1200 2084 1274 herren von Bümplitz seligen sohn, syn
1502 1228 2090 1309 traff vmb den ersten ledigen fäler
1488 1278 2108 1337 vßgestanden, vnd vff hütt hetwäder
1494 1310 1922 1393 syn wahrnung empfangen,
1512 1396 1609 1479 Oph.
1677 1404 1958 1496 Nachselwald.
1490 1512 2081 1589 Christini Wälten und Veren Erlach,
1478 1546 2069 1616 so mitt dem hinfallenden Siechtumb
1481 1585 2069 1659 behafftet, beid gmeine Cirnen, wyl
1485 1620 2086 1696 s nüt thätlichs bekennen wöllen, ob
1472 1653 2075 1744 wol die erste vermeldet, daß Iren
1484 1690 2072 1769 zwar der Ergeüwer der unzucht al¬
1481 1733 2068 1815 vergebens) zugmutet habe, sind wider
1486 1766 2096 1854 hinab gesetzt und ir sach für Rhat tra¬
1477 1804 2082 1908 gen, volgents beiden mitt der Ruten
1488 1840 1764 1914 gestrafft worden.
1678 1921 1808 2013 Bern.
1465 1980 2055 2091 Margreth Schlechten hatt Iren oben
1486 2033 1522 2080 p.
1519 2040 2030 2131 203. angeregten fäler abbußt,
1476 2076 2039 2158 vnd Ist deßwegen, mitt notwendige
1481 2116 2067 2220 censur vnd vermahnung, wider ledig
1476 2146 1703 2223 glassen worden.
2421 300 2671 408 Extraord.
2249 392 2846 530 Montags 30. martii 1629.
2444 476 2692 565 ex senatu.
2260 520 2720 635 G. Venner von Werdt.
2445 605 2605 678 sinist.
2571 637 2848 747 H Langhauß.
2261 667 2496 768 zu Steffan.
2451 737 2543 808 Civ
2274 786 2816 890 h Hirtz Gultzer imag.
2462 904 2678 997 Rünitz.
2266 978 2895 1064 Nach dem Hans Scherler vff hutt
2276 1029 2893 1090 vor mich sich bekent vnd schuldig geben
2268 1063 2914 1138 sich mitt Christen Mässerlis hußfrou¬
2256 1113 2881 1174 wen selig In vnküschheit vergessen
2260 1148 2875 1214 Zehaben, ob wol er vermeldet, das
2256 1184 2870 1260 es vor allem hochzyt, und nur ein
2258 1228 2889 1299 eintzigs mal, Im Sommer an einem
2254 1270 2893 1341 Sontag, als er von der Schutzenmahl
2250 1315 2905 1393 kommen, vnd schnitter bestelt, geschechen,
2263 1358 2920 1440 vnd deßwegen imme der knab nit zuge¬
2251 1406 2898 1471 hörig sye, Jedoch vnd die wyl uß
2259 1442 2919 1518 allerhand vmbstenden das gegentheil
2259 1484 2890 1545 geschynt, Insonderheit aber nach dem
2257 1529 2898 1600 gemelter Mässerlin, ob er zwar zu
2245 1570 2896 1645 dem verfält, daß er niemandt zu syn
2244 1613 2887 1680 er hußfrouwen berufft, als sy die
2248 1652 2898 1727 sach offenbaren wöllen, jedoch ab
2245 1692 2903 1772 vff allerhandt ernstige fürbildunge
2243 1733 2893 1818 sonderlich die Warheit also gebrucht
2233 1771 2898 1850 das ers ouch, wo vonnöten, mitt dem
2228 1821 2911 1892 Eidt erhalten könte, mitt einer ge¬
2247 1856 2890 1925 büpt an Eidts statt in deß H. Rich¬
2244 1896 2888 1970 ters handt in bysyn scherlers bezüget,
2238 1943 2902 2010 wie daß syn hußfroute selig by gu
2257 1980 2869 2063 ter vernunfft imme angezeigt und
2240 2024 2864 2093 geoffenbaret habe, daß das khind
2234 2067 2901 2150 darumb es ze thun, imme scherler zu
2246 2107 2852 2184 gehöre, vnd dessen eigen sye, wie
2246 2150 2885 2230 es stande vnd gange, vnd sölle deß wei¬
2235 2196 2771 2270 demselben den knab zu bringen
2238 2234 2898 2309 Als Ist hieruff zwüschen Inen erkent,
2233 2289 2888 2353 daß gemelter Scherler denselben für
2251 2323 2885 2380 yn eigen fleisch vnd blut annemmen,
2236 2359 2899 2428 eintweders by sich in syner hußhaltung
2244 2389 2900 2464 vfersuchen, vnd in sölichem fahl inne
2231 2428 2897 2497 nit unwärt noch schnöd halten, oder
2239 2471 2879 2538 aber, so es imme gefellig, zu ehrlichen
2228 2504 2851 2591 huten verdingen, und durch flyßigen
2230 2545 2864 2625 vätterliche sorg und ufsicht, daß er
2224 2585 2891 2672 gebür: vnd ehrlich vferzogen lede, ver¬
2840 278 2921 355 209.
