<?xml version="1.0" encoding="UTF-8" standalone="yes"?>
<PcGts xmlns="http://schema.primaresearch.org/PAGE/gts/pagecontent/2013-07-15" xmlns:xsi="http://www.w3.org/2001/XMLSchema-instance" xsi:schemaLocation="http://schema.primaresearch.org/PAGE/gts/pagecontent/2013-07-15 http://schema.primaresearch.org/PAGE/gts/pagecontent/2013-07-15/pagecontent.xsd">
    <Metadata>
        <Creator>prov=University of Rostock/Institute of Mathematics/CITlab|PLANET AI GmbH/Gundram Leifert/gundram.leifert@planet-ai.de:name=German_Kurrent_XVI-XVIII_M5.2(htr_id=38305)::::v=2.6.7
prov=University of Rostock/Institute of Mathematics/CITlab|PLANET AI GmbH/Tobias Gruening/tobias.gruening@planet-ai.de:name=de.uros.citlab.module.baseline2polygon.B2PSeamMultiOriented:v=2.6.7
prov=University of Rostock/Institute of Mathematics/CITlab|PLANET AI GmbH/Tobias Gruening/tobias.gruening@planet-ai.de:name=/net_tf/LA73_249_0mod360.pb:de.uros.citlab.segmentation.CITlab_LA_ML:v=2.6.7
prov=University of Rostock/Institute of Mathematics/CITlab|PLANET AI GmbH/Tobias Gruening/tobias.gruening@planet-ai.de:name=/net_tf/LA73_249_0mod360.pb:de.uros.citlab.segmentation.CITlab_LA_ML:v=2.6.7
Transkribus</Creator>
        <Created>2021-11-02T15:16:51.087+01:00</Created>
        <LastChange>2021-12-02T14:09:36.429+01:00</LastChange>
        <TranskribusMetadata docId="822509" pageId="30664459" pageNr="127" tsid="69002315" status="IN_PROGRESS" userId="101547" imgUrl="https://files.transkribus.eu/Get?id=RSBINCJHSGBLJLUKCLNZBZPP&amp;fileType=view" xmlUrl="https://files.transkribus.eu/Get?id=QJIWXZKXTCUVRKQFGENQZZCU" imageId="24124118"/>
    </Metadata>
    <Page imageFilename="Foto 27.10.21, 3 44 43 PM.jpg" imageWidth="4032" imageHeight="3024">
        <ReadingOrder>
            <OrderedGroup id="ro_1687514237582" caption="Regions reading order">
                <RegionRefIndexed index="0" regionRef="r1"/>
                <RegionRefIndexed index="1" regionRef="r2"/>
                <RegionRefIndexed index="2" regionRef="r3"/>
            </OrderedGroup>
        </ReadingOrder>
        <TextRegion orientation="0.0" id="r1" custom="readingOrder {index:0;}">
            <Coords points="1307,325 1307,489 1409,489 1409,325"/>
            <TextLine id="r1l1" custom="readingOrder {index:0;}">
                <Coords points="1296,383 1334,388 1343,382 1358,394 1376,384 1386,387 1398,401 1418,404 1422,361 1411,360 1391,348 1359,322 1336,333 1322,320 1301,316"/>
                <Baseline points="1307,372 1332,371 1358,372 1383,376 1409,378"/>
                <TextEquiv>
                    <Unicode>244.</Unicode>
                </TextEquiv>
            </TextLine>
            <TextLine id="r1l2" custom="readingOrder {index:1;}">
                <Coords points="1346,474 1357,474 1359,472 1365,477 1371,477 1373,474 1384,474 1384,414 1373,414 1361,426 1346,426"/>
                <Baseline points="1356,467 1374,467"/>
                <TextEquiv>
                    <Unicode>3.</Unicode>
                </TextEquiv>
            </TextLine>
            <TextEquiv>
                <Unicode>244.
3.</Unicode>
            </TextEquiv>
        </TextRegion>
        <TextRegion orientation="0.0" id="r2" custom="readingOrder {index:1;}">
            <Coords points="1380,438 1380,2583 2003,2583 2003,438"/>
            <TextLine id="r2l1" custom="readingOrder {index:0;}">
                <Coords points="1426,462 1454,477 1552,458 1623,480 1666,465 1701,484 1789,473 1973,514 1977,453 1929,423 1896,449 1839,424 1719,431 1579,395 1428,422"/>
                <Baseline points="1437,458 1463,458 1489,459 1516,460 1542,461 1568,462 1595,462 1621,463 1647,464 1674,465 1700,467 1726,469 1753,471 1779,473 1805,475 1832,478 1858,482 1884,485 1911,489 1937,494 1964,500"/>
                <TextEquiv>
                    <Unicode>daß als er noch ein andern fäler</Unicode>
                </TextEquiv>
            </TextLine>
            <TextLine id="r2l2" custom="readingOrder {index:1;}">
                <Coords points="1419,514 1489,506 1526,522 1569,503 1630,520 1686,499 1719,518 1757,506 1791,527 1840,515 1968,545 1970,514 1876,484 1423,462"/>
                <Baseline points="1431,491 1457,491 1483,492 1510,492 1536,493 1563,494 1589,495 1615,495 1642,496 1668,497 1695,499 1721,501 1747,503 1774,504 1800,507 1827,510 1853,513 1879,516 1906,520 1932,525 1959,530"/>
                <TextEquiv>
                    <Unicode>begangen, für denselben zu Büren</Unicode>
                </TextEquiv>
            </TextLine>
            <TextLine id="r2l3" custom="readingOrder {index:2;}">
                <Coords points="1419,549 1490,558 1566,535 1605,558 1674,556 1691,544 1718,556 1737,546 1756,559 1770,555 1772,507 1719,518 1697,500 1668,501 1627,519 1571,502 1550,508 1530,494 1477,511 1457,492 1421,509"/>
                <Baseline points="1431,530 1456,531 1481,533 1506,533 1532,533 1557,534 1582,534 1608,534 1633,536 1658,536 1684,537 1709,540 1734,542 1760,546"/>
                <TextEquiv>
                    <Unicode>nur 6. tag abbüßt.</Unicode>
                </TextEquiv>
            </TextLine>
            <TextLine id="r2l4" custom="readingOrder {index:3;}">
                <Coords points="1407,597 1444,585 1566,602 1607,586 1708,613 1743,596 1899,609 1918,632 1975,625 1978,584 1930,561 1844,580 1715,550 1605,557 1567,535 1467,558 1412,531"/>
                <Baseline points="1419,582 1446,582 1473,582 1500,582 1528,582 1555,582 1582,584 1610,585 1637,586 1664,587 1692,589 1719,590 1746,593 1773,596 1801,598 1828,601 1855,605 1883,609 1910,613 1937,618 1965,623"/>
                <TextEquiv>
                    <Unicode>In ansechen, welches in er noch 4 tag</Unicode>
                </TextEquiv>
            </TextLine>
            <TextLine id="r2l5" custom="readingOrder {index:4;}">
                <Coords points="1413,627 1527,616 1567,645 1595,630 1609,646 1642,625 1673,651 1738,631 1790,660 1823,641 1980,674 1983,635 1918,632 1865,605 1416,591"/>
                <Baseline points="1425,617 1452,617 1479,618 1506,618 1534,620 1561,620 1588,621 1616,623 1643,624 1670,626 1698,627 1725,629 1752,631 1779,634 1807,637 1834,639 1861,644 1889,647 1916,652 1943,656 1971,662"/>
                <TextEquiv>
                    <Unicode>hinab erkent worden, und sol ent¬</Unicode>
                </TextEquiv>
            </TextLine>
            <TextLine id="r2l6" custom="readingOrder {index:5;}">
                <Coords points="1418,665 1458,661 1490,683 1527,662 1611,666 1682,693 1713,674 1756,690 1836,681 1985,707 1988,667 1905,650 1765,653 1720,630 1673,650 1637,626 1614,644 1592,629 1558,642 1526,616 1421,629"/>
                <Baseline points="1428,657 1455,659 1482,659 1509,659 1537,660 1564,661 1591,663 1619,663 1646,665 1673,667 1701,669 1728,671 1755,673 1782,675 1810,678 1837,682 1864,684 1892,688 1919,691 1946,695 1974,698"/>
                <TextEquiv>
                    <Unicode>zwüschen nachgeschlagen werden, wie</Unicode>
                </TextEquiv>
            </TextLine>
            <TextLine id="r2l7" custom="readingOrder {index:6;}">
                <Coords points="1417,699 1462,714 1484,697 1506,720 1582,702 1659,743 1775,732 1857,753 1903,727 1998,744 2001,705 1806,676 1772,692 1743,676 1688,689 1612,666 1492,679 1419,665"/>
                <Baseline points="1428,698 1456,698 1484,698 1512,699 1540,700 1568,702 1596,703 1624,704 1652,707 1680,708 1708,710 1736,712 1764,715 1792,718 1820,721 1848,723 1876,726 1904,728 1932,730 1960,732 1989,734"/>
                <TextEquiv>
                    <Unicode>sich obberuhrte sach mitt Hans kun¬</Unicode>
                </TextEquiv>
            </TextLine>
            <TextLine id="r2l8" custom="readingOrder {index:7;}">
                <Coords points="1422,765 1468,767 1494,752 1519,757 1526,766 1559,753 1572,769 1589,767 1595,774 1627,767 1629,717 1602,722 1586,704 1561,701 1550,707 1526,703 1506,719 1484,697 1471,709 1448,699 1425,700"/>
                <Baseline points="1434,737 1460,737 1486,738 1512,740 1538,740 1564,742 1590,744 1617,746"/>
                <TextEquiv>
                    <Unicode>li verloffen</Unicode>
                </TextEquiv>
            </TextLine>
            <TextLine id="r2l9" custom="readingOrder {index:8;}">
                <Coords points="1370,892 1442,874 1629,901 1659,883 1782,896 1835,926 1889,930 1934,905 1960,930 2002,928 2005,871 1960,842 1930,859 1896,834 1872,850 1838,829 1663,842 1509,821 1473,847 1443,814 1374,816"/>
                <Baseline points="1380,878 1410,876 1441,876 1471,876 1502,876 1533,877 1563,878 1594,878 1624,879 1655,881 1686,883 1716,884 1747,887 1777,889 1808,891 1839,894 1869,896 1900,898 1930,900 1961,903 1992,905"/>
                <TextEquiv>
                    <Unicode>Noitwuchens 13. May 1629</Unicode>
                </TextEquiv>
            </TextLine>
            <TextLine id="r2l10" custom="readingOrder {index:9;}">
                <Coords points="1664,932 1714,928 1737,934 1747,928 1772,930 1779,926 1804,934 1804,888 1791,888 1781,897 1766,897 1756,903 1747,903 1735,890 1720,897 1712,890 1708,895 1704,890 1691,890 1683,897 1664,895"/>
                <Baseline points="1674,927 1704,927 1734,927 1764,927 1794,927"/>
                <TextEquiv>
                    <Unicode>&amp; Sen.</Unicode>
                </TextEquiv>
            </TextLine>
            <TextLine id="r2l11" custom="readingOrder {index:10;}">
                <Coords points="1420,976 1487,979 1502,965 1559,959 1641,984 1678,964 1700,980 1728,971 1744,984 1782,969 1815,985 1817,929 1664,935 1617,920 1593,896 1550,928 1505,894 1424,891"/>
                <Baseline points="1430,962 1455,958 1480,954 1505,954 1530,953 1555,953 1580,954 1605,956 1630,958 1655,961 1680,962 1705,965 1730,967 1755,968 1780,969 1805,969"/>
                <TextEquiv>
                    <Unicode>h. Dachselhoffer.</Unicode>
                </TextEquiv>
            </TextLine>
            <TextLine id="r2l12" custom="readingOrder {index:11;}">
                <Coords points="1616,1021 1642,1016 1664,1023 1677,1017 1702,1025 1710,1019 1716,1025 1723,1019 1733,1030 1754,1019 1769,1026 1798,1023 1800,979 1780,968 1746,983 1729,978 1723,984 1702,983 1686,967 1675,965 1663,966 1643,984 1635,978 1618,981"/>
                <Baseline points="1628,1014 1654,1012 1681,1011 1707,1013 1734,1015 1760,1017 1787,1020"/>
                <TextEquiv>
                    <Unicode>Minist.</Unicode>
                </TextEquiv>
            </TextLine>
            <TextLine id="r2l13" custom="readingOrder {index:12;}">
                <Coords points="1406,1072 1477,1068 1504,1092 1614,1101 1661,1081 1687,1103 1811,1091 1955,1113 1980,1106 1983,1035 1791,1015 1738,1030 1655,1018 1621,1036 1594,1014 1560,1028 1536,1008 1479,1029 1440,1002 1408,1009"/>
                <Baseline points="1416,1067 1443,1067 1471,1067 1499,1067 1526,1068 1554,1068 1582,1069 1609,1070 1637,1071 1665,1071 1693,1073 1720,1074 1748,1074 1776,1076 1803,1077 1831,1079 1859,1080 1886,1082 1914,1083 1942,1085 1970,1086"/>
                <TextEquiv>
                    <Unicode>ss der an Schmid, H. Rütimeyer.</Unicode>
                </TextEquiv>
            </TextLine>
            <TextLine id="r2l14" custom="readingOrder {index:13;}">
                <Coords points="1646,1135 1656,1136 1668,1147 1691,1141 1709,1153 1728,1154 1731,1106 1718,1103 1706,1105 1700,1100 1687,1102 1681,1097 1663,1113 1657,1108 1647,1108"/>
                <Baseline points="1656,1127 1687,1128 1719,1130"/>
                <TextEquiv>
                    <Unicode>Liv.</Unicode>
                </TextEquiv>
            </TextLine>
            <TextLine id="r2l15" custom="readingOrder {index:14;}">
                <Coords points="1413,1193 1784,1189 1806,1207 1886,1187 1973,1209 1990,1203 1993,1145 1710,1153 1549,1106 1416,1124"/>
                <Baseline points="1425,1164 1452,1166 1480,1167 1508,1167 1536,1168 1563,1169 1591,1169 1619,1170 1647,1172 1674,1173 1702,1174 1730,1175 1758,1176 1785,1177 1813,1179 1841,1179 1869,1181 1896,1182 1924,1184 1952,1185 1980,1187"/>
                <TextEquiv>
                    <Unicode>gfischer. Monnier, von Werdt.</Unicode>
                </TextEquiv>
            </TextLine>
            <TextLine id="r2l16" custom="readingOrder {index:15;}">
                <Coords points="1653,1316 1680,1322 1718,1300 1722,1305 1745,1299 1751,1306 1787,1303 1799,1312 1825,1304 1827,1238 1798,1239 1791,1245 1771,1235 1741,1241 1656,1231"/>
                <Baseline points="1665,1292 1694,1293 1724,1295 1754,1295 1784,1296 1814,1299"/>
                <TextEquiv>
                    <Unicode>danen</Unicode>
                </TextEquiv>
            </TextLine>
            <TextLine id="r2l17" custom="readingOrder {index:16;}">
                <Coords points="1441,1367 1903,1372 1959,1391 1986,1384 1988,1342 1828,1321 1762,1337 1715,1302 1670,1332 1586,1297 1444,1292"/>
                <Baseline points="1451,1359 1477,1358 1503,1358 1529,1356 1556,1356 1582,1358 1608,1358 1634,1358 1661,1359 1687,1361 1713,1363 1739,1364 1766,1365 1792,1367 1818,1368 1844,1370 1871,1371 1897,1372 1923,1373 1949,1373 1976,1374"/>
                <TextEquiv>
                    <Unicode>Wilhelm Hutzli ist ein schryben</Unicode>
                </TextEquiv>
            </TextLine>
            <TextLine id="r2l18" custom="readingOrder {index:17;}">
                <Coords points="1441,1386 1567,1405 1647,1394 1707,1414 1722,1400 1816,1405 1843,1423 2000,1420 2002,1377 1441,1367"/>
                <Baseline points="1451,1386 1477,1386 1504,1386 1531,1386 1558,1388 1585,1388 1612,1389 1639,1391 1666,1392 1693,1394 1720,1396 1746,1397 1773,1400 1800,1401 1827,1403 1854,1404 1881,1405 1908,1406 1935,1407 1962,1409 1989,1409"/>
                <TextEquiv>
                    <Unicode>an den hr. landtvogt ertheilt worden,</Unicode>
                </TextEquiv>
            </TextLine>
            <TextLine id="r2l19" custom="readingOrder {index:18;}">
                <Coords points="1443,1433 1480,1446 1552,1424 1692,1427 1958,1461 1990,1451 1992,1417 1445,1387"/>
                <Baseline points="1454,1422 1480,1421 1506,1421 1532,1421 1559,1422 1585,1422 1611,1424 1638,1425 1664,1427 1690,1428 1717,1430 1743,1431 1769,1433 1795,1436 1822,1437 1848,1439 1874,1440 1901,1441 1927,1442 1953,1442 1980,1442"/>
                <TextEquiv>
                    <Unicode>Inhalten. 1. daß in ansechen</Unicode>
                </TextEquiv>
            </TextLine>
            <TextLine id="r2l20" custom="readingOrder {index:19;}">
                <Coords points="1437,1468 1522,1485 1575,1462 1608,1480 1635,1464 1739,1483 1756,1471 1837,1499 1875,1477 1972,1480 1972,1460 1947,1452 1850,1440 1820,1452 1783,1434 1438,1438"/>
                <Baseline points="1448,1464 1473,1463 1499,1463 1524,1463 1550,1463 1576,1463 1601,1463 1627,1464 1653,1464 1678,1466 1704,1467 1730,1469 1755,1470 1781,1471 1807,1472 1832,1473 1858,1475 1884,1476 1909,1478 1935,1478 1961,1479"/>
                <TextEquiv>
                    <Unicode>er syner ehebruchig hußfrouwen</Unicode>
                </TextEquiv>
            </TextLine>
            <TextLine id="r2l21" custom="readingOrder {index:20;}">
                <Coords points="1429,1507 1554,1522 1606,1506 1738,1523 1903,1512 1974,1532 1999,1529 2000,1499 1644,1465 1609,1481 1581,1461 1522,1484 1430,1476"/>
                <Baseline points="1439,1500 1466,1500 1494,1500 1521,1502 1549,1502 1576,1503 1604,1503 1631,1504 1659,1505 1686,1506 1714,1507 1741,1508 1769,1509 1796,1511 1824,1512 1851,1514 1879,1515 1906,1515 1934,1517 1961,1518 1989,1520"/>
                <TextEquiv>
                    <Unicode>verzigen, sich mitt ira wider ver¬</Unicode>
                </TextEquiv>
            </TextLine>
            <TextLine id="r2l22" custom="readingOrder {index:21;}">
                <Coords points="1441,1543 1992,1574 1994,1530 1950,1521 1745,1525 1717,1507 1606,1505 1555,1522 1443,1505"/>
                <Baseline points="1452,1535 1478,1538 1505,1538 1531,1539 1558,1542 1584,1543 1611,1544 1637,1547 1664,1547 1690,1548 1717,1550 1743,1552 1770,1553 1796,1554 1823,1556 1849,1557 1876,1558 1902,1559 1929,1561 1955,1562 1982,1563"/>
                <TextEquiv>
                    <Unicode>sunt und in die hußhaltung begeben,</Unicode>
                </TextEquiv>
            </TextLine>
            <TextLine id="r2l23" custom="readingOrder {index:22;}">
                <Coords points="1427,1593 1595,1582 1666,1602 1735,1589 1767,1616 1798,1598 1983,1618 1985,1576 1948,1566 1841,1576 1827,1560 1573,1560 1551,1544 1513,1559 1493,1541 1429,1555"/>
                <Baseline points="1439,1577 1465,1578 1492,1578 1519,1580 1545,1581 1572,1581 1599,1583 1625,1584 1652,1586 1679,1587 1706,1588 1732,1590 1759,1590 1786,1592 1812,1594 1839,1596 1866,1597 1892,1599 1919,1600 1946,1601 1973,1602"/>
                <TextEquiv>
                    <Unicode>er ira etwan 5 oder mehr tag</Unicode>
                </TextEquiv>
            </TextLine>
            <TextLine id="r2l24" custom="readingOrder {index:23;}">
                <Coords points="1429,1619 1513,1642 1543,1627 1576,1649 1611,1624 1723,1646 1823,1636 1868,1659 1993,1642 1994,1612 1933,1618 1915,1602 1774,1611 1725,1587 1676,1606 1596,1583 1543,1598 1431,1576"/>
                <Baseline points="1439,1614 1466,1614 1493,1615 1520,1616 1547,1617 1575,1619 1602,1620 1629,1622 1656,1623 1683,1625 1711,1627 1738,1629 1765,1629 1792,1632 1819,1632 1847,1634 1874,1634 1901,1635 1928,1635 1955,1635 1983,1634"/>
                <TextEquiv>
                    <Unicode>anhrer gfangensch. Wo fehr er</Unicode>
                </TextEquiv>
            </TextLine>
            <TextLine id="r2l25" custom="readingOrder {index:24;}">
                <Coords points="1432,1657 1520,1652 1561,1671 1626,1655 1646,1677 1741,1668 1778,1690 1847,1670 1884,1691 2002,1681 2004,1635 1903,1652 1786,1647 1770,1631 1710,1644 1688,1626 1639,1641 1623,1625 1433,1628"/>
                <Baseline points="1442,1650 1469,1652 1496,1653 1524,1654 1551,1655 1579,1657 1606,1658 1634,1659 1661,1661 1689,1662 1716,1664 1743,1664 1771,1665 1798,1667 1826,1667 1853,1668 1881,1670 1908,1670 1936,1671 1963,1671 1991,1673"/>
                <TextEquiv>
                    <Unicode>oder die E. erkennen mögend, das</Unicode>
                </TextEquiv>
            </TextLine>
            <TextLine id="r2l26" custom="readingOrder {index:25;}">
                <Coords points="1424,1703 1572,1698 1620,1723 1660,1697 1720,1725 1758,1707 1793,1732 1861,1715 1902,1738 1946,1710 1992,1718 1994,1676 1882,1691 1850,1671 1667,1679 1626,1654 1561,1671 1520,1652 1425,1664"/>
                <Baseline points="1434,1697 1461,1697 1488,1695 1516,1695 1543,1697 1571,1697 1598,1698 1625,1699 1653,1700 1680,1701 1708,1703 1735,1705 1762,1706 1790,1707 1817,1709 1845,1710 1872,1710 1899,1712 1927,1712 1954,1712 1982,1710"/>
                <TextEquiv>
                    <Unicode>sy sich siderhar ehrbar verhalten, vnd</Unicode>
                </TextEquiv>
            </TextLine>
            <TextLine id="r2l27" custom="readingOrder {index:26;}">
                <Coords points="1432,1743 1614,1741 1669,1766 1760,1745 1788,1768 1810,1752 1857,1769 1929,1755 1974,1774 2002,1765 2004,1723 1946,1710 1895,1733 1850,1714 1826,1732 1756,1707 1719,1725 1656,1701 1621,1722 1572,1697 1540,1714 1495,1695 1433,1707"/>
                <Baseline points="1443,1733 1470,1734 1497,1734 1525,1734 1552,1736 1580,1737 1607,1738 1635,1739 1662,1741 1690,1743 1717,1745 1744,1746 1772,1748 1799,1749 1827,1751 1854,1752 1882,1752 1909,1754 1937,1754 1964,1754 1992,1754"/>
                <TextEquiv>
                    <Unicode>hoffnung verhanden, sey noch ins kunft</Unicode>
                </TextEquiv>
            </TextLine>
            <TextLine id="r2l28" custom="readingOrder {index:27;}">
                <Coords points="1436,1773 1556,1776 1601,1797 1679,1781 1707,1802 1762,1793 1830,1813 1867,1792 1909,1819 1969,1796 2012,1815 2008,1762 1872,1767 1839,1747 1784,1767 1758,1745 1657,1764 1614,1741 1548,1755 1532,1737 1438,1739"/>
                <Baseline points="1448,1772 1475,1773 1503,1773 1531,1775 1559,1776 1586,1776 1614,1779 1642,1779 1670,1781 1697,1782 1725,1784 1753,1785 1781,1787 1808,1787 1836,1790 1864,1790 1892,1791 1919,1792 1947,1793 1975,1794 2003,1794"/>
                <TextEquiv>
                    <Unicode>tig sich wyter bessern wde,) nach¬</Unicode>
                </TextEquiv>
            </TextLine>
            <TextLine id="r2l29" custom="readingOrder {index:28;}">
                <Coords points="1431,1813 1619,1818 1648,1836 1711,1820 1737,1848 1774,1825 1864,1829 1911,1854 1968,1842 1970,1798 1896,1810 1830,1790 1787,1807 1775,1793 1706,1801 1673,1780 1618,1799 1554,1775 1433,1780"/>
                <Baseline points="1442,1808 1467,1809 1493,1811 1519,1812 1545,1814 1571,1815 1596,1816 1622,1818 1648,1818 1674,1820 1700,1821 1725,1821 1751,1823 1777,1824 1803,1825 1829,1827 1854,1827 1880,1829 1906,1830 1932,1831 1958,1833"/>
                <TextEquiv>
                    <Unicode>lassen, wo aber dise conditen sich</Unicode>
                </TextEquiv>
            </TextLine>
            <TextLine id="r2l30" custom="readingOrder {index:29;}">
                <Coords points="1431,1858 1496,1845 1566,1878 1600,1854 1665,1856 1685,1876 1713,1856 1771,1876 1851,1872 1869,1889 1901,1872 1993,1877 1994,1846 1974,1840 1906,1850 1861,1830 1741,1841 1715,1823 1647,1836 1619,1818 1433,1814"/>
                <Baseline points="1442,1847 1469,1847 1496,1847 1523,1848 1550,1848 1577,1851 1604,1851 1631,1853 1658,1856 1685,1857 1712,1859 1739,1862 1766,1862 1793,1864 1820,1866 1847,1868 1874,1868 1901,1869 1928,1869 1955,1869 1982,1869"/>
                <TextEquiv>
                    <Unicode>nit erfunde, sy nach inhalt vor¬</Unicode>
                </TextEquiv>
            </TextLine>
            <TextLine id="r2l31" custom="readingOrder {index:30;}">
                <Coords points="1445,1894 1572,1912 1606,1899 1628,1917 1658,1900 1757,1932 1842,1918 1891,1937 1992,1920 1995,1876 1868,1890 1850,1872 1800,1878 1786,1863 1758,1878 1711,1856 1687,1874 1665,1856 1447,1859"/>
                <Baseline points="1457,1889 1483,1887 1509,1887 1535,1887 1562,1887 1588,1889 1614,1890 1640,1892 1667,1893 1693,1895 1719,1897 1745,1899 1772,1902 1798,1903 1824,1905 1850,1907 1877,1908 1903,1908 1929,1910 1955,1910 1982,1908"/>
                <TextEquiv>
                    <Unicode>gehnden schrybens volkommen ab¬</Unicode>
                </TextEquiv>
            </TextLine>
            <TextLine id="r2l32" custom="readingOrder {index:31;}">
                <Coords points="1435,1926 1467,1927 1473,1934 1494,1929 1535,1947 1543,1940 1553,1951 1577,1941 1595,1957 1612,1949 1626,1959 1654,1947 1656,1908 1639,1907 1629,1896 1598,1903 1585,1898 1577,1906 1567,1895 1560,1901 1540,1895 1502,1900 1487,1891 1474,1900 1458,1893 1437,1903"/>
                <Baseline points="1446,1919 1474,1921 1502,1924 1530,1926 1559,1928 1587,1929 1615,1929 1644,1928"/>
                <TextEquiv>
                    <Unicode>straffen sölle.</Unicode>
                </TextEquiv>
            </TextLine>
            <TextLine id="r2l33" custom="readingOrder {index:32;}">
                <Coords points="1463,1979 2005,2020 2007,1978 1945,1943 1899,1970 1838,1941 1723,1970 1543,1937 1465,1947"/>
                <Baseline points="1473,1979 1499,1979 1525,1979 1551,1980 1577,1980 1603,1983 1629,1984 1655,1986 1681,1988 1707,1990 1734,1992 1760,1994 1786,1996 1812,1998 1838,2000 1864,2001 1890,2002 1916,2003 1942,2003 1968,2001 1995,2001"/>
                <TextEquiv>
                    <Unicode>daß man Inne der begerten Ver¬</Unicode>
                </TextEquiv>
            </TextLine>
            <TextLine id="r2l34" custom="readingOrder {index:33;}">
                <Coords points="1458,2033 1506,2034 1528,2016 1610,2038 1653,2016 1688,2035 1749,2026 1840,2051 1870,2034 1950,2058 1965,2057 1968,2015 1679,2003 1557,1980 1525,1993 1461,1974"/>
                <Baseline points="1469,2010 1494,2010 1520,2010 1545,2010 1571,2012 1596,2013 1622,2015 1648,2018 1673,2019 1699,2022 1724,2023 1750,2027 1775,2028 1801,2030 1827,2031 1852,2033 1878,2034 1903,2034 1929,2034 1955,2034"/>
                <TextEquiv>
                    <Unicode>wysung gang Ernis uß dem</Unicode>
                </TextEquiv>
            </TextLine>
            <TextLine id="r2l35" custom="readingOrder {index:34;}">
                <Coords points="1448,2061 1491,2049 1515,2064 1610,2055 1663,2078 1791,2070 1863,2094 1935,2088 1973,2111 1978,2041 1947,2034 1847,2051 1773,2029 1689,2036 1663,2017 1618,2035 1537,2015 1451,2024"/>
                <Baseline points="1460,2046 1485,2047 1510,2048 1535,2049 1560,2049 1586,2052 1611,2052 1636,2054 1661,2057 1686,2058 1712,2061 1737,2063 1762,2065 1787,2066 1812,2069 1838,2071 1863,2072 1888,2073 1913,2075 1938,2075 1964,2076"/>
                <TextEquiv>
                    <Unicode>landt oder kilchstal nochmalen</Unicode>
                </TextEquiv>
            </TextLine>
            <TextLine id="r2l36" custom="readingOrder {index:35;}">
                <Coords points="1464,2096 1475,2097 1494,2085 1506,2098 1547,2106 1560,2100 1568,2109 1581,2099 1593,2112 1610,2107 1620,2114 1633,2108 1654,2113 1656,2063 1643,2062 1635,2070 1610,2054 1578,2066 1552,2054 1495,2049 1466,2054"/>
                <Baseline points="1476,2081 1504,2083 1532,2084 1560,2085 1588,2086 1616,2087 1644,2090"/>
                <TextEquiv>
                    <Unicode>abgewisen.</Unicode>
                </TextEquiv>
            </TextLine>
            <TextLine id="r2l37" custom="readingOrder {index:36;}">
                <Coords points="1458,2144 1644,2146 1760,2176 1852,2167 1889,2189 1990,2177 1995,2112 1875,2142 1804,2110 1746,2133 1709,2090 1626,2114 1462,2090"/>
                <Baseline points="1469,2142 1494,2142 1520,2142 1545,2142 1571,2144 1596,2145 1622,2147 1647,2149 1673,2151 1698,2154 1724,2157 1750,2160 1775,2162 1801,2164 1826,2166 1852,2168 1877,2169 1903,2169 1928,2171 1954,2169 1980,2168"/>
                <TextEquiv>
                    <Unicode>So er aber erglicher vnd schandt,</Unicode>
                </TextEquiv>
            </TextLine>
            <TextLine id="r2l38" custom="readingOrder {index:37;}">
                <Coords points="1461,2175 1783,2208 1810,2195 1886,2215 1976,2210 1979,2185 1876,2185 1788,2162 1697,2169 1650,2146 1464,2144"/>
                <Baseline points="1472,2172 1498,2172 1524,2172 1550,2174 1576,2175 1602,2178 1628,2180 1654,2183 1680,2185 1706,2187 1732,2190 1758,2194 1784,2196 1810,2199 1836,2202 1862,2204 1888,2205 1914,2207 1940,2208 1967,2208"/>
                <TextEquiv>
                    <Unicode>licher sachen verdacht, darüber</Unicode>
                </TextEquiv>
            </TextLine>
            <TextLine id="r2l39" custom="readingOrder {index:38;}">
                <Coords points="1458,2213 1513,2232 1581,2217 1617,2239 1656,2222 1781,2233 1846,2258 1882,2236 1917,2260 1952,2242 1980,2261 1998,2206 1886,2215 1820,2196 1783,2208 1461,2177"/>
                <Baseline points="1469,2210 1494,2208 1520,2208 1546,2210 1571,2211 1597,2213 1623,2216 1648,2218 1674,2222 1700,2225 1726,2228 1751,2231 1777,2233 1803,2237 1828,2239 1854,2241 1880,2243 1905,2244 1931,2244 1957,2244 1983,2243"/>
                <TextEquiv>
                    <Unicode>unpartÿische kundtschafft verhört,</Unicode>
                </TextEquiv>
            </TextLine>
            <TextLine id="r2l40" custom="readingOrder {index:39;}">
                <Coords points="1446,2249 1769,2272 1812,2293 1845,2276 1918,2306 1961,2288 2010,2307 2013,2242 1980,2261 1952,2242 1917,2260 1890,2240 1848,2258 1781,2233 1449,2218"/>
                <Baseline points="1457,2247 1484,2247 1511,2247 1538,2248 1565,2249 1593,2252 1620,2254 1647,2257 1674,2261 1701,2263 1729,2266 1756,2270 1783,2272 1810,2276 1837,2278 1865,2280 1892,2281 1919,2282 1946,2283 1973,2283 2001,2282"/>
                <TextEquiv>
                    <Unicode>Er eintweders darben abgestraft,</Unicode>
                </TextEquiv>
            </TextLine>
            <TextLine id="r2l41" custom="readingOrder {index:40;}">
                <Coords points="1452,2296 1639,2316 1670,2299 1699,2325 1811,2321 1853,2343 1877,2326 1889,2340 1928,2322 1973,2332 1977,2286 1886,2300 1835,2275 1809,2292 1742,2267 1676,2279 1656,2260 1554,2254 1528,2269 1455,2255"/>
                <Baseline points="1463,2289 1488,2289 1513,2290 1538,2292 1563,2294 1588,2295 1613,2298 1638,2300 1663,2303 1688,2305 1713,2309 1738,2311 1763,2313 1788,2315 1813,2317 1838,2319 1863,2321 1888,2322 1913,2322 1938,2322 1964,2322"/>
                <TextEquiv>
                    <Unicode>oder syn sach vnd bschaffenheit</Unicode>
                </TextEquiv>
            </TextLine>
            <TextLine id="r2l42" custom="readingOrder {index:41;}">
                <Coords points="1444,2346 1504,2336 1575,2366 1741,2365 1758,2384 1818,2372 1935,2395 1954,2393 1961,2322 1903,2336 1802,2316 1750,2331 1669,2300 1638,2317 1626,2303 1449,2296"/>
                <Baseline points="1457,2328 1482,2327 1508,2327 1534,2328 1559,2329 1585,2331 1611,2333 1637,2337 1662,2340 1688,2343 1714,2346 1740,2350 1765,2352 1791,2355 1817,2357 1843,2359 1868,2360 1894,2360 1920,2360 1946,2358"/>
                <TextEquiv>
                    <Unicode>ynen lebene hargewisen wid</Unicode>
                </TextEquiv>
            </TextLine>
            <TextLine id="r2l43" custom="readingOrder {index:42;}">
                <Coords points="1442,2391 1454,2392 1465,2387 1473,2391 1484,2382 1493,2382 1499,2387 1507,2382 1517,2389 1537,2371 1552,2370 1554,2347 1529,2350 1523,2343 1512,2346 1503,2335 1485,2344 1477,2337 1456,2344 1445,2343"/>
                <Baseline points="1454,2364 1483,2364 1512,2367 1541,2370"/>
                <TextEquiv>
                    <Unicode>möge.</Unicode>
                </TextEquiv>
            </TextLine>
            <TextLine id="r2l44" custom="readingOrder {index:43;}">
                <Coords points="1659,2420 1678,2418 1695,2435 1709,2428 1737,2435 1749,2426 1774,2442 1788,2433 1802,2441 1830,2433 1884,2460 1890,2404 1859,2403 1842,2384 1810,2391 1797,2375 1762,2386 1741,2366 1721,2375 1686,2362 1665,2364"/>
                <Baseline points="1671,2411 1696,2413 1722,2417 1748,2419 1774,2422 1799,2425 1825,2428 1851,2431 1877,2433"/>
                <TextEquiv>
                    <Unicode>Kilchberg.</Unicode>
                </TextEquiv>
            </TextLine>
            <TextLine id="r2l45" custom="readingOrder {index:44;}">
                <Coords points="1453,2476 1548,2467 1570,2482 1607,2468 1732,2497 1860,2497 1894,2517 1977,2503 1981,2461 1905,2440 1874,2459 1822,2431 1698,2434 1622,2408 1556,2430 1459,2412"/>
                <Baseline points="1464,2465 1489,2463 1514,2463 1539,2463 1564,2464 1589,2466 1614,2468 1640,2469 1665,2474 1690,2476 1715,2478 1740,2482 1765,2484 1790,2488 1816,2490 1841,2492 1866,2493 1891,2495 1916,2496 1941,2495 1967,2495"/>
                <TextEquiv>
                    <Unicode>Hans Killeman wider Verena</Unicode>
                </TextEquiv>
            </TextLine>
            <TextLine id="r2l46" custom="readingOrder {index:45;}">
                <Coords points="1470,2505 1507,2496 1538,2518 1588,2500 1650,2529 1741,2520 1788,2542 1817,2523 1904,2559 1933,2534 1979,2543 1982,2505 1960,2501 1893,2514 1834,2491 1735,2495 1677,2474 1652,2487 1608,2468 1510,2478 1474,2462"/>
                <Baseline points="1481,2496 1506,2496 1532,2496 1558,2498 1583,2499 1609,2501 1635,2504 1661,2508 1686,2511 1712,2514 1738,2517 1764,2520 1789,2523 1815,2526 1841,2529 1867,2531 1892,2532 1918,2532 1944,2532 1970,2532"/>
                <TextEquiv>
                    <Unicode>Züricher, von deren erklagt, das</Unicode>
                </TextEquiv>
            </TextLine>
            <TextLine id="r2l47" custom="readingOrder {index:46;}">
                <Coords points="1457,2563 1596,2556 1712,2590 1825,2579 1933,2608 1970,2597 1975,2543 1819,2524 1790,2541 1775,2524 1692,2515 1649,2526 1568,2499 1543,2514 1505,2496 1462,2509"/>
                <Baseline points="1470,2540 1495,2538 1521,2538 1547,2538 1573,2540 1599,2540 1625,2543 1651,2545 1677,2549 1703,2552 1728,2555 1754,2559 1780,2562 1806,2564 1832,2567 1858,2570 1884,2571 1910,2573 1936,2573 1962,2573"/>
                <TextEquiv>
                    <Unicode>y by kurtzen ein unehlich kindt</Unicode>
                </TextEquiv>
            </TextLine>
            <TextEquiv>
                <Unicode>daß als er noch ein andern fäler
begangen, für denselben zu Büren
nur 6. tag abbüßt.
In ansechen, welches in er noch 4 tag
hinab erkent worden, und sol ent¬
zwüschen nachgeschlagen werden, wie
sich obberuhrte sach mitt Hans kun¬
li verloffen
Noitwuchens 13. May 1629
&amp; Sen.
h. Dachselhoffer.
Minist.
ss der an Schmid, H. Rütimeyer.
Liv.
gfischer. Monnier, von Werdt.
danen
Wilhelm Hutzli ist ein schryben
an den hr. landtvogt ertheilt worden,
Inhalten. 1. daß in ansechen
er syner ehebruchig hußfrouwen
verzigen, sich mitt ira wider ver¬
sunt und in die hußhaltung begeben,
er ira etwan 5 oder mehr tag
anhrer gfangensch. Wo fehr er
oder die E. erkennen mögend, das
sy sich siderhar ehrbar verhalten, vnd
hoffnung verhanden, sey noch ins kunft
tig sich wyter bessern wde,) nach¬
lassen, wo aber dise conditen sich
nit erfunde, sy nach inhalt vor¬
gehnden schrybens volkommen ab¬
straffen sölle.
daß man Inne der begerten Ver¬
wysung gang Ernis uß dem
landt oder kilchstal nochmalen
abgewisen.
So er aber erglicher vnd schandt,
licher sachen verdacht, darüber
unpartÿische kundtschafft verhört,
Er eintweders darben abgestraft,
oder syn sach vnd bschaffenheit
ynen lebene hargewisen wid
möge.
Kilchberg.
Hans Killeman wider Verena
Züricher, von deren erklagt, das
y by kurtzen ein unehlich kindt</Unicode>
            </TextEquiv>
        </TextRegion>
        <TextRegion orientation="0.0" id="r3" custom="readingOrder {index:2;}">
            <Coords points="2102,294 2102,2463 2790,2463 2790,294"/>
            <TextLine id="r3l1" custom="readingOrder {index:0;}">
                <Coords points="2603,344 2624,346 2638,338 2651,346 2684,340 2707,346 2707,264 2696,264 2684,275 2678,273 2659,290 2644,277 2634,279 2627,273 2615,280 2602,280"/>
                <Baseline points="2613,315 2641,315 2669,314 2697,315"/>
                <TextEquiv>
                    <Unicode>245.</Unicode>
                </TextEquiv>
            </TextLine>
            <TextLine id="r3l2" custom="readingOrder {index:1;}">
                <Coords points="2121,479 2181,486 2221,454 2405,424 2426,439 2559,411 2618,425 2639,407 2694,430 2736,422 2728,360 2665,345 2600,364 2487,355 2394,407 2305,382 2115,429"/>
                <Baseline points="2130,473 2159,465 2189,460 2218,453 2248,448 2277,442 2307,438 2336,433 2366,428 2395,424 2425,421 2455,417 2484,415 2514,411 2543,408 2573,406 2602,403 2632,401 2661,399 2691,398 2721,396"/>
                <TextEquiv>
                    <Unicode>erzüget, vnd nienen zu betretten sye,</Unicode>
                </TextEquiv>
            </TextLine>
            <TextLine id="r3l3" custom="readingOrder {index:2;}">
                <Coords points="2127,511 2324,473 2376,486 2527,449 2634,457 2695,440 2689,395 2578,420 2496,415 2452,438 2406,423 2298,439 2257,463 2220,455 2123,482"/>
                <Baseline points="2136,506 2163,500 2190,495 2218,489 2245,484 2273,480 2300,474 2327,471 2355,467 2382,464 2410,459 2437,456 2464,453 2492,450 2519,447 2547,445 2574,443 2601,441 2629,438 2656,436 2684,434"/>
                <TextEquiv>
                    <Unicode>ein Ruffbrieff an Cantzel zu</Unicode>
                </TextEquiv>
            </TextLine>
            <TextLine id="r3l4" custom="readingOrder {index:3;}">
                <Coords points="2126,557 2202,537 2258,547 2282,525 2365,511 2499,524 2540,493 2596,508 2684,484 2678,436 2648,453 2490,453 2431,480 2327,473 2121,514"/>
                <Baseline points="2135,545 2161,540 2188,535 2215,530 2242,525 2269,522 2296,518 2322,515 2349,510 2376,507 2403,505 2430,501 2457,498 2484,495 2510,493 2537,490 2564,488 2591,484 2618,481 2645,479 2672,476"/>
                <TextEquiv>
                    <Unicode>Kilchberg von 3 zu 3 wuchen ad</Unicode>
                </TextEquiv>
            </TextLine>
            <TextLine id="r3l5" custom="readingOrder {index:4;}">
                <Coords points="2122,606 2141,612 2155,593 2181,597 2202,581 2239,586 2260,568 2362,576 2394,550 2388,507 2342,524 2305,519 2256,546 2200,539 2188,554 2150,555 2133,573 2116,569"/>
                <Baseline points="2130,591 2155,585 2180,580 2206,575 2231,570 2257,566 2282,563 2307,561 2333,557 2358,554 2384,551"/>
                <TextEquiv>
                    <Unicode>somman ertheilt.</Unicode>
                </TextEquiv>
            </TextLine>
            <TextLine id="r3l6" custom="readingOrder {index:5;}">
                <Coords points="2241,680 2277,683 2298,664 2375,674 2400,651 2464,638 2509,657 2547,656 2540,577 2518,570 2493,590 2479,584 2420,603 2377,584 2336,623 2305,624 2280,605 2235,616"/>
                <Baseline points="2249,656 2274,654 2300,651 2326,648 2352,645 2378,642 2404,639 2430,637 2456,635 2482,633 2508,632 2534,632"/>
                <TextEquiv>
                    <Unicode>Herrenbalm</Unicode>
                </TextEquiv>
            </TextLine>
            <TextLine id="r3l7" custom="readingOrder {index:6;}">
                <Coords points="2114,777 2227,750 2249,767 2330,738 2461,743 2497,718 2674,729 2699,710 2738,719 2735,681 2644,660 2621,684 2438,697 2393,669 2306,682 2239,722 2152,698 2107,709"/>
                <Baseline points="2123,767 2153,763 2183,756 2213,752 2243,748 2274,743 2304,739 2334,736 2364,733 2394,730 2425,727 2455,725 2485,723 2515,721 2545,719 2576,716 2606,714 2636,713 2666,711 2696,709 2727,708"/>
                <TextEquiv>
                    <Unicode>Wyl Vrsula Remundt wider Peter</Unicode>
                </TextEquiv>
            </TextLine>
            <TextLine id="r3l8" custom="readingOrder {index:7;}">
                <Coords points="2120,818 2362,772 2437,796 2577,755 2685,769 2722,758 2718,710 2675,728 2496,720 2385,750 2313,739 2117,780"/>
                <Baseline points="2130,800 2159,795 2188,791 2217,788 2246,784 2275,781 2304,778 2333,775 2362,773 2391,770 2420,768 2449,765 2478,764 2507,762 2536,759 2565,758 2594,756 2623,754 2652,753 2681,752 2711,750"/>
                <TextEquiv>
                    <Unicode>Möriiren Eheman geklagt, daß</Unicode>
                </TextEquiv>
            </TextLine>
            <TextLine id="r3l9" custom="readingOrder {index:8;}">
                <Coords points="2120,851 2209,832 2246,852 2275,823 2340,818 2388,842 2444,810 2563,823 2649,799 2694,817 2718,803 2715,761 2679,774 2648,753 2572,757 2455,791 2345,776 2118,824"/>
                <Baseline points="2129,839 2159,836 2189,831 2220,828 2250,824 2281,821 2311,818 2342,817 2372,814 2403,813 2433,810 2464,809 2494,807 2525,806 2555,803 2586,801 2616,800 2647,797 2677,795 2708,794"/>
                <TextEquiv>
                    <Unicode>er ein prästhafften schenckel, vnd</Unicode>
                </TextEquiv>
            </TextLine>
            <TextLine id="r3l10" custom="readingOrder {index:9;}">
                <Coords points="2120,893 2697,844 2694,800 2624,820 2600,802 2567,822 2447,807 2416,837 2347,818 2313,834 2272,824 2249,849 2212,832 2117,850"/>
                <Baseline points="2130,882 2157,879 2185,875 2213,872 2241,868 2269,865 2297,863 2324,860 2352,858 2380,857 2408,855 2436,853 2464,852 2492,850 2519,849 2547,847 2575,846 2603,844 2631,843 2659,840 2687,839"/>
                <TextEquiv>
                    <Unicode>stinckenden Athem, ouch überal ein</Unicode>
                </TextEquiv>
            </TextLine>
            <TextLine id="r3l11" custom="readingOrder {index:10;}">
                <Coords points="2109,958 2236,914 2312,927 2340,906 2402,922 2449,899 2729,890 2725,848 2681,841 2547,869 2522,852 2444,873 2299,867 2105,903"/>
                <Baseline points="2118,930 2148,925 2178,921 2208,917 2238,914 2268,910 2298,908 2328,905 2358,901 2388,900 2418,897 2448,894 2478,893 2508,891 2538,890 2568,887 2598,887 2628,885 2658,883 2688,882 2718,879"/>
                <TextEquiv>
                    <Unicode>wusten lyb habe, vnd das Wasser</Unicode>
                </TextEquiv>
            </TextLine>
            <TextLine id="r3l12" custom="readingOrder {index:11;}">
                <Coords points="2126,976 2199,965 2242,981 2271,955 2300,972 2396,966 2436,940 2592,954 2722,926 2720,905 2663,888 2610,911 2571,890 2470,897 2407,925 2354,906 2322,927 2237,914 2124,949"/>
                <Baseline points="2135,968 2163,965 2192,962 2221,959 2250,956 2279,953 2307,951 2336,948 2365,947 2394,944 2423,943 2451,941 2480,939 2509,938 2538,936 2567,934 2595,933 2624,931 2653,929 2682,927 2711,926"/>
                <TextEquiv>
                    <Unicode>nit behalten möge, sonderlich aber</Unicode>
                </TextEquiv>
            </TextLine>
            <TextLine id="r3l13" custom="readingOrder {index:12;}">
                <Coords points="2112,1031 2144,1012 2231,1027 2285,997 2364,1015 2392,989 2435,1003 2488,982 2713,974 2710,932 2679,930 2567,955 2478,939 2388,967 2272,956 2242,980 2197,964 2108,975"/>
                <Baseline points="2121,1011 2150,1008 2179,1006 2208,1004 2237,1001 2266,999 2295,997 2324,995 2353,993 2382,991 2411,988 2440,986 2469,984 2498,983 2527,980 2556,978 2585,975 2614,974 2643,972 2672,969 2702,966"/>
                <TextEquiv>
                    <Unicode>daruf gedütet, als solte er mitt</Unicode>
                </TextEquiv>
            </TextLine>
            <TextLine id="r3l14" custom="readingOrder {index:13;}">
                <Coords points="2120,1075 2222,1049 2310,1062 2368,1034 2406,1054 2435,1033 2591,1028 2708,1057 2704,977 2666,966 2435,1002 2393,989 2358,1014 2299,996 2231,1026 2118,1023"/>
                <Baseline points="2129,1052 2157,1051 2185,1049 2214,1048 2242,1045 2270,1043 2299,1041 2327,1038 2355,1036 2384,1034 2412,1032 2440,1029 2469,1028 2497,1027 2525,1026 2554,1026 2582,1026 2610,1027 2639,1030 2667,1032 2696,1035"/>
                <TextEquiv>
                    <Unicode>vnreinigkeit behafftet syn, Ist</Unicode>
                </TextEquiv>
            </TextLine>
            <TextLine id="r3l15" custom="readingOrder {index:14;}">
                <Coords points="2115,1105 2198,1092 2224,1109 2246,1091 2396,1080 2473,1098 2550,1068 2660,1085 2656,1009 2612,1039 2492,1032 2405,1054 2349,1034 2307,1064 2221,1050 2113,1078"/>
                <Baseline points="2126,1097 2152,1094 2178,1092 2204,1089 2230,1087 2256,1085 2282,1083 2308,1082 2334,1080 2360,1079 2387,1077 2413,1076 2439,1074 2465,1073 2491,1072 2517,1070 2543,1069 2569,1068 2595,1066 2621,1065 2648,1062"/>
                <TextEquiv>
                    <Unicode>er mitt einem zedel an die E</Unicode>
                </TextEquiv>
            </TextLine>
            <TextLine id="r3l16" custom="readingOrder {index:15;}">
                <Coords points="2120,1159 2203,1141 2231,1159 2278,1133 2375,1144 2403,1127 2723,1117 2707,1055 2652,1086 2552,1068 2472,1098 2396,1080 2246,1091 2222,1111 2198,1091 2117,1105"/>
                <Baseline points="2130,1146 2159,1142 2188,1139 2217,1136 2246,1133 2275,1131 2304,1128 2333,1127 2362,1125 2391,1124 2420,1123 2449,1122 2478,1121 2507,1119 2536,1117 2565,1116 2594,1114 2623,1112 2652,1112 2681,1109 2711,1107"/>
                <TextEquiv>
                    <Unicode>Doctores vnd Thormeister, zu be¬</Unicode>
                </TextEquiv>
            </TextLine>
            <TextLine id="r3l17" custom="readingOrder {index:16;}">
                <Coords points="2091,1203 2243,1174 2277,1196 2398,1172 2466,1199 2525,1169 2589,1190 2634,1165 2708,1181 2705,1112 2090,1163"/>
                <Baseline points="2102,1184 2131,1182 2161,1179 2191,1178 2220,1176 2250,1175 2280,1173 2309,1172 2339,1171 2369,1170 2399,1169 2428,1168 2458,1167 2488,1166 2517,1166 2547,1164 2577,1163 2606,1163 2636,1161 2666,1160 2696,1160"/>
                <TextEquiv>
                    <Unicode>ampter besichtigung gewisen worden</Unicode>
                </TextEquiv>
            </TextLine>
            <TextLine id="r3l18" custom="readingOrder {index:17;}">
                <Coords points="2185,1301 2331,1298 2348,1285 2361,1293 2494,1276 2493,1218 2466,1220 2436,1206 2422,1217 2403,1205 2368,1218 2334,1208 2311,1225 2290,1213 2265,1224 2236,1212 2223,1223 2213,1212 2184,1221"/>
                <Baseline points="2195,1271 2221,1270 2247,1269 2273,1268 2299,1268 2325,1266 2352,1266 2378,1266 2404,1266 2430,1266 2456,1266 2483,1265"/>
                <TextEquiv>
                    <Unicode>Höchstetten.</Unicode>
                </TextEquiv>
            </TextLine>
            <TextLine id="r3l19" custom="readingOrder {index:18;}">
                <Coords points="2130,1367 2734,1353 2733,1308 2652,1332 2565,1289 2497,1317 2459,1291 2413,1331 2373,1315 2342,1328 2279,1293 2206,1294 2179,1314 2129,1300"/>
                <Baseline points="2141,1358 2170,1358 2199,1356 2228,1356 2257,1355 2286,1355 2315,1353 2344,1353 2373,1352 2402,1352 2432,1350 2461,1350 2490,1350 2519,1349 2548,1349 2577,1349 2606,1349 2635,1350 2664,1350 2693,1350 2723,1352"/>
                <TextEquiv>
                    <Unicode>Vli Ellenberg, der Sager zu Steinen,</Unicode>
                </TextEquiv>
            </TextLine>
            <TextLine id="r3l20" custom="readingOrder {index:19;}">
                <Coords points="2125,1408 2179,1392 2486,1400 2546,1380 2656,1406 2695,1384 2733,1398 2732,1354 2124,1366"/>
                <Baseline points="2135,1397 2164,1395 2193,1394 2223,1391 2252,1390 2282,1389 2311,1388 2340,1386 2370,1386 2399,1386 2429,1385 2458,1385 2487,1385 2517,1385 2546,1385 2576,1385 2605,1385 2634,1386 2664,1386 2693,1386 2723,1386"/>
                <TextEquiv>
                    <Unicode>Ist durch die Chorrichter zu Höchstett</Unicode>
                </TextEquiv>
            </TextLine>
            <TextLine id="r3l21" custom="readingOrder {index:20;}">
                <Coords points="2120,1438 2439,1444 2617,1419 2684,1445 2776,1425 2775,1381 2742,1371 2715,1399 2694,1384 2658,1406 2547,1382 2370,1407 2180,1391 2119,1413"/>
                <Baseline points="2130,1431 2161,1430 2193,1428 2225,1427 2257,1427 2289,1426 2320,1425 2352,1425 2384,1424 2416,1424 2448,1424 2479,1422 2511,1422 2543,1422 2575,1422 2607,1422 2638,1422 2670,1422 2702,1422 2734,1422 2766,1422"/>
                <TextEquiv>
                    <Unicode>eleidet worden, daß er vor vngfar</Unicode>
                </TextEquiv>
            </TextLine>
            <TextLine id="r3l22" custom="readingOrder {index:21;}">
                <Coords points="2141,1486 2180,1470 2609,1475 2644,1457 2709,1462 2708,1431 2543,1424 2445,1447 2365,1430 2320,1448 2254,1425 2140,1455"/>
                <Baseline points="2151,1476 2178,1473 2205,1472 2233,1469 2260,1467 2288,1467 2315,1466 2342,1465 2370,1464 2397,1463 2425,1463 2452,1463 2479,1463 2507,1463 2534,1463 2562,1461 2589,1461 2616,1461 2644,1461 2671,1460 2699,1458"/>
                <TextEquiv>
                    <Unicode>15 Jaren vngestümer rasender vnd</Unicode>
                </TextEquiv>
            </TextLine>
            <TextLine id="r3l23" custom="readingOrder {index:22;}">
                <Coords points="2133,1530 2369,1508 2436,1526 2590,1501 2743,1509 2742,1475 2675,1479 2646,1456 2609,1476 2464,1464 2132,1482"/>
                <Baseline points="2144,1512 2173,1511 2202,1509 2232,1509 2261,1508 2291,1507 2320,1506 2349,1506 2379,1505 2408,1505 2438,1505 2467,1503 2496,1503 2526,1503 2555,1502 2585,1502 2614,1502 2643,1500 2673,1500 2702,1499 2732,1497"/>
                <TextEquiv>
                    <Unicode>gantz vnbesinter Wyß, mitt vilen an</Unicode>
                </TextEquiv>
            </TextLine>
            <TextLine id="r3l24" custom="readingOrder {index:23;}">
                <Coords points="2135,1568 2402,1549 2649,1565 2672,1546 2764,1568 2770,1509 2533,1504 2460,1530 2416,1505 2134,1528"/>
                <Baseline points="2145,1554 2175,1553 2206,1551 2237,1551 2267,1551 2298,1550 2329,1549 2359,1548 2390,1548 2421,1548 2452,1548 2482,1547 2513,1547 2544,1547 2574,1547 2605,1546 2636,1545 2666,1545 2697,1545 2728,1545 2759,1544"/>
                <TextEquiv>
                    <Unicode>deren mittgeloffnen lesterlichen Worten</Unicode>
                </TextEquiv>
            </TextLine>
            <TextLine id="r3l25" custom="readingOrder {index:24;}">
                <Coords points="2136,1596 2489,1595 2588,1622 2661,1588 2723,1617 2795,1604 2794,1558 2740,1571 2673,1546 2650,1565 2533,1549 2136,1568"/>
                <Baseline points="2147,1592 2178,1593 2210,1593 2242,1593 2274,1593 2306,1593 2338,1593 2369,1592 2401,1592 2433,1592 2465,1592 2497,1592 2529,1592 2561,1591 2592,1590 2624,1590 2656,1592 2688,1592 2720,1592 2752,1592 2784,1593"/>
                <TextEquiv>
                    <Unicode>mehr, sölle vßsgossen haben, Nam¬</Unicode>
                </TextEquiv>
            </TextLine>
            <TextLine id="r3l26" custom="readingOrder {index:25;}">
                <Coords points="2134,1646 2512,1630 2554,1653 2657,1629 2717,1652 2717,1610 2660,1589 2604,1613 2491,1595 2439,1610 2330,1590 2245,1611 2222,1593 2134,1595"/>
                <Baseline points="2145,1638 2173,1637 2201,1635 2229,1635 2257,1634 2285,1634 2313,1632 2341,1632 2369,1632 2397,1632 2425,1632 2453,1632 2481,1632 2509,1632 2537,1632 2565,1632 2593,1632 2621,1632 2649,1632 2677,1632 2706,1632"/>
                <TextEquiv>
                    <Unicode>lich Gott wölle es vns, die es</Unicode>
                </TextEquiv>
            </TextLine>
            <TextLine id="r3l27" custom="readingOrder {index:26;}">
                <Coords points="2145,1693 2410,1676 2525,1696 2598,1674 2647,1695 2682,1678 2776,1692 2776,1633 2688,1651 2600,1632 2550,1654 2448,1632 2389,1651 2145,1645"/>
                <Baseline points="2156,1676 2186,1677 2217,1677 2247,1677 2278,1676 2308,1676 2339,1676 2369,1675 2400,1674 2430,1674 2461,1673 2491,1673 2522,1673 2552,1673 2583,1671 2613,1671 2644,1671 2674,1673 2705,1673 2735,1674 2766,1674"/>
                <TextEquiv>
                    <Unicode>schryben, lesen, oder hören müssend</Unicode>
                </TextEquiv>
            </TextLine>
            <TextLine id="r3l28" custom="readingOrder {index:27;}">
                <Coords points="2137,1726 2392,1719 2482,1747 2568,1714 2635,1732 2681,1719 2725,1743 2800,1731 2800,1697 2683,1677 2522,1697 2409,1676 2309,1700 2282,1679 2190,1678 2137,1701"/>
                <Baseline points="2148,1715 2180,1715 2212,1716 2244,1716 2276,1716 2308,1718 2340,1718 2372,1718 2404,1718 2436,1718 2469,1718 2501,1718 2533,1719 2565,1719 2597,1719 2629,1719 2661,1719 2693,1719 2725,1719 2757,1719 2790,1721"/>
                <TextEquiv>
                    <Unicode>nit zur sund rechnen, es werde ge¬</Unicode>
                </TextEquiv>
            </TextLine>
            <TextLine id="r3l29" custom="readingOrder {index:28;}">
                <Coords points="2154,1776 2530,1768 2676,1797 2706,1770 2791,1788 2792,1733 2589,1723 2524,1747 2418,1742 2395,1720 2154,1724"/>
                <Baseline points="2165,1769 2195,1767 2226,1764 2257,1764 2288,1763 2318,1763 2349,1763 2380,1763 2411,1764 2441,1764 2472,1766 2503,1766 2534,1767 2564,1767 2595,1769 2626,1769 2657,1770 2687,1770 2718,1770 2749,1770 2780,1769"/>
                <TextEquiv>
                    <Unicode>schechen, das Gott werde der Küfel und</Unicode>
                </TextEquiv>
            </TextLine>
            <TextLine id="r3l30" custom="readingOrder {index:29;}">
                <Coords points="2143,1827 2459,1811 2597,1833 2678,1802 2727,1827 2783,1808 2782,1772 2666,1788 2314,1769 2281,1788 2239,1769 2143,1787"/>
                <Baseline points="2153,1809 2185,1809 2218,1811 2250,1811 2283,1811 2315,1811 2348,1811 2381,1811 2413,1811 2446,1811 2478,1809 2511,1809 2543,1809 2576,1808 2609,1808 2641,1806 2674,1806 2706,1805 2739,1805 2772,1803"/>
                <TextEquiv>
                    <Unicode>der zufel Gott werden. Wyl</Unicode>
                </TextEquiv>
            </TextLine>
            <TextLine id="r3l31" custom="readingOrder {index:30;}">
                <Coords points="2154,1855 2250,1872 2305,1852 2355,1875 2472,1880 2526,1855 2555,1876 2712,1858 2741,1873 2766,1867 2767,1811 2729,1827 2593,1801 2522,1830 2457,1815 2428,1834 2397,1812 2365,1833 2234,1813 2154,1826"/>
                <Baseline points="2165,1848 2194,1848 2224,1850 2253,1850 2283,1850 2313,1851 2342,1851 2372,1851 2401,1852 2431,1853 2461,1853 2490,1853 2520,1853 2549,1853 2579,1853 2609,1853 2638,1853 2668,1853 2697,1852 2727,1851 2757,1851"/>
                <TextEquiv>
                    <Unicode>aber gemelter Sager nit selbs, sonder</Unicode>
                </TextEquiv>
            </TextLine>
            <TextLine id="r3l32" custom="readingOrder {index:31;}">
                <Coords points="2149,1906 2439,1900 2485,1922 2508,1899 2659,1921 2774,1903 2774,1874 2714,1861 2555,1877 2530,1854 2484,1880 2354,1874 2304,1850 2245,1872 2208,1853 2149,1862"/>
                <Baseline points="2159,1890 2189,1892 2219,1892 2249,1892 2279,1893 2310,1893 2340,1894 2370,1895 2400,1895 2430,1896 2461,1896 2491,1898 2521,1898 2551,1899 2581,1899 2612,1899 2642,1899 2672,1899 2702,1899 2732,1899 2763,1898"/>
                <TextEquiv>
                    <Unicode>allein syn vatter erschinnen, Ist dem</Unicode>
                </TextEquiv>
            </TextLine>
            <TextLine id="r3l33" custom="readingOrder {index:32;}">
                <Coords points="2148,1942 2239,1962 2407,1942 2492,1966 2668,1943 2724,1963 2781,1958 2782,1899 2650,1920 2571,1900 2508,1899 2487,1920 2414,1900 2148,1907"/>
                <Baseline points="2159,1932 2189,1933 2220,1935 2250,1936 2281,1937 2312,1937 2342,1938 2373,1938 2403,1938 2434,1938 2465,1938 2495,1938 2526,1938 2556,1938 2587,1940 2618,1940 2648,1940 2679,1941 2709,1943 2740,1943 2771,1946"/>
                <TextEquiv>
                    <Unicode>selben, das er Ihn am frytag mitt sich</Unicode>
                </TextEquiv>
            </TextLine>
            <TextLine id="r3l34" custom="readingOrder {index:33;}">
                <Coords points="2148,1996 2502,1988 2547,2016 2615,1986 2654,2008 2705,1990 2796,2006 2797,1960 2749,1953 2479,1965 2407,1942 2329,1958 2298,1932 2262,1961 2150,1940"/>
                <Baseline points="2160,1976 2191,1977 2222,1978 2254,1979 2285,1979 2316,1980 2348,1980 2379,1980 2410,1982 2442,1982 2473,1982 2504,1982 2536,1983 2567,1983 2598,1983 2630,1985 2661,1986 2692,1986 2724,1988 2755,1989 2787,1991"/>
                <TextEquiv>
                    <Unicode>bringe, glimpfflich anzeigt, vnder deß</Unicode>
                </TextEquiv>
            </TextLine>
            <TextLine id="r3l35" custom="readingOrder {index:34;}">
                <Coords points="2143,2022 2659,2043 2791,2035 2792,2006 2702,1991 2654,2009 2610,1981 2487,2006 2320,1985 2144,1994"/>
                <Baseline points="2153,2016 2184,2018 2215,2018 2247,2019 2278,2019 2310,2021 2341,2021 2372,2022 2404,2022 2435,2022 2467,2024 2498,2024 2529,2024 2561,2025 2592,2025 2624,2026 2655,2027 2686,2028 2718,2028 2749,2030 2781,2031"/>
                <TextEquiv>
                    <Unicode>aber an den lvogt zu Signouw</Unicode>
                </TextEquiv>
            </TextLine>
            <TextLine id="r3l36" custom="readingOrder {index:35;}">
                <Coords points="2155,2084 2373,2065 2419,2090 2490,2062 2580,2067 2613,2092 2632,2075 2791,2073 2791,2035 2156,2024"/>
                <Baseline points="2165,2064 2195,2063 2226,2063 2257,2063 2288,2061 2318,2061 2349,2061 2380,2063 2411,2063 2441,2063 2472,2063 2503,2063 2534,2064 2564,2064 2595,2066 2626,2066 2657,2066 2687,2066 2718,2066 2749,2066 2780,2066"/>
                <TextEquiv>
                    <Unicode>zeschryben gerhaten worden, vff Inne</Unicode>
                </TextEquiv>
            </TextLine>
            <TextLine id="r3l37" custom="readingOrder {index:36;}">
                <Coords points="2155,2114 2188,2133 2299,2113 2430,2135 2489,2108 2531,2131 2581,2113 2618,2132 2662,2109 2773,2127 2773,2079 2610,2090 2562,2065 2353,2084 2303,2065 2155,2085"/>
                <Baseline points="2166,2105 2195,2105 2225,2105 2255,2105 2285,2105 2315,2105 2344,2105 2374,2105 2404,2105 2434,2106 2464,2106 2493,2106 2523,2106 2553,2106 2583,2106 2613,2108 2642,2108 2672,2108 2702,2108 2732,2109 2762,2109"/>
                <TextEquiv>
                    <Unicode>angsicht brieffs stellen Zelassen, vnd</Unicode>
                </TextEquiv>
            </TextLine>
            <TextLine id="r3l38" custom="readingOrder {index:37;}">
                <Coords points="2150,2166 2232,2144 2296,2173 2518,2151 2763,2161 2763,2119 2734,2109 2619,2129 2481,2109 2420,2130 2355,2102 2257,2125 2150,2110"/>
                <Baseline points="2160,2147 2189,2148 2219,2148 2248,2148 2278,2150 2308,2150 2337,2150 2367,2150 2397,2149 2426,2148 2456,2148 2486,2148 2515,2148 2545,2148 2575,2148 2604,2150 2634,2150 2664,2150 2693,2151 2723,2153 2753,2154"/>
                <TextEquiv>
                    <Unicode>Inne vnuerzogen gwarsam harze,</Unicode>
                </TextEquiv>
            </TextLine>
            <TextLine id="r3l39" custom="readingOrder {index:38;}">
                <Coords points="2169,2206 2253,2222 2315,2193 2376,2220 2504,2194 2782,2206 2781,2166 2742,2156 2677,2171 2660,2154 2606,2169 2518,2152 2437,2171 2370,2155 2297,2174 2236,2143 2169,2149"/>
                <Baseline points="2180,2192 2209,2192 2239,2192 2268,2192 2298,2192 2327,2192 2357,2193 2386,2193 2416,2193 2445,2193 2475,2193 2505,2193 2534,2193 2564,2192 2593,2192 2623,2192 2652,2192 2682,2190 2711,2190 2741,2190 2771,2189"/>
                <TextEquiv>
                    <Unicode>haffen, ouch so imme der E. ande¬</Unicode>
                </TextEquiv>
            </TextLine>
            <TextLine id="r3l40" custom="readingOrder {index:39;}">
                <Coords points="2161,2251 2782,2246 2795,2200 2502,2194 2456,2217 2433,2199 2383,2215 2324,2199 2266,2220 2161,2203"/>
                <Baseline points="2171,2235 2201,2235 2232,2235 2262,2237 2293,2237 2324,2237 2354,2235 2385,2235 2416,2235 2446,2235 2477,2235 2508,2235 2538,2235 2569,2234 2600,2234 2630,2234 2661,2235 2692,2235 2722,2235 2753,2237 2784,2237"/>
                <TextEquiv>
                    <Unicode>tung nach anderer lester worten et¬</Unicode>
                </TextEquiv>
            </TextLine>
            <TextLine id="r3l41" custom="readingOrder {index:40;}">
                <Coords points="2158,2287 2461,2297 2517,2277 2601,2306 2668,2284 2723,2300 2764,2291 2764,2243 2158,2252"/>
                <Baseline points="2168,2283 2197,2283 2226,2283 2255,2282 2285,2282 2314,2282 2343,2282 2372,2281 2402,2280 2431,2280 2460,2280 2489,2280 2519,2280 2548,2279 2577,2279 2606,2279 2636,2279 2665,2279 2694,2277 2723,2277 2753,2277"/>
                <TextEquiv>
                    <Unicode>vas gewüssen, nicht dessen zuglych</Unicode>
                </TextEquiv>
            </TextLine>
            <TextLine id="r3l42" custom="readingOrder {index:41;}">
                <Coords points="2167,2335 2288,2341 2324,2316 2370,2339 2433,2320 2556,2339 2600,2320 2654,2341 2784,2324 2767,2286 2284,2285 2253,2302 2167,2285"/>
                <Baseline points="2177,2324 2206,2324 2236,2322 2266,2322 2296,2322 2326,2322 2356,2322 2385,2322 2415,2322 2445,2322 2475,2322 2505,2322 2535,2322 2565,2322 2594,2322 2624,2322 2654,2322 2684,2322 2714,2322 2744,2322 2774,2321"/>
                <TextEquiv>
                    <Unicode>Zebericht. Hieneben syen sy mitt</Unicode>
                </TextEquiv>
            </TextLine>
            <TextLine id="r3l43" custom="readingOrder {index:42;}">
                <Coords points="2164,2379 2256,2364 2380,2384 2434,2363 2643,2385 2791,2363 2791,2342 2624,2339 2601,2320 2557,2339 2433,2321 2287,2345 2235,2324 2164,2337"/>
                <Baseline points="2174,2369 2204,2367 2234,2367 2265,2366 2295,2366 2325,2366 2356,2366 2386,2366 2416,2366 2447,2366 2477,2364 2507,2364 2538,2364 2568,2364 2598,2364 2629,2364 2659,2364 2689,2364 2720,2364 2750,2364 2781,2364"/>
                <TextEquiv>
                    <Unicode>yner vnd der E. Verrichtung zu der</Unicode>
                </TextEquiv>
            </TextLine>
            <TextLine id="r3l44" custom="readingOrder {index:43;}">
                <Coords points="2162,2410 2226,2427 2302,2409 2400,2435 2448,2412 2584,2428 2670,2411 2730,2435 2789,2421 2789,2362 2666,2384 2436,2364 2379,2384 2256,2365 2162,2381"/>
                <Baseline points="2172,2405 2202,2406 2232,2406 2262,2408 2293,2408 2323,2408 2353,2408 2384,2408 2414,2408 2444,2408 2475,2408 2505,2408 2535,2408 2565,2408 2596,2408 2626,2409 2656,2409 2687,2409 2717,2411 2747,2411 2778,2412"/>
                <TextEquiv>
                    <Unicode>sach zwüschen Peter Blaser vnd Elsti</Unicode>
                </TextEquiv>
            </TextLine>
            <TextLine id="r3l45" custom="readingOrder {index:44;}">
                <Coords points="2130,2455 2215,2456 2236,2473 2268,2456 2322,2482 2380,2452 2439,2450 2476,2480 2543,2485 2585,2479 2586,2425 2448,2413 2423,2431 2341,2428 2302,2409 2216,2424 2164,2394 2130,2402"/>
                <Baseline points="2141,2445 2166,2446 2191,2447 2217,2448 2242,2449 2268,2450 2293,2450 2319,2451 2344,2451 2370,2451 2395,2451 2421,2451 2446,2451 2472,2451 2497,2451 2523,2451 2548,2452 2574,2453"/>
                <TextEquiv>
                    <Unicode>Baltzli wol zu friden</Unicode>
                </TextEquiv>
            </TextLine>
            <TextEquiv>
                <Unicode>245.
erzüget, vnd nienen zu betretten sye,
ein Ruffbrieff an Cantzel zu
Kilchberg von 3 zu 3 wuchen ad
somman ertheilt.
Herrenbalm
Wyl Vrsula Remundt wider Peter
Möriiren Eheman geklagt, daß
er ein prästhafften schenckel, vnd
stinckenden Athem, ouch überal ein
wusten lyb habe, vnd das Wasser
nit behalten möge, sonderlich aber
daruf gedütet, als solte er mitt
vnreinigkeit behafftet syn, Ist
er mitt einem zedel an die E
Doctores vnd Thormeister, zu be¬
ampter besichtigung gewisen worden
Höchstetten.
Vli Ellenberg, der Sager zu Steinen,
Ist durch die Chorrichter zu Höchstett
eleidet worden, daß er vor vngfar
15 Jaren vngestümer rasender vnd
gantz vnbesinter Wyß, mitt vilen an
deren mittgeloffnen lesterlichen Worten
mehr, sölle vßsgossen haben, Nam¬
lich Gott wölle es vns, die es
schryben, lesen, oder hören müssend
nit zur sund rechnen, es werde ge¬
schechen, das Gott werde der Küfel und
der zufel Gott werden. Wyl
aber gemelter Sager nit selbs, sonder
allein syn vatter erschinnen, Ist dem
selben, das er Ihn am frytag mitt sich
bringe, glimpfflich anzeigt, vnder deß
aber an den lvogt zu Signouw
zeschryben gerhaten worden, vff Inne
angsicht brieffs stellen Zelassen, vnd
Inne vnuerzogen gwarsam harze,
haffen, ouch so imme der E. ande¬
tung nach anderer lester worten et¬
vas gewüssen, nicht dessen zuglych
Zebericht. Hieneben syen sy mitt
yner vnd der E. Verrichtung zu der
sach zwüschen Peter Blaser vnd Elsti
Baltzli wol zu friden</Unicode>
            </TextEquiv>
        </TextRegion>
    </Page>
</PcGts>
