4032 3024
1481 323 1552 400 12.
1566 399 2167 503 schuld treit, in imm und billigkei
1575 467 2164 544 abzetragen, und dann imme g und
1580 503 2169 594 sfreüdenrych 6 lb den für nicht
1569 554 2157 621 vilfaltige muy, neben gewonten
1575 594 2152 669 Vrteil gelt, vfferlegt, vnd Euer
1578 644 2167 711 erkent worden, daß in Scheid
1578 697 2170 760 brieff anstatt begerter reparam
1561 730 2158 802 sölle gesetzt weden, daß so fehr
1564 772 2148 845 daß sich obberührte anklag deß
1577 812 2160 879 Ehebruchs befunden, daß vil mehr
1577 857 2158 931 das gegentheil vß vnuerwerfflich
1580 903 2170 979 gründen sich beschinnen, hiemitt soll
1580 952 2178 1017 ind dann alle vngütliche Wort vnd
1580 989 2159 1059 werck, so in wärendem lauff die
1571 1030 2192 1101 sers handels möchten fürgangen syn,
1586 1072 2167 1145 ouch alle bitterkeit vnd vnwillen
1592 1112 2177 1184 wüschen beiden plyen, vffgehept
1573 1159 2180 1231 hin vnd ab, ouch in ehren Vnnach¬
1585 1201 1757 1274 teilig syn
1563 1275 2191 1363 Den entscheid zytlichen guts betreff¬
1604 1343 2187 1405 end, wyl mine herren dar¬
1605 1374 2148 1443 umb ersucht vnd angesprochen,
1609 1410 2154 1491 so derselb biss uff morndrig
1612 1454 1936 1529 tag verschoben worden.
1723 1536 1927 1623 Bern.
1618 1601 2182 1691 zu befürderung der publication vnd
1641 1658 2193 1731 verlesung der von nüwen in truk
1637 1690 2182 1771 vßgangnen Reformation, sol ein
1629 1739 2164 1809 kurtzer fürtrag gestelt und der
1630 1772 2061 1856 Judici ingehendiget weden
1661 1842 2099 1953 Wimmis reutigen.
1637 1941 1993 2045 An herren Castlan schryben.
1664 2005 2195 2094 sölle Peter Springen, wyl er uff
1653 2038 2179 2139 hütt syner hußfrouwen nit begegen,
1662 2081 2162 2171 net, biß vffn nechsten Mittwuchen
1649 2114 2181 2220 vnderstahn mitt fründtlichen mitt¬
1651 2158 2199 2249 ley harzehalten, wo aber die
1655 2180 2185 2307 vergeben, inne gwarsam harbegleiten
1657 2220 1764 2286 lassen
1826 2277 1948 2371 Belp
1648 2331 2080 2471 den sein vertel schryben.
1730 2393 2210 2507 ß er den Hansen Müller am
1690 2416 2215 2553 fahr, wyl er widrumb uß wand
1683 2487 1825 2565 halte.
1688 2458 2223 2607 len mag, uffen Mittwuchen ynhet
2874 258 2954 326 43.
2505 349 2653 432 Bern
2264 439 2942 583 amuel Tschiffelis halb von der hutz
2370 485 2954 592 verzeichneten er sach wegen,
2286 536 2939 652 wyl die bekantnuß zu beiden syten
2292 564 2964 709 vorhanden, vnd er zu hinwegfertig
2272 620 2989 732 ung der Tirnen hieuor ouch contribu¬
2271 665 2950 776 ert, ward ein rhatschlag gefasset.
2273 712 2949 819 daß er darumb mitt gfangensch
2269 766 2944 860 vnd an gelt gestrafft ieden sölle,
2279 808 2959 898 s aber wegen syner hußfrouwen
2816 871 2875 918 .
2268 866 2820 962 kranckheit yngestelt worden.
2315 1017 2972 1127 Zinstags 18. novemb. 1628.
2337 1105 2738 1198 s. ex senatu
2299 1151 3015 1249 tre peiner von Werdt. H. Tachselhoffer.
2506 1216 2693 1300 Minist
2304 1279 2868 1368 H. der an Schmid, H Langhaus.
2543 1338 2652 1417 Siv.
2295 1392 2783 1494 H Gultzer s im Hag
2543 1524 2692 1605 Berre
2299 1618 2986 1710 s. Michel Freudenrych, Buwherr von
2312 1685 3009 1747 Rhat, eins, denne yngewesne tocht
2312 1719 3006 1771 erman, sincentz spätig anders theils,
2301 1768 2997 1830 sind von Verglychung wegen deß Eytliche
2303 1798 3010 1861 guts gegen ein andern erschinnen, Glau
2303 1847 2991 1914 schen denen uff wytloüffige verhörung
2314 1879 3015 1945 der ansprach und verantwortung erkent,
2317 1935 3009 1994 und gesprochen worden, es sölle herr spä
2323 1969 3024 2025 ting dem herrn synem schwächer zunamm
2313 2014 3010 2086 vnd zuhanden syner Tochter, so wol für
2318 2056 2988 2122 die Ehestühr der 1000 lb. vnd Ein
2312 2090 3006 2170 hundert Sonnen. Morgengab, als auch
2303 2138 3012 2207 für den In einem ledel yngelegten Ar¬
2314 2171 3013 2249 tzet Costen, vnd zu einer stühr anhie
2303 2213 3033 2291 künfftige underhaltung, für alles überal
2318 2265 3039 2336 2200 lb. In barem gelt, oder guten wer¬
2318 2314 3004 2383 schafften Gültbrieffen wäders imme
2317 2343 3039 2424 spälig gefellig rutzit uff nechstkünff
2321 2386 3017 2456 tig suciae entrichten. Wo aber das nit
2323 2428 3027 2495 geschechen, vnd er dem nit statt thun wurde
2319 2471 3011 2538 Alsdann g froüdenrych befügt syn, sich
2332 2525 3018 2597 umb dise summ by h. Vinrentz Stürler
2326 2558 2991 2640 uerholen, vnd so er den garten Im
