4032 3024
1375 381 1484 446 346.
1428 439 2025 574 Montags 27 july 1629
1681 512 1848 575 Exsen¬
1434 514 2047 666 Hr v. Bickhart. Ind. J. Bachselhoffe
1655 608 1806 682 Minist
1449 630 1746 715 zu der an Schmid,
1902 655 1953 704 te
1665 714 1780 783 Dis
1454 749 2057 868 ir im Hag, Hr. Monnier herren von Werd
1600 849 1881 942 Waberen
1424 913 2012 1016 Bendicht Zehnder Ist vmb das Jenige
1442 971 2010 1042 oben p. 344. censuriert, das er
1436 1009 2014 1075 pott geflissner zehalten, nochmall
1431 1032 2035 1117 ernstig vermahnt, vnd damitt wider
1427 1076 1826 1153 ledig glassen worden.
1436 1153 1894 1250 bechingen. Boll.
1412 1257 2045 1327 Michel dannen hatt vmb bewillig¬
1450 1296 2035 1359 ung sich anderfahrt zer sehlichen an¬
1441 1329 2045 1393 gehalten. Ob nun glychwol syn andert¬
1427 1365 2031 1433 halb järig wartzil noch by wytem
1427 1403 2014 1469 nit fürüber, jedoch zu ansechen, das
1427 1443 2052 1502 kein versunung zwüschen Ime vnd syner
1424 1477 2043 1550 abgescheidnen das Stuckin ze verhoffen,
1412 1524 2026 1583 deßglychen daß es wäger vnd bester
1424 1558 2032 1621 er In der Ehe läbe, weden daß er et¬
1423 1599 2038 1648 van wider zu vppigkeit fallen solte,
1425 1631 2037 1703 Ouch zu bedenken der E. zu Verhingen
1418 1676 2032 1732 schyns vnd Intercession, wie ouch deß
1418 1726 2034 1780 h landtvogts zu offerdten zügnuß, ist
1411 1756 2002 1817 Imme syn begeren bewilliget worden,
1411 1796 2046 1866 mitt pflag 3lb. neben dem Vrteilgelt
1462 1855 2071 1962 Stocken Thurnen Mülibas.
1422 1944 2046 2027 Peter Mettlers wider Barbara zu¬
1432 2002 2033 2069 richerin yngewandte Theansprach
1424 2039 2044 2108 dardurch er die vollzüchung der Ehe¬
1417 2073 2037 2138 verlobnuß, so sich siderhar zwüschen ira
1429 2109 2042 2181 und Hans Kräps zugetragen, gehinderet,
1411 2147 2038 2213 wyl sy ein andern zwar etwas, aber
1416 2184 2032 2255 nit völligs versprochen, Ist dieselbe
1418 2224 2049 2290 vfgehert, imme sich anderfahrt zu ver¬
1408 2259 2014 2325 ehlichen frygesetzt, vnd 127. die so
1411 2308 2006 2367 Imme an in erlittnen Costen gestühr
1409 2350 2023 2406 ußrichten sol, zugesprochen, vnd die¬
1417 2373 2053 2437 wyl sy hieneben glych im anfang söl
1418 2414 2067 2481 hen Ehehandels sich lychtfertig erzeigt,
1419 2448 2023 2514 s Jra Zū Wolverdienter straff vnd
1406 2483 2047 2557 künfftiger wahrnung 9 lb den pfer
1401 2520 2015 2591 legt, vnd zwar einmal der
2696 333 2781 413 347
2091 404 2766 537 kilchgang mitt gemeltem Kraps gut¬
2110 460 2800 576 gheissen vnd zugelaßen. Nach dem aber
2103 497 2795 612 rsagter Mettler von demselben vß geben,
2103 549 2768 651 und über imme gescheihne fürbildung deß
2089 591 2750 695 Costens vnd anderer sachen halb, In die
2090 622 2782 728 er sich villicht selbs bringen wurde, bestendig
2097 663 2800 771 erhalten, das er hieuor der Wirthin zu Tier¬
2098 716 2764 798 wheren die Ehe verheißen, vnd ein thaler
2083 746 2779 840 daruff geben haben, weliches von dem
2094 779 2799 882 Chorgricht zu Thurnen nachwerts vfgehept
2104 831 2803 923 worden syn sölle. Ist die vollzüchung ob¬
2094 876 2778 952 anzogner Ehe biß vff Euere nachfor¬
2111 910 2778 996 hung zugestelt, dem gemelten Vor¬
2104 956 2779 1037 gricht vmb bericht, wie die sach In grund
2101 996 2799 1082 der Warheit beschaffen, wie zuglych ouch
2090 1035 2789 1119 der E. zu Tieracheren, die 2 Männer, die
2094 1079 2763 1162 Mettler zum Zugen genamset, als Gli
2092 1124 2790 1197 Nuhboum vnd A. Jenni, harzehalten,
2105 1168 2749 1247 zuschryben beuolchen: Vnd ob wol er
2093 1194 2796 1282 demnach ouch syn deßen by nicht verdacht,
2098 1245 2814 1315 daß sy hieuor nit allein in irer Jugendt
2108 1286 2799 1345 einem die Ehe verheissen ghan, aber nach¬
2099 1309 2821 1386 wärts mitt einem andern, Martey genant,
2108 1364 2799 1432 hinweg und daruon zogen, und als sy dessen
2102 1396 2793 1465 hatt gsin, widerkommen, vnd den ersten ge¬
2101 1435 2802 1500 ehlichet, Sondern ouch in wärender Ehe ein
2102 1486 2793 1541 faler begangen, den sy noch nit abgebüßt
2110 1507 2781 1578 habe: Darüber sy zwar beider stucken
2105 1557 2796 1618 bekantlich gsin, Jedoch sich deß ersten mitt
2097 1592 2820 1656 der Jugend vnd dem trunck, deß andern
2104 1635 2786 1694 halb aber mitt dem entschuldiget, das
2104 1666 2785 1733 sy die straff zu Thun ußgestanden, vnd
2106 1702 2807 1773 abgebüßt habe, Ist nüt wyters daruff
2110 1750 2786 1806 gesetzt, sondern sy mitt einer vermahn
2126 1783 2785 1853 ing, sich ins künfftig besser zehalten, le
2115 1825 2435 1888 dig glaßen worden
2431 1837 2485 1880 1
2333 1894 2550 1971 Dignauw.
2136 1956 2732 2034 Hans Jutzi hatt wider Christina Bürck
2747 1980 2808 2037 sn
2145 2009 2817 2066 schwyb geklagt, Als Gott der Allmechtig
2141 2042 2834 2107 kurtz abgeloffner zyt ein ir khind in ein große
2144 2085 2812 2140 vnd schwere kranckheit fallen lassen, In¬
2153 2115 2831 2173 maßen es weder sterben noch genäsen können
2157 2157 2821 2203 vnd die nachburen dahar vrsach vnd anlaß
2145 2189 2796 2246 genommen, sy die antworterin zefragen, ob
2135 2231 2792 2290 sy es willicht mit dem rechten Vatter gegeben
2141 2277 2792 2325 habe, sye sy darüber bekantlich worden, das
2144 2300 2824 2347 sy mitt seinem andern Man ze thun gehept habe,
2134 2336 2772 2399 deßwegen derschidigung begert. Wyl nun
2154 2375 2764 2434 lhie sy mit verneinen können, dann das
2150 2409 2786 2466 y sich in wärendem Ehestand wider mitt
2145 2446 2810 2504 Uli Lehman eines schnyder zu Signouw, sohn,
2138 2483 2787 2536 der alßbald darnach ußtretten, wider eh¬
2150 2517 2815 2589 liche pflicht vergessen habe, und er ira dar¬
