4032 3024
1344 361 1425 439 298
1401 419 2026 571 Mittwuchenn 17. Junii 1679
1649 510 1811 590 EX Sen
1402 530 1708 632 s Dachselhofer
1617 602 1784 689 Minist.
1408 661 1993 775 Er deron Schmid. S. Rütimeyer
1608 721 1727 794 Cr.
1399 774 2013 876 sr inhag, Hr. Monnier her von Wett
1571 891 1840 999 Fiuting
1416 994 2006 1091 Elßbeth Rychen Theansprach an lie¬
1411 1057 1997 1134 laus Schmeltzer ein jüngling, wyl sie
1411 1093 2015 1177 uff syn vernommen mit bewysen können,
1415 1135 1996 1209 Ist nichtig erkent, jedem erloupt,
1417 1175 2009 1259 sich anderfahrt zu gebür ze sehlichen,
1399 1224 2013 1296 vnd der Costen zwüschen Inen Wett¬
1412 1260 1693 1340 geschlagen worden.
1414 1336 1977 1452 Müllenberg. Couppen
1400 1414 1998 1515 An herr vogt schryben, Hans Remundt,
1422 1484 1984 1556 eil er lut Chorgrichtlichen berichts¬
1430 1518 2013 1582 um andern mal citiert worden, aber
1423 1560 2007 1622 nist erschinnen, sonder sich geüsseret,
1402 1597 1996 1664 wo das gutliche gepott nochmalen
1414 1644 2000 1711 nit erheblich, gwarsam harzehalten.
1586 1685 1822 1777 Schüpfen.
1405 1759 2003 1849 Obwol die Ehrsach zwüschen Rudolff
1421 1820 1927 1880 Schürer und Margreth dubi
1419 1855 2002 1913 wyt kommen, das ire elteren nit allein
1404 1889 2007 1960 imme glück gewünscht, und daruff mitt
1417 1930 2007 2001 einandern getruncken, vnd vmb das
1399 1972 1998 2028 hochzyt, red gehalten, sondern ouch er
1393 2014 2014 2070 den predicanten albereit vmb die ver¬
1402 2046 2011 2117 kündung angesprochen: Jedoch vnd die¬
1399 2089 2008 2157 vyl sy Margreth soliches gewendt,
1405 2134 2006 2197 vnd Imme das gelt, so er drauff gut
1407 2155 2020 2237 glück hin gegeben, widerumb hin geschickt,
1392 2208 2017 2266 In bedencken, sy zu imme nie kein willen
1402 2247 2003 2306 gehept noch erzeigt, vnd niemalen
1402 2283 2002 2355 ja darzu gesagt, wie dann der clegt
1394 2323 1983 2394 selbs nit abgsin, ouch sich noch alhie
1411 2358 1998 2431 erlüteret, daß sy synen nüt wölle,
1417 2404 1991 2476 so dise Thransprach vfgehert, vnd
1392 2438 1979 2511 hre Zetwedern, sich ander wertig
1400 2476 2020 2554 zu verehlichen frygestelt, vnd der Co¬
1401 2511 1809 2605 ven compensiert worden.
2052 1124 2090 1199 e
2635 291 2720 367 299.
2051 370 2651 557 . Pastorin Rugnens.
2052 474 2676 642 francois sitet, so vorm Chorgricht
2076 532 2744 675 zu Rugnens Jagueman Eschellen, wyl
2060 596 2704 720 und Abraham Prelats wittwen der
2052 644 2732 762 Ehe angesprochen, vnd dieselbe zu erwey¬
2069 676 2736 801 sen vnderstanden, entzwüschen aber
2076 720 2712 842 ich mitt einer andern verpflichtet, die¬
2115 770 2724 881 er eintzig erschinnen, ist er wider
2064 833 2117 898 syl
2052 807 2739 942 hinder sich gewisen, vnd an die E. geschriben
2057 869 2725 969 worden, die 2. wybspersonen eben
2057 914 2520 1029 so wol als Inne harzehalten
2233 1011 2417 1094 Bolling
2086 1093 2685 1192 sbeth Otterlin halb, so alhar In die
2091 1153 2730 1233 gfangenschafft gebracht worden, an
2080 1194 2742 1272 die E. schryben, daß sy by Bendicht witt¬
2094 1232 2755 1315 i by der Papyrmüli und synem huß
2076 1280 2760 1363 volck, oder anderen, da sy vnd daviel
2070 1321 2746 1402 känel der Wull Wabergsell sich zu zogen
2079 1365 2774 1447 haben möchte, ob nit sy, das sy ein an¬
2090 1418 2738 1494 dern zkilchen fuhren wöllint, oder
2083 1463 2741 1535 andere derglychen reden, daruß ein
2079 1510 2747 1580 Eheversprechung zuschließen uß gelassen
2099 1543 2784 1609 abet, bericht ufnemmen, vnd den
2096 1593 2797 1672 nicht biß uff frytag überschicken söllint,
2466 1718 2581 1772 dur
2117 1692 2364 1785 Schintznach
2455 1751 2708 1847 Lieracheren
2109 1761 2340 1840 Gränichen.
2077 1851 2781 1936 Damuel zur Müli mitt Margreth haber
2092 1919 2775 1982 vnd Caspar Mösch mitt Anna Senger
2083 1944 2769 2024 vor der gmeind zu Muri kilchenrecht
2086 1987 2356 2062 zethun erloupt.
2305 2064 2433 2131 Bern
2123 2128 2792 2201 Bitzius Haller dem hußwirth zum Schiff¬
2133 2184 2752 2249 lüten Ist fürgehalten worden, daß er
2132 2221 2747 2290 allein liederlichen volck statt vnd platz
2128 2263 2752 2330 gebe, sonderlich am nechsten frytag vor
2132 2298 2768 2367 pfingsten etlich gest gehept, die ein un¬
2127 2339 2794 2407 mentschlich ergerlichs gschrei geführt etc.
2138 2381 2786 2437 vnd nach dem er dispunctens halb da
2136 2424 2815 2482 und von Wattenwyl, Niclaus von dies
2122 2453 2824 2518 bach, vnd Jeronimus Walder, genamset,
2130 2504 2833 2575 Ist er vber syn versprechen mitt einer
