4032 3024
1480 232 1574 311 116
1563 296 2193 526 Mittwuchens rechne
1803 444 2005 534 Ex Senatu
1576 483 2008 603 Hr. Venner von Werdt¬
1798 561 1960 642 Minist
1594 615 2086 722 H Schmid H Langhauß.
1783 672 1871 751 Cit
1589 724 2044 831 h Fischer s imag
1597 825 2043 955 Lyß Ammers wyl
1560 977 2152 1085 Alsdann eines ehrsamen Chorgrichts
1570 1032 2167 1134 zu Seedorff vngfehr vor dryen Jare
1563 1076 2149 1176 zwüschen Hans Korn jungen und
1552 1119 2163 1206 wegen syner tochter, eins: Denne
1548 1159 2183 1258 Niclaus Hani, anders theils, gemach¬
1555 1203 2178 1296 te spruch, autreffend das derselbige
1555 1252 2172 1334 dlis ao 1626. die Zehnden zu Seedorff
1549 1279 2161 1376 vlichen worden, gemelte tochter vff
1536 1332 2172 1409 Irem Heintweg angriffen, vnd by ein¬
1549 1369 2165 1458 er stapffen by den Kleideren zu sich vff
1516 1410 2176 1505 die roggensammleten, vmb vnehrlicher sache
1519 1446 2160 1541 willen, nidergerissen habe, Inmassen sy
1529 1491 2164 1583 sich seinen zeige erwehren, vnd Ir ehr
1530 1532 2158 1626 erretten mussen. etc. Widerumb er frü-
1531 1568 2146 1661 thet, vnd von Jetzigen Chorrichteren
1522 1614 2157 1705 daselbst zum theil wyl gesagter ko¬
1531 1662 2142 1750 sich erklagt, das der ander zune
1526 1697 2156 1782 nit nach vermög deß spruchs von Costen
1528 1739 2162 1839 seyse, zum theil wyl Jetziger Ob¬
1538 1786 2122 1873 man vnd ein gantz ehegricht zu
1535 1819 2122 1911 Seedorff vermeint, das domalige
1539 1859 2126 1956 richter nit befugt gsin seyen, söli
1540 1897 2133 1992 schen handel ohn Ir Gn vorwüssen
1534 1938 2148 2048 hinzulegen, für m g h in geseß
1530 1984 2162 2074 nen Rhat geschriben, vnd volgents
1519 2031 2129 2122 dadannen alhar gewisen worden,
1532 2059 2132 2168 sind uff hütt beid partyen erschinnen.
1513 2105 2134 2209 vnd sonderlich gemelter Jäni obbe¬
1531 2139 2130 2235 rührter that halb verhört worden,
1533 2173 2112 2291 der zwar gebruchter schimpff reden
1522 2221 2125 2322 deß inderryssens aber nit bekant,
1527 2251 2105 2366 lich gsin, und im übrigen vermeldet,
1530 2287 2112 2413 das er nach Inhalt deß spruchs dar
1534 2331 2105 2444 umb die gfangenschafft ußge¬
1543 2365 2092 2486 standen, und alles was imme in
1541 2403 2091 2513 demselben uferlegt war, abge¬
1528 2442 2116 2567 richt, zumassen nüt wyters dann
2896 277 2981 360 117.
2332 348 2952 455 gemelten Korn den Costen, so
2347 400 2969 487 von solichen handels wegen vfge¬
2334 444 2960 530 lüffen, ynzusetten gerestiert,
2325 481 2985 582 dessen bezalung aber sy imme vor
2339 536 2962 613 allein Costen angerotten, Er
2322 569 2970 662 aber sölichen nienen anderst wo
2329 612 3007 699 als an dem ort, da der handel v
2324 657 2994 755 gangen, wie er nit absen können
2329 704 2979 793 empfachen und annemmen willen.
2334 743 2975 830 n bedencken Welicher vmbstende
2294 787 2960 880 über disen Iren kan abgesprochen
2319 834 2953 917 worden, das Er häni dem Korni
2307 874 2988 970 für alles zumal noch 6. F. ent¬
2320 928 2989 1004 richten, derselb dann mitt dem wirt
2317 971 2959 1055 vnd Chorgricht abschaffen, vnd der
2301 1014 2938 1095 handel hiemitt vßgemacht sen
2311 1060 2631 1136 vnd blyben solle.
2369 1148 2974 1244 Munsingen Stäfisburg.
2298 1295 2969 1370 Madlen Schmid hatt verschinnen mon
2331 1357 2983 1421 tags vmb das, daß sy vor dritt¬
2324 1386 2961 1460 halb Jaren von Daviel Vttinger
2311 1426 2922 1502 gelediget vnd gescheiden worden
2309 1471 2969 1539 se, ein schyn begert, als ohne wel¬
2311 1526 2950 1578 chen der h. Predicant zu Stäfisburg
2310 1563 2930 1630 y mitt sester Zimmermanshrei
2299 1597 2933 1673 Ehe versprochnen nit ynsegnen
2305 1641 2918 1711 wölle, der ward ira ouch mitt
2308 1679 2927 1752 der condition, so sich soliches In den
2296 1722 2921 1792 Manual erfinde, erkent vnd
2305 1765 2918 1834 bewilliget. Nach dem sich aber
2303 1806 2920 1880 dardurch die sach andrist, vnd mitt
2302 1856 2928 1926 naen also befunden, das sy und
2306 1887 2908 1961 gedachter Ottinger domaln vmb
2306 1928 2917 2012 erlouptnuß deß kilchgangs ange¬
2310 1975 2904 2045 alten, Sy aber, Ires ersten Mans
2311 2014 2912 2089 hinscheid in pundten beschynlich keine
2311 2055 2900 2131 chen, hinder sich gewisen, welches
2300 2104 2913 2175 aber durch sy nit abgetriben, son¬
2301 2140 2944 2213 der also vnderwegen glassen worden
2311 2183 2957 2246 ind sy vff hutt beide mitt einandern,
2300 2212 2957 2301 mitt einem Chorgrichtlichen schryben, dar¬
2300 2262 2910 2325 in vnder andern, Hans Lehmans, Ires
2305 2300 2932 2368 ersten Mans, tods gewüßheit zügnuß
2295 2341 2899 2408 geben wirt, erschinnen. Ob wol nun
2292 2382 2899 2454 y beide der hieuor geschechnen Ehe¬
2310 2423 2935 2490 versprechung einandern gestendig ge¬
2311 2461 2919 2535 in, jedoch und diewyl gesagte
2304 2499 2890 2565 Schmidin die obberührte hinder sich,
2320 2538 2912 2615 eysung und syn utingers abfor
