4032 3024
1398 351 1495 418 364.
1494 408 2005 525 schimpff, vnd zu erkennen, wie sy
1482 461 2057 554 ob sy einem glych zwillen wurden.
1489 502 2060 599 sohn vor ira gewahrnen. Darüber
1467 535 2043 635 erkent, er sölle sich hinfür ihrer
1477 578 2054 688 gmein, und gsellschafft an allen orte
1462 623 2050 721 inn und ussert huses, uff wagen,
1462 658 2054 753 vnd straßen müssigen, ira abtretten,
1472 707 2051 788 y ouch synen müßig gahn, und imme
1463 748 2042 823 kein anlaß geben, das den Kosten
1460 792 2049 879 antrifft, so hie vnd daunden Vfgangen
1461 831 2043 921 ölle er denselben, neben 9 lb. so
1454 877 2060 973 imme hie zur straff uferlegt worden,
1458 926 1881 996 abzetragen schuldig syn.
1462 969 2030 1064 die E. dessen berichten, vnd deren
1467 1024 2044 1105 beūelchen, Irem Eheman Zermelden
1472 1062 2034 1132 vil man nüt thätlichs finden
1472 1095 2063 1167 können, solle er allen wider will
1468 1131 2065 1217 fallen, vnd sy dessen mit entgelt
1476 1171 1623 1237 lassen.
1480 1253 1795 1338 schaffhusen.
1791 1269 1832 1315 e
1842 1270 1985 1340 iertz
1832 1311 2001 1389 Aromis
1482 1401 2044 1484 Hans Jacob Jeger, mitt Küngoll
1477 1466 2044 1515 Buman. Denne Ulrich Kipp, eine
1485 1490 2041 1550 Schlosser, mitt Barbel Wanger
1467 1524 2039 1598 der kilchgang zu Bümplitz erloupt
1717 1607 1848 1689 Bern
1492 1666 2068 1730 Mann Thomet Ist vngeacht der ent¬
1504 1719 2023 1777 schuldigung, so der hr. richter in sy
1491 1751 2053 1815 namen anzogen, verfelt worden,
1465 1797 2057 1855 den Thorweibel vmb der verwisnen
1473 1834 1974 1917 Kaulberin Costen zubefridig.
1454 2034 2028 2124 D Contags 10. aug. 1629.
1550 2107 1918 2194 Hr. Dachselhoffer. Jud.
1467 2118 1542 2206 pt.
1580 2165 1826 2225 muri ambo.
1546 2194 2021 2263 H. Monnier. Er von Werdt.
1529 2309 1696 2390 Thun.
1511 2382 2070 2465 Geörg Bur hatt bewilligung ußge¬
1492 2447 2035 2502 bracht, mitt Barbli Egli syner
1484 2474 2035 2545 Ehe versprochnen den kilchgang zu
1476 2508 1836 2572 Bümplitz zu verrichten
2690 372 2773 447 365
2296 416 2449 495 Hans
2135 447 2778 557 Wegen Hans Reibis, so syner ehfrouwen
2134 508 2818 601 dorothen Beiden sitt verrichten kilchgang
2153 550 2813 634 uch vber Chorgrichtliche bescheltung kein
2148 584 2794 684 gut thun, noch sy in syner hußhaltung
2145 630 2789 721 gedulden wil, der E. antworten
2152 665 2793 761 üllindt denselben mitt beschickung für
2121 717 2823 814 Chorgricht, vnd so das nit erheblich, mitt
2136 759 2802 865 gfangenschafft zur gebür: vnd so die
2129 807 2802 898 ouch nit erschiefflich, sy beide har¬
2134 872 2419 947 wysen und halten
2144 912 2853 1059 Burgdorff Frienisperg Rapzweyl
2157 1048 2744 1127 Wegen Bendicht Jacoben vnd Elßbeth
2171 1111 2742 1166 Gess synes Ehewybs, Ist etwas
2156 1137 2772 1199 wytern berichts von H. Schz zu Burg.
2167 1179 2796 1250 dorff yngelanget, und wyl sy zu Rat¬
2179 1221 2780 1294 hers wyl wonhafft dem Ampt
2162 1259 2792 1334 man zu Frienisperg geschriben worden,
2155 1315 2478 1387 sy beide harzu halten
2343 1392 2557 1481 Bümplit
2159 1477 2848 1556 Hans Burtner, der Kilchmeyer daselbst
2175 1539 2823 1595 Ist, das er In der houptgruben gespilt
2164 1571 2788 1633 habe, anklagt, vnd mitt vermahnung
2181 1605 2796 1673 ich spilens gemüßigen und syn ampt
2162 1639 2825 1711 besser in obacht genommen, einmal wider
2157 1694 2803 1757 heimglassen, jedoch imme vorbehalten,
2159 1727 2821 1784 worden, daß so man die sach eigent¬
2169 1762 2847 1838 licher, oder etwas anders Gnemmen wurde,
2171 1815 2821 1881 man Inne wyter darumb reformiren
2155 1851 2260 1915 wie
2362 1908 2528 1994 Deri
2186 1996 2847 2081 edel an die vordneten Schollmeister,
2198 2061 2856 2123 Hans Alisant, vnd syne stieffkindt
2183 2081 2824 2150 wegen man inne uff der wacht, dise
2202 2130 2800 2193 aber In der lehr nit mehr dulden
2200 2175 2756 2252 wil, ussatzeg halb zubesichtig
2375 2254 2495 2328 Bern
2182 2318 2831 2403 Wegen H. Samuel Jenners, ob vnd wie
2214 2374 2839 2455 er zu erkauffung eines 2000 lige briefs
2194 2413 2835 2483 über nutz brucht, sol der Landtman, mitt
2198 2458 2842 2522 naen Christen Schonholtzer, eindt we¬
2204 2496 2824 2556 ders mundtlich durch den Chor Weibel,
2216 2533 2762 2614 oder schrifftlich harciten werden
