4032 3024
1462 277 1537 354 170
1555 353 2157 459 vß derselben vnschwer abzunemmen,
1556 410 2172 507 das ires vatters willen vorbehalten
1551 443 2153 543 worden, dem es nun nit gefellig
1554 478 2169 563 und ouch by ira der unwillen entstanden
1555 525 2173 621 stem diewyl gemelter Robel tra des
1559 570 2163 657 hepfennig wider abgenomenn, vnd dar¬
1554 608 2169 694 durch zu erkennen geben, das er in syner
1565 652 2160 742 bholuten ansprach nit gegründt gsin
1537 696 2167 774 Sölle dieselbe hiemitt vfgehept, vnd
1546 735 2168 813 imme erloupt syn, sich anderfahrt syn,
1555 771 2170 866 ein glück nach zur sehlichen, ira aber,
1531 812 2151 893 daß sy mitt Irer nachgehnderen Ver¬
1560 853 2138 919 prechung gegen Valentyn zur Mur¬
1554 894 2130 973 fürschryten möge, und die wyl sy
1562 934 2138 1007 gemeltem Kobel einmal den Ehe¬
1560 983 2150 1058 pfennig abgenommen, und uff restituon
1551 1021 2145 1094 desselben einem andern versprochen, eine
1544 1073 2153 1140 daß sy vom ersten rechtlich gelediget
1551 1106 2147 1183 gsin, ist ira stimm und billicher costen
1552 1144 2149 1228 diser sach uferlegt und darzu gelb den
1548 1189 2084 1268 zur straff abgenomen worden
2095 1209 2135 1264 5
1686 1272 2056 1360 Solothurn Arch.
1938 1334 2070 1405 Büre.
1548 1394 1988 1496 Anschs zu Buren schryben
1561 1460 2150 1539 Sölle Barbli Abrechts bystand und
1559 1500 2099 1583 Christen Gottenberg für sich
1568 1538 2111 1617 forderen, In Irer rechnung deß
1562 1576 2110 1655 Costens, den Er Hottenberg vber¬
1568 1617 2144 1687 ob p. 150. verzeichnete Vrteil zu¬
1566 1659 2167 1743 erleggen sümig, anhören, und sy dar¬
1554 1698 2143 1777 über wo müglich keinbaren, wo
1563 1737 2051 1828 nit, Inen tag alhar geben.
1728 1815 1972 1903 Rantlie
1571 1904 2132 2012 Ißwald Rötlisperger, so sich der
1600 1964 2140 2045 hieuor pag. 128. stehnden Costens
1589 1995 2137 2088 modation erklagt, das imme umbs
1584 2031 2132 2123 halb zheiß gschechen, Ist synes be¬
1584 2078 2148 2165 gerens der vermehrung abgewisen
1574 2111 2121 2194 worden, also das nicht es by vorig
1578 2143 2133 2247 urteil ungeendert verblyben lassend
1741 2225 1991 2326 Bollingen
1755 2284 1969 2364 Dapyrmul
1753 2330 1935 2403 Rynach
1559 2390 2132 2500 Peter Hinderman dem leist schnyd
1592 2446 2133 2539 und syner hußfrouwen ist ir un
1590 2472 2114 2574 ordenlich strytig hußwesen für.
1587 2509 2119 2639 geworffen, vnd vff beider theil
2299 841 2345 892 e
2905 332 2972 402 171
2356 378 2986 468 klegten vnd verantwortung imme ern
2352 441 2971 497 stig ynbunden worden, daß er
2356 478 2975 547 sich deß Rauwers vnd syner tochter
2361 519 2963 589 gentzlich entzüchen, synem erpieten
2359 545 2986 628 vnd fürgeben nach mitt syner hies
2342 596 2980 671 frouwen sich in das zu Rynach ge¬
2345 639 2983 713 kouffte hüslin setzen, gegen fra
2342 683 2992 754 und den khinden, was imme zu staht
2346 727 2973 794 vnd er vor der gmeind Gottes
2351 764 2960 839 versprochen, trüwlich leisten, Sy
2336 805 2941 883 dann ouch Ires theils Ir pflicht
2337 847 2639 922 erstatten sölle.
2352 893 2914 977 An die E. zu Rynach schryben
2351 957 2934 1017 uff ir künfftig eheleben zu acht.
2341 996 2953 1055 vnd so er diser Vrteil nit nach¬
2347 1038 2944 1097 gahn wurde, Inne ze verleiden, vff
2332 1071 2958 1146 das imme alts vnd nütts zesamen
2315 1118 2465 1183 Erde
2342 1208 2953 1307 Arwangen Thunstett
2341 1286 2974 1361 dem her vogt antworten. Es wöl
2327 1348 2963 1407 lindt nicht passieren lassen, daß
2329 1393 2965 1449 durs Hertzog vmb das erste mal
2334 1436 2972 1492 deß zusamen In ein gmach legens
2335 1472 2937 1529 knecht vnd möge von Ihm, oder
2335 1502 2986 1575 dem vndern Chorg sye in die straf
2330 1548 2964 1621 gezogen worden. Was aber die
2337 1588 2969 1661 nachgehndere Vbertrettung anlan¬
2335 1630 2971 1700 ge, wyl sy erst alhie offenbar
2324 1662 2963 1739 und hievor durch inne syner des
2335 1706 2975 1785 weibels selbs eignen bekantnuß
2323 1759 2973 1829 vnd heitern vmbstenden nach nit
2319 1799 2981 1879 gerechtfertiget worden, habint sy die
2334 1842 2970 1907 selbe straff, vnd hiemitt Iren all¬
2327 1880 2948 1958 tar gebracht bruch nit fallen lassen
2285 1929 2923 1998 wöllen, der hoffnung, er nüt
2322 1969 2936 2047 nüws darwider ufbringen Erde.
2329 2059 2888 2169 Schaffisen Schintznach
2317 2174 2910 2257 uff des zwingk daselbst ant¬
2323 2238 2935 2293 vortlich berichtschryben, antreff¬
2324 2272 2928 2338 ein Hans Bylandts liederlig.
2317 2302 2935 2385 keit, vnd die vrsachen syner huß
2310 2352 2932 2427 frouwen guts bevogtung, haben
2305 2392 2959 2471 nicht es by irem vorgehnden schry¬
2306 2428 2771 2509 ben verblyben lassen
