4032 3024
1387 258 1503 337 222
1501 358 1628 449 sur
1729 375 2016 464 Burgdorff
1440 439 2101 575 Barbli Rychener und Hans Rübel,
1472 504 2099 599 vyl es uff des Jünglings verneinen
1449 543 2099 644 die ingewendte Ehe versprechung
1451 592 2111 685 weder mitt Kundtschafft noch wort¬
1455 625 2086 730 Zeichen erwysen können, gescheiden
1442 677 2090 765 Jedem sich anderfahrt zu gebür zu
1454 716 2097 825 rehlichen erloupt, vnd der Cösten
1474 763 1895 852 zu beiden syten ufgehept.
1744 838 2030 932 angeacht.
1472 926 2080 1016 Diewyl Elßbeth Schindler Jacob
1480 986 2110 1052 Hoffman den gerber nit allein der
1464 1025 2118 1094 Eheversprechung vnd mittlist der¬
1474 1060 2117 1141 selben ervolgten byschlafs angeklagt
1450 1110 2116 1183 sondern ouch beide stuck, fürnemlich
1463 1146 2117 1227 die vmbstend deß byschlafs ander
1466 1186 2119 1259 ougl Imme erhalten, Er aber das ein
1459 1239 2117 1305 vnd ander keinet, ob er schon be¬
1457 1286 2125 1361 kantlich, daß er ira zu sinem gmach
1452 1317 2116 1407 das fürlich abgschrissen habe, Ist er¬
1472 1361 2078 1448 sich zu bedencken, hinab erkent.
1629 1440 1971 1546 Bern. Wyle
1454 1504 2086 1599 An S predicant, david Walther,
1492 1573 2100 1642 chryben, sölle sich über den zwü
1485 1621 2098 1683 chen imme und S. Mutach zunamen
1458 1645 2119 1720 S dünckinss Erben diser tagen revi
1460 1691 2113 1767 dierten vnd durch den eine theil ange¬
1470 1739 2121 1811 nommen spruch, eintweders der
1465 1787 2086 1861 annemmung erlüteren, und dann
1459 1827 2108 1902 denselb erstatten, oder da er et¬
1454 1867 2131 1953 was darwider zuzewenden, sich am Mon
1474 1920 1833 1999 tag alhie stellen.
1543 2010 1869 2092 Bern. Thun
1473 2092 2079 2178 Coprio der lismer Jungen Jacoben
1489 2155 2101 2217 von Gryertz des jungen ist über
1476 2196 2080 2256 abermalige sollicition siner an¬
1474 2231 2098 2305 prach an h. Andres Schryber dem
1478 2272 2119 2342 helffer, an h. v. von Werdt gewisen,
1483 2313 2082 2376 zu erfahren, ob der S. villicht die
1474 2358 2073 2441 hinder Ihn gelegten beid Gültbrie
1473 2403 2008 2483 zu gelt gemacht habe e
1734 2464 1874 2532 Bern.
1500 2509 2106 2606 Daniel Walthard der Studiosus
1495 2574 2070 2656 hatt sich über erlittne gfangens
2818 326 2910 392 223.
2228 401 2906 504 erlüteret, was er der Motzenen ver¬
2252 471 2889 559 prochen, das wolle er ira halten
2222 507 2907 606 namlich die Ehe, deßwegen sy beide
2214 554 2886 648 förmlich zusamen bekent, vnd neben
2215 608 2895 704 vertröstung, das so er flyßig zu synen
2212 645 2905 744 tudiis für fahren, man Imme zur be¬
2220 692 2870 789 fürderung erhelffen werde, Imme
2217 734 2891 830 ynbunden worden, noch vor pfingsten
2211 785 2878 884 kilchen Recht zethun, daruff er
2201 830 2895 933 dann ira vnd dem herrn Richter
2221 890 2868 963 wiewol mitt weinenden augen
2226 928 2847 1013 die handt geben, vnd beidersyts
2221 977 2880 1057 diser Vrteil statt zethun gelopf
2215 1016 2869 1092 Nebt ermahnung, das er sy Ihrs
2230 1070 2909 1142 gesuchten Rechtens vnd diser proce¬
2225 1114 2863 1197 dur mit entgelten lassen sölle.
2450 1188 2702 1286 Kärtzers.
2227 1271 2880 1365 vl. Thannen dem Wirth, wegen er
2243 1340 2878 1401 eintzig erschinnen, ein Schryben
2240 1376 2908 1441 an die E. ertheilt, das sy syn wider¬
2239 1416 2920 1490 part, Jacob Buchers Wittwen, so
2224 1466 2893 1546 wol als Inne vff Montag fals
2228 1514 2887 1597 y sich nit sonst verglychend. han¬
2227 1561 2423 1624 haltenden
2429 1628 2652 1718 Abbuste
2466 1694 2719 1782 Burgdorff.
2235 1676 2386 1780 Spietz
2228 1767 2884 1861 Mitt Uli Haslers und Anni Wyders
2245 1838 2874 1900 abbüßung ihres fälers ein gnugen
2237 1869 2890 1939 genommen, vnd het weders nach,
2244 1920 2894 1982 gmeiner form consuriert vnd Im
2235 1955 2774 2035 besserung vermahnt worden
2788 1968 2827 2015 .
2321 2033 2875 2138 Vff montag den 27. apr 1679.
2248 2110 2829 2211 Ex Senatus Hl. Dachselhoffer, Jul.
2248 2164 2924 2266 p Ministris herr Decan Schmid herrn Rützimer
2257 2239 2897 2327 Ex civibus hr. Monier, hr. von Werdt
2416 2293 2820 2395 Signow Erlenbach
2251 2349 2903 2461 Madle Schnyder ist, wegen sy ihren eheman
2274 2433 2922 2497 Cristen nueren schwander 3 mals zum
2272 2470 2932 2547 rechten von Cantzlen von citieren lassen, er doch
2271 2517 2918 2594 nit begegnet, der ehe halb von im ledig fra
2280 2556 2931 2636 der costen, ob synem gut ze erholen zu erkent,
2269 2606 2870 2681 sölle er aber fals er sich ins land liesßen
2279 2646 2928 2727 deß eidlich verwisen werden, desswegen an herren
2270 2693 2791 2777 vogt daselbst ein schrybel.
