4032 3024
1516 304 1588 370 16.
1630 341 2192 452 hieruff erkent, es sölle die Nebst
1637 405 2206 483 harbescheiden, und umb soliche wor¬
1643 443 2041 513 gereformiert werden
1626 664 2240 767 Oittwuchen s. 29. Octob.
1911 721 2042 794 622.
1814 777 2040 866 ex senatus
1659 836 2148 929 H. Venner von Werdt. Ind.
1757 895 1830 951 hr
1846 897 2115 972 Tachselhoffer.
1840 947 2044 1020 Minist.
1663 1006 2152 1097 Hr. Schmid, H. Langhanß
1873 1081 2011 1147 Civib
1645 1125 2239 1206 H Gultzer. H. Ab. Stettler
1658 1180 2224 1257 h. Geörg Koch beid als statt
1666 1225 2047 1299 halter. Er im tag
1848 1329 2222 1467 Thun. Bern
1661 1382 1852 1459 Arouw.
1672 1514 2262 1592 Hans Rudolff Wanger und Cathrin
1677 1576 2268 1625 Simmliger, habend wider Wolff¬
1683 1601 2271 1668 gang Jost den hußwirth zum Zimmer
1668 1641 2264 1709 lüten alhie clags wyß eröffnet
1669 1679 2252 1748 wie daß ire respective Ehefrauw
1691 1722 2256 1785 vnd basen selig, so sich ouch Cathrin
1684 1753 2262 1822 Simmliger genamset, vor etwas tag
1683 1795 2271 1861 In Irem todtbett angeben vnd bekent
1670 1836 2271 1898 daß ires knabli, so nun mehr 4 Jan
1682 1884 2261 1938 alt, syn deß huß wirts fleisch und
1691 1904 2281 1961 blut sye, weliches sy von imme er
1700 1943 2282 2017 zugelt habe, als sy vor 7 jaren by
1694 1980 2269 2049 imme in dienst und syn hußfrouwen
1696 2014 2251 2096 ein kindbetterig gewesen sye.
1694 2053 2285 2133 darüber aber er allessin unschuldig
1693 2090 2272 2161 und gantz unwüssend syn wöllen,
1702 2125 2290 2207 söliches ouch hoch bethüret, ob schon er
1702 2163 2291 2238 sonderbar etwas ernstiger fur be¬
1695 2198 2285 2280 kantnuß vermahnt worden, Inson
1698 2237 2295 2320 derheit zu bestätigung synes verneinens
1711 2272 2286 2362 yngetkendt, daß er sich niemalen
1692 2304 2284 2396 derglychen dingen verdächtig gemacht,
1705 2346 2301 2441 die abgestorbne ouch imme das khind
1692 2381 2288 2471 niemalen angepotten habe, wie sy
1714 2412 2289 2532 aber ohn allen zwyffel gethan, so
1718 2447 2064 2519 es imme gehört hette.
1752 2491 2300 2607 ib nun gemelter Wanger syn clag
1734 2511 2267 2638 vnd darzu ouch den vmbstandt
1718 2544 2262 2678 das der Antworter mitt sampt
2922 279 2990 352 17
2332 337 2999 461 Abraham Werli uff ein zyt der ab¬
2358 395 2968 493 gestorbnen zu thun nachgefragt
2336 436 2984 543 habe, zu erwysen sich anerbotten vnd
2332 471 2991 578 verwägen, Ist imme ein schryben an h
2330 507 3029 619 Schs vnd die Ehrbarkeit daselbst alda
2345 549 3038 654 sich die sach verloffen, ertheilt wor¬
2339 599 2990 704 den, daß sy syn kundtschafft, so
2342 651 2989 745 er hierumb zulegen vnfeint, wie
2333 681 2968 784 ouch den beklagten in syner zured
2512 727 2991 817 so er ouch droben er
2330 763 2506 825 darüber
2327 768 2992 866 schynen wölte, wie imme dann heim
2357 812 3023 922 gstelt worden) khören, vnd volgents
2317 854 3004 965 den bericht alhar langen lassen
2306 934 2491 1021 sollind
2488 999 2824 1080 Rotelfingen
2353 1096 3013 1181 Hans Schlosser, so hieuor den 19 May
2822 1155 2976 1205 synem
2380 1154 2823 1216 1623. von Barbli Jordi
2364 1187 2991 1255 gewesnen Ehewyb, von derselben be¬
2369 1221 3007 1295 trugs und erzügeten unehlichen kindte
2377 1275 3008 1340 wegen gescheiden worden, hatt, wyl
2371 1310 2973 1382 das wartzil vilfaltig verflossen
2377 1350 3045 1424 erlouptnuß erlanget, sich anderfahrt
2369 1396 2562 1470 Zeūefehlich
2382 1452 2436 1501 .
2544 1471 2677 1558 Belp
2377 1574 3022 1646 erena Kleute hatt wider Bendicht
2415 1642 3024 1698 schantz iren ehman, so vor 5 jaren
2391 1659 3022 1719 von iren gloffen, Inmassen sy nit weiß
2397 1707 3052 1776 ob er noch in leben oder nit, ein Ruff
2385 1743 3013 1814 brieff an Cantzel zu Belp ußge¬
2383 1785 2911 1857 bracht, nach im einer forse¬
2573 1883 2854 1962 Ruggisperg
2622 1943 2807 2003 orbach.
2401 2040 3011 2131 Bendicht Stübin ist erschinnen mitt
2419 2092 2985 2158 einem bericht schryben von der E
2394 2130 3012 2181 Was massen Urstel Martin, syn, und
2413 2179 3020 2242 Anni Hostattmann in Uli Rislings
2418 2201 3034 2278 zu Rorbach, eh frouw, mitt einander
2404 2253 3016 2324 gezancket, gehaderet, vnd geschlagen
2383 2292 3031 2362 daruff die nechste nacht gegenn morg
2403 2335 3023 2407 umbs hanen geschrey ervolget, das
2407 2375 3052 2439 gesagte Martinen syn hußfrouw todt
2403 2415 3056 2484 vescheiden. Wyl aber die sach Civilisch
2383 2458 3037 2515 ward erkent, daß der H. Richter de
2428 2504 3040 2563 Schryben fur Rhat tragen sölle, vnd
2416 2531 3039 2600 gedachter Stübi vermahnt, entzwü
2438 2572 3021 2641 schen gegen der vermeinten thäterin
2431 2610 3030 2687 noch den Iren kein rath noch ungut
2432 2658 2780 2731 ligkeit fürgenommen
