4032 3024
1440 300 1525 376 38.
1518 386 2177 540 Voff gemeltem frytag. 14 fl.
1626 467 1757 524 vemb.
1758 474 1792 510 1
1786 461 1924 527 1628.
1729 521 1971 617 Ex senatu.
1547 580 2156 692 Hr. v. von Werdt. Ind. H. darthel
2078 671 2163 743 ffer.
1754 655 2020 743 sinist.
2012 660 2067 737 C
1535 718 2124 830 hr der an Schmid Herr Langhauß
1758 787 1902 877 Civib
1545 808 2155 961 hr Gultzer her Hirtz her im Hag
1598 951 2136 1123 Wimmer Routingen
1545 1148 1949 1245 Schryben an Castlan.
1585 1215 2162 1282 Obwol Peter Springen begert vnd
1595 1263 2153 1320 angehalten, daß imme H Castlan be
1595 1290 2154 1370 uolchen wurde, sein Ehe strytig.
1587 1330 2166 1403 keit droben In fründtligkeit hin¬
1581 1370 2147 1449 zulegen, lassinds doch nicht by
1574 1415 2159 1484 darüber gehaltnen procedur vnd
1572 1452 2147 1528 albereit erkenten harwysung
1574 1493 2158 1569 beider plyen uffen her montag das
1562 1538 2186 1626 dem nachgangen werde, bewenden.
1747 1628 2026 1716 Vtzistorff.
1585 1698 2200 1792 Barbara Kummer hatt wider Hans
1609 1760 2141 1833 Kerl, Iren Eheman, wegen er
1598 1800 2161 1885 nit allein Ehr vnd wehrloß ge¬
1603 1841 2179 1916 telt worden, sondern ouch vor der
1590 1873 2165 1964 Gmeind ein widerruff thun, vnd
1613 1913 2177 2009 ein urphed über sich schweren mus¬
1606 1961 2190 2055 en, der schidigung begert. Ob nun
1594 1997 2160 2093 glychwol hieruß abzenemmen, das
1598 2044 2178 2140 er sich lyb und lebens verwürck
1609 2088 2166 2187 ung, weliche dann den scheid ge¬
1593 2126 2189 2238 birt) schuldig erkennen müssen, Je¬
1590 2170 2175 2286 doch und die wyl ich syne fälet
1608 2211 2179 2309 nit eigentlich bekant, und ein art.
1610 2257 2168 2359 In der satzung vermag, daß zu fäl
1609 2290 2175 2413 da nüt gwüsses statuiert ist
1610 2320 2179 2457 die sach aner w gelangen sölle, ist
1609 2357 2110 2477 thunlich erachtet worden, ouch die
1606 2407 2082 2528 casus für Rhat geschlachen.
2105 2439 2157 2483 ver
1630 2441 2088 2560 velichend das schryben dem
2082 2467 2155 2540 d
1611 2478 2155 2603 Richter zugestelt, vnd mir be¬
1605 2517 2136 2647 uolchen worden, dem hier zu die
1643 2563 1978 2654 vndt Bericht schryben
2002 2617 2068 2670 von
1619 2583 2111 2725 hut in der Cantzly nach defra
2091 2630 2184 2699 ands
2268 351 2946 515 Bruneck. Bern. Burg¬
2482 432 2638 509 dorff.
2280 475 2980 634 Elßbeth Bärendyßli, ein dienst¬
2292 549 2985 667 magd alhie, hatt nit ab syn könne
2287 585 2983 708 nen, denn daß sy von Samuel Spichti
2291 628 2935 747 all die wyl sy by dem herrn vogt zu
2280 667 2959 809 Frienisperg, dessen Stieffvatter ge¬
2266 723 2998 838 dienet, beschlaffen vnd geschwengeret
2278 752 3003 882 worden, Jedoch sölichen Iren fäler mitt
2280 817 3016 935 fürgewendter ehe ansprach bement
2280 850 2988 958 len wöllen. Wyl aber sy bekent,
2440 906 2997 982 kkein Kundtschafft vnd be¬
2280 945 2402 1008 daß si
2281 946 2990 1041 wysung noch wort zeichen darumb
2292 994 3000 1094 ouch 3 kindbetti gelt und damitt
2295 1038 3002 1143 y Inne in Golandt vortriechen lasse,
2282 1084 3002 1180 von synem vogt zu Burgdorff ein¬
2293 1125 2962 1234 pfangen habe. Ist sy hinab zu
2292 1181 2883 1278 die straff erkent worden
2303 1295 2768 1396 Bern. Nydoulb.
2295 1380 3000 1490 uff der frouw Schsin von Graffen¬
2328 1447 2996 1515 ridt anhalten, Auch vogt schry
2326 1498 2973 1569 ben, Im fahl Hans Hirten deß alten
2315 1514 2988 1610 Rebmann frouw in siner Ampts¬
2296 1575 2984 1657 gwaltūng Zū betretten, sölle er
2336 1617 2981 1703 s durchs gerott, oder gwarsamlich
2316 1678 2513 1760 harhalten.
2529 1771 2682 1863 Bern
2326 1827 3014 1922 Isae flammer dem deck ist fürgehalten,
2345 1891 2997 1961 worden, daß er etwas Kupffers von
2348 1934 3006 2003 einem grund enttragen, volgents das
2311 1975 2988 2050 selb lychtfertig vnd wider syn eigen ge¬
2323 2015 3015 2085 wissen verschworen, nachwarts aber
2330 2058 3022 2129 das stuck kupfer, dem es gehört, under
2341 2098 3024 2178 ze huß geschickt habe. Darüber er deß
2342 2145 3012 2227 geschworens, so whar imme Gott helffe,
2355 2192 3001 2269 deß entfrömdens aber nit bekantlich
2356 2228 3000 2311 gsin etc. Also daß man Inne mitt ern
2345 2265 3041 2353 tiger censur vnd vermahnung, sich vor
2364 2319 3033 2389 erglychen lychtfertigem bethüren sie
2360 2358 2932 2439 hutzen, wider heimzüchen lassen
2624 2427 2776 2508 Bern
2326 2468 3015 2570 sambstags 15. dito ist lut deß Chorth.
2390 2514 3052 2605 anzeigen, Hans N. Kruß dem Michts¬
2381 2564 3049 2653 pott erloupt worden, mitt Baschi Mül¬
2381 2610 3036 2683 lers s wittwen, syner Eheklopten, zu
2379 2654 2899 2729 Bimplitz kilchenrecht zethun
2496 2695 2854 2783 Redel darumb etc.
