4032 3024
1279 392 1384 467 418.
1330 461 1903 602 Montags 28. Sept. 1629
1258 546 1822 654 ex sen. zu Dachselhoffer Inc
1248 622 1888 710 sclinist. Hr. Schmid S. Rütimeyer.
1267 663 1383 729 Civ.
1395 670 1929 780 s. Koch. g. im Jag Sr Monnier
1387 716 1650 790 S. von Werdt.
1473 838 1902 922 Basle zu Wyßland.
1490 897 1910 975 schwanden Brientz
1396 984 1923 1067 Obwol Melcher Nägelin selig vnd
1396 1029 1911 1099 Christina zum Stein an einem hin
1399 1081 1947 1134 1627. Jar Im Grund gehaltnen nacht¬
1387 1111 1934 1171 dorff, gesechen worden, mitt einan¬
1384 1148 1937 1209 dern In ein schur ein abtritt nemmen,
1382 1186 1945 1246 Er daruff nit allein sonderbar syner
1387 1225 1939 1279 frouwen, sondern ouch darnach vor
1382 1257 1942 1321 Chorgricht den fäler bekent, dieselbe
1386 1299 1943 1361 umb verzychung gepätten, und zure¬
1386 1333 1948 1406 unung bewegt, ouch die straff uß
1387 1380 1945 1446 gestanden, sy die Christina aber by
1399 1417 1954 1493 sölichen wol gewüßten rechtsfertig
1387 1463 1938 1528 ung nit begegnet, noch ire gmeinte
1391 1491 1957 1564 vnschuld antag zu geben begert, son¬
1393 1531 1951 1598 der, als sy citiert werden den sich dem
1377 1571 1957 1637 Weibel abgeschleickt, vnd bald zu se¬
1382 1609 1942 1671 ein heimet bald Imlandt Zahle sich
1380 1646 1954 1706 enthalten, also das sy nit mögen betreten
1385 1688 1951 1750 vnd behendiget werden, wie der
1373 1724 1942 1787 E. bericht soliches wytleüffiger
1386 1749 1961 1831 ußwyst, hatt doch sy nit gestendig
1392 1795 1958 1865 noch bekantlich seyn wöllen, das sy ge¬
1387 1833 1957 1917 molts Nägelis seligen Jemalen schuldig
1379 1866 1978 1951 worden. Wyl aber obberuhrte vmb¬
1398 1901 1978 1976 vend gantz darwider, ist sy mitt ernst
1380 1942 1948 2020 die Warheit hinder ira gesuchen, biß
1389 1985 1957 2064 am Mittwuchen In die gfangenschafft
1386 2026 1967 2101 erkent, vnd aber vngeacht derselben
1383 2057 1963 2144 Wie ouch mith ernstiger fürbildung
1392 2114 1972 2186 deß einen vnd andern, by irem ver¬
1393 2141 1966 2223 neinen bestendig verbliben, Also das
1391 2177 1975 2258 sy die sach Gott dem Herrn, der vber
1384 2217 1992 2298 das verborgne richtet, vnd der zyt be¬
1399 2248 1989 2330 uelchen vnd heimsetzen mussen, sy deß
1399 2298 1969 2366 wegen widerumb ledig glassen, Vnd
1399 2337 1967 2413 die Wyl aber sy sich nit für ein reine
1409 2373 1971 2447 magd erhalten dörffen, vnd zu ver¬
1405 2415 1961 2487 srechung desselben Batt furer ge¬
1403 2448 1966 2521 namset, der sy nit allein beschlaffen
1400 2484 1983 2559 sonder aus ira die ehe verheissen, das
1416 2527 1980 2605 neben aber zwen fäler begangen
2531 366 2611 449 419
1965 424 2588 583 habe, Ist der E. beuolchen worden, nun
1967 480 2598 609 ouch disen handel zur handt genommen,
1979 505 2635 655 vn ein und andern puncten zu ergründen
1960 544 2606 686 und ußfündig zemachen volgents beid
1965 601 2451 735 peyen mitt bericht harzehalten
2114 685 2263 767 uus
2001 715 2586 843 Jacob Gutman hatt wider Elßbeth
1995 778 2567 885 Brünin, wyl er beschynlich gemacht, das
1992 800 2617 922 die rükt ordenlich verführt worden, und
2000 844 2612 956 sy dem Rechten darüber nit begegnet,
2001 886 2599 999 die schidigung erlanget, sampt zuspruch
1997 910 2632 1038 Costens, wo er sich dessen ob Irem gut hind
2005 978 2533 1081 mntgs pottmässigkeit erholen mag
2008 1010 2649 1128 Schryben an den S. Vogt zu Erlach vmb die
2003 1107 2189 1169 verwysung.
2013 1172 2480 1291 Zimlisperg. Bittwyl
2023 1256 2683 1364 Uli Rettenmund Innamen Samuel Schny¬
2026 1307 2663 1397 ders ein Schryben ertheilt auf vogt zu
2021 1347 2668 1432 Frienisperg, sölle Ursula Rutsch oder iren
2028 1383 2681 1465 bruder vermahnen, denselben vmb den rest
2031 1421 2687 1509 synes Costens so er zu krafft der Vrteil sub¬
2037 1467 2656 1550 pag. 302. zuforderen, gutiglich zu be¬
2039 1501 2675 1592 zalen, gescheche es, sye wol vnd gut, wo
2034 1547 2614 1633 nit, sölle er beid plyen harzz ysen.
2053 1641 2513 1747 Muß. Müllenberg
2033 1719 2702 1818 An Andres Remundt hatt die angewandte
2067 1774 2680 1836 srob nit sovil würcken mögen, denn
2043 1797 2679 1887 Maria Sarlin syn schwyb, nochmalen by
2064 1841 2724 1917 hrem unwillen verbliben, und gantz trung
2060 1879 2689 1959 lich vnd embsig der schidigung begert.
2070 1917 2705 1998 Diewyl aber die satzung soliches nit zu
2074 1955 2707 2041 geben mag, sind sy wider formbtlich zu
2076 2001 2710 2077 samen bekent, jedem syn pflicht vnd gebür
2085 2035 2741 2113 sonderlich imme, das er sich der arbeit beflyssen,
2071 2082 2745 2149 und nit, wie sy ab imme geklagt, im müssig
2079 2121 2749 2191 gang dahar leben, Item, das imme etwan mi
2085 2146 2766 2230 ge geholffen werden, gute vnd gebürliche mittel
2083 2191 2751 2263 antenden, Ire dann, das sy sich gebürlich
2086 2229 2743 2310 gegen Ihm stellen, den vnwillen fallen lassen,
2082 2262 2729 2345 mitt Ihm ein mitt lyden haben, vnd sich zus
2090 2302 2754 2384 künfftig der vnuerschamten reden, die aller
2085 2337 2767 2430 wyblichen Zucht, vnd Irem alter, so sich bylage
2094 2381 2765 2456 nahem In die 60 Jar beloufft, zu wider, nicht
2096 2424 2750 2498 vnd das sy beideryts ehrlich mitt einandern
2104 2457 2749 2529 hußhalten sollind, anzeigt, fürgehalten
2096 2503 2659 2579 vnd die E. dessen berichtet worden.
