4032 3024
1525 258 1572 345 50.
1579 304 2216 444 frießen söllen, sich befunden, vnd mitt
1585 373 2174 467 ein andern in Bremgarten gangen
1586 416 2201 522 s beide den buben vonn Werck hinter
1577 458 2209 562 grüfft habent, Wie dann Jar
1588 504 2207 606 Hess ussem ans Arburg, h landt
1581 545 2196 642 vogt Budern angestelter grebers
1599 594 2207 685 hes selbs gesechen haben, das sie
1598 633 2214 728 ig aber uß beider bub mundt und
1596 676 2104 758 rümen, wider sy bezüget.
1614 729 2197 836 darüber der Köchi Barbel tochter
1588 788 2200 874 deß meisten theils freywillig ge¬
1596 822 2177 915 tendig gsin, und sich mitt dem Ust
1596 871 2202 939 chen, daß Vester Iren die Ehe vnd
1601 901 2200 987 sy von Montag über 8 tag s kilchen
1574 942 2197 1020 zefuhren verheissen habe, die an¬
1598 983 2208 1067 dere ouch endtlich, nach langen vn¬
1586 1028 2197 1105 uerschanten lougnen, und darüber
1593 1063 2188 1132 geschehner confrontion, bekantlich
1594 1104 2192 1181 worden, jedoch beiden samen alda
1599 1143 2065 1223 verbrachter hury gelougnet.
1593 1196 2163 1287 von welichen ergerlichen Wesens
1586 1252 1774 1309 wwegen sy
1772 1257 2197 1326 zu Wolverdienter straff
1622 1289 2120 1365 laas zu gfl erkent worden.
1607 1502 2157 1608 DContags 24. Nov. 1628.
1536 1556 1678 1620 P Senatu
1845 1585 2020 1646 Alinist
2127 1598 2203 1646 ivil.
1518 1607 1771 1669 urstlichen und von Werdt.
2113 1637 2207 1678 ss. Sult
1848 1632 2008 1694 H. Schmid
1604 1642 1658 1687 sud
2106 1670 2201 1723 h. Hirtz
1556 1661 1779 1748 Dachselhoffen.
1849 1674 2047 1754 Hr Langhans
2102 1704 2211 1779 h. hin Han
1719 1816 2083 1915 dern Wynouw.
1612 1887 2170 2013 Nach dem obberührte silbe, so wol
1650 1941 2167 2047 durch beide möge selbs, in dem sy
1649 1976 2187 2088 von ein andern gesunderet worden, und
1644 2009 2207 2124 etwädere vermeint, die andere weit
1649 2048 2174 2162 edig, als ouch deß obgedachten Frie¬
1641 2085 2184 2208 sers knecht, mitt mann Hans Sager
1627 2130 2202 2249 von Sengen, so dem spil 2 nächt by
1636 2162 2213 2285 gewohnet, nich etwas näher entdeckt
1650 2194 2212 2322 sind sy beide widrumb examiniert und
1659 2232 2214 2369 ghört, und bevordrist der Köchi Bar
1642 2265 1989 2377 vleister herstellen
1647 2301 1986 2407 den sich mit des bester
1981 2337 2214 2408 bekantlich wo
1671 2343 2101 2477 bengen die geleg
1982 2379 2215 2446 die erste nacht
1692 2372 1847 2441 dern glegen
1684 2408 1804 2463 es aber
2096 2425 2198 2483 by ein
2030 2446 2113 2528 Jeha
2107 2457 2210 2518 ben, so
1757 2455 1891 2533 sroch
1983 2482 2034 2527 geb
2120 2504 2186 2556 Ehe
1802 2513 1959 2609 Seden 13.
2064 2537 2220 2607 gegen zu
2026 2563 2201 2650 wolgend
2955 291 3033 356 51
2344 325 3002 424 daß es dem Vester den Weidling ge¬
2290 384 2997 485 zeigt, er nit ins, sonder es inne über¬
2287 429 2987 516 hin geführt habe, wyl er zuuor niemal
2281 465 2955 574 vff dem Wasser, es aber schon mehr
2276 523 2643 605 hinüber gfahren sye
2296 561 2972 647 daß es, als der Vester zwüschen den
2288 618 2980 701 thoren yngethan gsin, vnd weder hinder¬
2275 656 2989 738 noch für sich kommen können, cum schluß¬
2265 700 2988 772 selhuter gangen, vnd mitt faltschein für
2273 748 2990 825 geben verschaffet, daß man ihnne endtlich
2283 785 2612 871 hinuß glassen habe.
2282 840 2987 922 daß es mitt vnd neben imme dry nächt
2270 905 2995 970 einandern nach, als am zinstag, Mittwuche
2270 937 3017 1004 vnd donstag zuacht in der S. Martins wu
2282 985 3021 1059 sen, drussen an der Kille gsin, die er¬
2265 1018 2975 1088 te nacht by dem Kuyer im stall, neben
2273 1062 2980 1118 obgedachtem greber, die andere In ver¬
2270 1100 3010 1176 schlossnem stübli by imme eintzig zu we
2255 1144 3018 1218 lichen beiden stucken der Greber zu synem be¬
2265 1190 3002 1257 richt vnd ussag mitt gestimpt vnd die
2258 1230 2988 1300 dritte nacht by imme zu einem ob gmach
2249 1269 2970 1339 In einem Bett In welichem ouch sy die
2266 1308 3012 1371 Anklegerin gewesen) gelegen, vnd mitt
2264 1352 2967 1426 imme unzucht getriben und verbracht habe.
2253 1401 3003 1485 4. daß es, als ein geiter mutwilliges
2299 1472 2966 1527 wust tantzens halb allen trun pott
2266 1506 2986 1596 5. daß es dem Junckern ein par schul ent¬
2269 1563 2994 1627 frömbdet, dieselben einem Zieglerknecht
2277 1597 2970 1661 gegeben, welichem es hieuor die Ehe v
2273 1645 2996 1705 heissen, vnd darüber ouch zu willen wor¬
2268 1673 2348 1723 den
2399 1678 2997 1744 der aber, wyl er unden, was
2279 1716 3005 1787 sich mitt dem Kuyer zugetragen, Ins ge¬
2274 1753 2820 1832 schlagen vnd vff geben habe.
2270 1802 2961 1889 Darüber nun gemelte Anni zwar deß
2277 1860 2987 1937 2. vnd 4. articuls, der übrigen aber
2282 1902 3009 1975 nit bekantlich gsin, sonderlichen aber
2277 1937 2985 2018 die mitt dem kuyer begangne hury un
2275 1980 3004 2053 uerschamter Wyß verneinet, ob schon das
2266 2022 3021 2083 Madtenn es Imme vndermundts erhalten, der
2283 2070 2993 2133 greber ouch uff den es sich doch berufft
2283 2118 2966 2182 vnd vermeldet, wann derselb Lügen vnd
2288 2149 2970 2224 agen könne, daß es sich vergangen, wölle
2279 2195 2983 2272 es söliches als dann glouben imme under auc
2274 2241 2987 2308 wider ins füget, daß er ins mitt dem
2268 2279 3016 2354 Küger im stall die that verbringen zwar
2280 2319 2994 2397 nit gesechen, aber ghört habe, daruff
2267 2370 3003 2448 und hingegen das Madlen syn gspilen an
2291 2424 2460 2485 geklagt
2288 2462 3006 2558 daß es ins zu diser kilbe zugeführt,
2288 2524 2966 2603 daß der Küger Ins die gantze na
2310 2572 2976 2643 am arm ghan, und also es nit allein
