<?xml version="1.0" encoding="UTF-8" standalone="yes"?>
<PcGts xmlns="http://schema.primaresearch.org/PAGE/gts/pagecontent/2013-07-15" xmlns:xsi="http://www.w3.org/2001/XMLSchema-instance" xsi:schemaLocation="http://schema.primaresearch.org/PAGE/gts/pagecontent/2013-07-15 http://schema.primaresearch.org/PAGE/gts/pagecontent/2013-07-15/pagecontent.xsd">
    <Metadata>
        <Creator>prov=University of Rostock/Institute of Mathematics/CITlab|PLANET AI GmbH/Gundram Leifert/gundram.leifert@planet-ai.de:name=German_Kurrent_XVI-XVIII_M5.2(htr_id=38305)::::v=2.6.7
prov=University of Rostock/Institute of Mathematics/CITlab|PLANET AI GmbH/Tobias Gruening/tobias.gruening@planet-ai.de:name=de.uros.citlab.module.baseline2polygon.B2PSeamMultiOriented:v=2.6.7
prov=University of Rostock/Institute of Mathematics/CITlab|PLANET AI GmbH/Tobias Gruening/tobias.gruening@planet-ai.de:name=/net_tf/LA73_249_0mod360.pb:de.uros.citlab.segmentation.CITlab_LA_ML:v=2.6.7
prov=University of Rostock/Institute of Mathematics/CITlab|PLANET AI GmbH/Tobias Gruening/tobias.gruening@planet-ai.de:name=/net_tf/LA73_249_0mod360.pb:de.uros.citlab.segmentation.CITlab_LA_ML:v=2.6.7
Transkribus</Creator>
        <Created>2021-11-02T15:16:51.078+01:00</Created>
        <LastChange>2021-12-02T14:09:00.796+01:00</LastChange>
        <TranskribusMetadata docId="822509" pageId="30664456" pageNr="126" tsid="69002260" status="IN_PROGRESS" userId="101547" imgUrl="https://files.transkribus.eu/Get?id=NHSMOENNWNWEMZVHLHGFMTMO&amp;fileType=view" xmlUrl="https://files.transkribus.eu/Get?id=MYSXHKVYQNWPLJBKRMAXVTDV" imageId="24124115"/>
    </Metadata>
    <Page imageFilename="Foto 27.10.21, 3 44 34 PM.jpg" imageWidth="4032" imageHeight="3024">
        <ReadingOrder>
            <OrderedGroup id="ro_1687514237428" caption="Regions reading order">
                <RegionRefIndexed index="0" regionRef="r1"/>
                <RegionRefIndexed index="1" regionRef="r2"/>
                <RegionRefIndexed index="2" regionRef="r3"/>
                <RegionRefIndexed index="3" regionRef="r4"/>
            </OrderedGroup>
        </ReadingOrder>
        <TextRegion orientation="0.0" id="r1" custom="readingOrder {index:0;}">
            <Coords points="1331,307 1331,463 1418,463 1418,307"/>
            <TextLine id="r1l1" custom="readingOrder {index:0;}">
                <Coords points="1322,442 1345,443 1361,435 1372,435 1392,419 1398,423 1406,416 1429,415 1425,355 1407,358 1394,347 1386,347 1368,365 1343,358 1333,369 1319,372"/>
                <Baseline points="1331,413 1360,410 1389,410 1418,407"/>
                <TextEquiv>
                    <Unicode>24</Unicode>
                </TextEquiv>
            </TextLine>
            <TextEquiv>
                <Unicode>24</Unicode>
            </TextEquiv>
        </TextRegion>
        <TextRegion orientation="0.0" id="r2" custom="readingOrder {index:1;}">
            <Coords points="1394,607 1394,757 1409,757 1409,607"/>
            <TextLine id="r2l1" custom="readingOrder {index:0;}">
                <Coords points="1383,717 1400,717 1408,713 1418,713 1418,674 1406,674 1402,678 1398,676 1394,680 1383,680"/>
                <Baseline points="1394,707 1409,707"/>
                <TextEquiv>
                    <Unicode>d</Unicode>
                </TextEquiv>
            </TextLine>
            <TextEquiv>
                <Unicode>d</Unicode>
            </TextEquiv>
        </TextRegion>
        <TextRegion orientation="0.0" id="r3" custom="readingOrder {index:2;}">
            <Coords points="1398,435 1398,2545 1998,2545 1998,435"/>
            <TextLine id="r3l1" custom="readingOrder {index:0;}">
                <Coords points="1436,459 1555,473 1584,457 1642,476 1685,463 1751,488 1807,470 1851,507 1892,489 1977,513 1982,460 1922,436 1834,449 1792,425 1737,439 1704,415 1677,432 1651,400 1572,423 1513,388 1440,418"/>
                <Baseline points="1446,455 1472,455 1498,455 1524,456 1550,456 1576,458 1602,459 1628,461 1654,462 1680,464 1707,465 1733,468 1759,471 1785,473 1811,476 1837,480 1863,483 1889,487 1915,491 1941,495 1968,500"/>
                <TextEquiv>
                    <Unicode>gürtel und hingegen sy imme ein</Unicode>
                </TextEquiv>
            </TextLine>
            <TextLine id="r3l2" custom="readingOrder {index:1;}">
                <Coords points="1431,505 1460,498 1511,521 1614,499 1693,526 1727,510 1747,528 1822,514 1858,532 1890,517 1967,542 1974,507 1910,504 1867,474 1834,495 1804,472 1766,488 1708,483 1691,463 1605,478 1582,457 1549,476 1434,459"/>
                <Baseline points="1443,494 1468,494 1494,494 1520,495 1546,495 1572,497 1598,498 1624,499 1650,501 1676,502 1702,505 1727,506 1753,509 1779,511 1805,514 1831,516 1857,518 1883,521 1909,525 1935,527 1961,531"/>
                <TextEquiv>
                    <Unicode>kragen daruff gegeben ze haben</Unicode>
                </TextEquiv>
            </TextLine>
            <TextLine id="r3l3" custom="readingOrder {index:2;}">
                <Coords points="1418,549 1466,539 1541,565 1580,541 1689,563 1737,551 1841,581 1865,560 1880,577 1917,561 1971,584 1980,551 1802,514 1747,529 1723,511 1693,528 1614,500 1511,520 1421,503"/>
                <Baseline points="1430,534 1456,536 1483,537 1510,537 1537,538 1564,539 1591,540 1618,542 1645,543 1672,545 1699,546 1725,548 1752,550 1779,552 1806,554 1833,557 1860,559 1887,562 1914,566 1941,568 1968,572"/>
                <TextEquiv>
                    <Unicode>ohne ervolgeten byschlaff. dar¬</Unicode>
                </TextEquiv>
            </TextLine>
            <TextLine id="r3l4" custom="readingOrder {index:3;}">
                <Coords points="1426,584 1471,600 1513,584 1631,584 1649,602 1671,585 1751,591 1818,618 1856,604 1988,635 1991,595 1907,560 1841,581 1748,549 1722,564 1648,548 1626,565 1580,541 1552,560 1467,540 1428,553"/>
                <Baseline points="1437,578 1464,578 1491,580 1518,581 1545,582 1572,582 1599,584 1626,585 1653,586 1680,588 1708,590 1735,591 1762,593 1789,595 1816,597 1843,600 1870,604 1897,607 1924,610 1951,615 1979,620"/>
                <TextEquiv>
                    <Unicode>über erkennt, das die wyl sy hiebe¬</Unicode>
                </TextEquiv>
            </TextLine>
            <TextLine id="r3l5" custom="readingOrder {index:4;}">
                <Coords points="1417,623 1516,625 1548,644 1618,625 1876,642 1976,663 1978,624 1827,596 1693,605 1678,587 1648,600 1626,586 1580,600 1560,584 1484,605 1419,584"/>
                <Baseline points="1428,620 1454,620 1481,621 1508,621 1535,621 1562,623 1589,623 1615,624 1642,624 1669,626 1696,627 1723,629 1750,630 1777,632 1803,635 1830,636 1857,639 1884,642 1911,647 1938,651 1965,656"/>
                <TextEquiv>
                    <Unicode>uor auch den Wullweber ange¬</Unicode>
                </TextEquiv>
            </TextLine>
            <TextLine id="r3l6" custom="readingOrder {index:5;}">
                <Coords points="1429,671 1476,665 1530,685 1615,665 1652,683 1729,669 1933,695 1972,693 1973,662 1623,624 1543,642 1517,625 1430,626"/>
                <Baseline points="1440,666 1466,666 1492,666 1518,666 1544,665 1570,665 1596,665 1622,665 1648,666 1674,666 1700,667 1726,668 1752,668 1778,670 1804,672 1830,674 1856,676 1882,678 1908,680 1934,683 1961,687"/>
                <TextEquiv>
                    <Unicode>prochen, alle drü vffem Mitte</Unicode>
                </TextEquiv>
            </TextLine>
            <TextLine id="r3l7" custom="readingOrder {index:6;}">
                <Coords points="1420,719 1468,709 1498,727 1555,707 1587,733 1608,715 1622,728 1660,709 1684,729 1753,709 1833,731 1865,718 1909,751 1943,732 1994,740 1996,697 1699,671 1670,687 1617,666 1531,685 1476,664 1422,672"/>
                <Baseline points="1431,704 1458,704 1486,705 1514,705 1541,705 1569,705 1597,705 1624,705 1652,707 1680,707 1708,708 1735,708 1763,710 1791,711 1818,714 1846,716 1874,718 1901,720 1929,724 1957,727 1985,732"/>
                <TextEquiv>
                    <Unicode>wider erschynen, das meitli hinab</Unicode>
                </TextEquiv>
            </TextLine>
            <TextLine id="r3l8" custom="readingOrder {index:7;}">
                <Coords points="1426,767 1470,746 1523,777 1574,749 1722,765 1795,751 1968,783 1988,779 1990,738 1751,708 1684,729 1660,709 1618,726 1557,707 1502,728 1465,712 1428,725"/>
                <Baseline points="1437,750 1464,749 1491,749 1518,749 1545,749 1572,747 1599,747 1626,747 1653,747 1680,747 1708,749 1735,749 1762,750 1789,752 1816,754 1843,756 1870,758 1897,762 1924,765 1951,769 1979,774"/>
                <TextEquiv>
                    <Unicode>gelegt und der wäber einmal uff</Unicode>
                </TextEquiv>
            </TextLine>
            <TextLine id="r3l9" custom="readingOrder {index:8;}">
                <Coords points="1412,810 1502,794 1540,818 1564,796 1588,811 1657,793 1708,818 1810,807 1844,828 1873,815 1981,831 1982,788 1915,761 1881,776 1799,752 1662,766 1628,747 1515,772 1460,749 1414,768"/>
                <Baseline points="1424,792 1451,792 1478,791 1506,791 1533,791 1560,791 1588,791 1615,791 1642,791 1670,792 1697,792 1724,794 1752,794 1779,797 1806,798 1834,800 1861,801 1888,804 1916,806 1943,809 1971,812"/>
                <TextEquiv>
                    <Unicode>abtraglistens ußglassen weden</Unicode>
                </TextEquiv>
            </TextLine>
            <TextLine id="r3l10" custom="readingOrder {index:9;}">
                <Coords points="1424,856 1435,857 1441,863 1453,853 1464,853 1470,847 1503,856 1519,856 1520,796 1494,793 1485,797 1479,793 1462,803 1425,796"/>
                <Baseline points="1434,834 1459,830 1484,832 1509,834"/>
                <TextEquiv>
                    <Unicode>sölle</Unicode>
                </TextEquiv>
            </TextLine>
            <TextLine id="r3l11" custom="readingOrder {index:10;}">
                <Coords points="1633,890 1658,885 1670,893 1687,888 1695,894 1706,887 1720,892 1739,888 1749,899 1759,893 1763,898 1774,898 1775,857 1761,856 1753,848 1733,842 1699,855 1671,837 1662,841 1648,832 1636,832"/>
                <Baseline points="1643,881 1673,879 1703,881 1733,884 1763,884"/>
                <TextEquiv>
                    <Unicode>Bern.</Unicode>
                </TextEquiv>
            </TextLine>
            <TextLine id="r3l12" custom="readingOrder {index:11;}">
                <Coords points="1418,952 1625,946 1687,966 1708,946 1796,965 1838,951 1863,970 1931,951 1956,966 1979,958 1980,892 1914,891 1876,913 1819,888 1587,883 1570,897 1496,879 1452,905 1419,900"/>
                <Baseline points="1428,944 1455,944 1482,944 1509,943 1536,942 1563,942 1590,942 1617,942 1644,944 1671,944 1698,944 1725,945 1752,945 1779,947 1806,947 1833,948 1860,950 1887,951 1914,953 1941,955 1968,956"/>
                <TextEquiv>
                    <Unicode>Abraham Berli vnd syn frouw</Unicode>
                </TextEquiv>
            </TextLine>
            <TextLine id="r3l13" custom="readingOrder {index:12;}">
                <Coords points="1429,981 1770,982 1837,1011 1871,989 1962,1005 1963,959 1926,950 1866,967 1707,945 1430,948"/>
                <Baseline points="1439,977 1464,975 1490,975 1515,975 1541,975 1567,975 1592,975 1618,977 1644,977 1669,977 1695,978 1721,980 1746,981 1772,983 1798,984 1823,984 1849,986 1875,987 1900,988 1926,989 1952,990"/>
                <TextEquiv>
                    <Unicode>öllend von Irer vnrichtigen Ehe</Unicode>
                </TextEquiv>
            </TextLine>
            <TextLine id="r3l14" custom="readingOrder {index:13;}">
                <Coords points="1387,1022 1462,1014 1496,1043 1550,1045 1649,1029 1721,1051 1788,1032 1833,1053 1887,1032 1938,1058 1984,1041 1986,996 1430,986 1389,968"/>
                <Baseline points="1398,1014 1426,1013 1455,1012 1484,1011 1513,1011 1542,1011 1570,1011 1599,1013 1628,1014 1657,1014 1686,1016 1714,1016 1743,1019 1772,1019 1801,1021 1830,1024 1858,1025 1887,1026 1916,1028 1945,1030 1974,1031"/>
                <TextEquiv>
                    <Unicode>Wegen nechsten tags citiert u</Unicode>
                </TextEquiv>
            </TextLine>
            <TextLine id="r3l15" custom="readingOrder {index:14;}">
                <Coords points="1436,1134 1521,1130 1555,1156 1599,1142 1631,1158 1826,1149 1925,1163 1929,1092 1739,1077 1719,1094 1639,1088 1597,1105 1544,1075 1523,1091 1438,1084"/>
                <Baseline points="1446,1127 1472,1127 1498,1128 1524,1128 1550,1130 1576,1131 1602,1131 1628,1133 1654,1134 1681,1136 1707,1137 1733,1139 1759,1140 1785,1142 1811,1143 1837,1145 1863,1146 1889,1147 1916,1149"/>
                <TextEquiv>
                    <Unicode>Vätterfinden. Menstorff.</Unicode>
                </TextEquiv>
            </TextLine>
            <TextLine id="r3l16" custom="readingOrder {index:15;}">
                <Coords points="1424,1230 1623,1225 1719,1250 1932,1239 1981,1258 1996,1256 1998,1201 1939,1221 1782,1169 1718,1210 1673,1209 1637,1180 1533,1201 1487,1158 1426,1168"/>
                <Baseline points="1434,1224 1461,1224 1489,1223 1516,1223 1544,1223 1572,1224 1599,1224 1627,1225 1654,1226 1682,1227 1710,1229 1737,1230 1765,1232 1792,1233 1820,1235 1848,1236 1875,1238 1903,1239 1930,1239 1958,1241 1986,1241"/>
                <TextEquiv>
                    <Unicode>Obwol nit allein an Sr. Hans Reber den</Unicode>
                </TextEquiv>
            </TextLine>
            <TextLine id="r3l17" custom="readingOrder {index:16;}">
                <Coords points="1429,1258 1853,1269 1910,1296 2000,1283 2001,1252 1933,1239 1431,1229"/>
                <Baseline points="1440,1253 1467,1253 1494,1254 1522,1254 1549,1255 1577,1256 1604,1257 1632,1259 1659,1259 1687,1260 1714,1262 1741,1263 1769,1264 1796,1266 1824,1267 1851,1268 1879,1270 1906,1271 1934,1272 1961,1272 1989,1274"/>
                <TextEquiv>
                    <Unicode>predicanten, sondern ouch von verschinnem</Unicode>
                </TextEquiv>
            </TextLine>
            <TextLine id="r3l18" custom="readingOrder {index:17;}">
                <Coords points="1420,1294 2007,1320 2008,1291 1982,1280 1925,1292 1887,1272 1516,1273 1500,1256 1422,1255"/>
                <Baseline points="1431,1286 1459,1287 1487,1289 1515,1289 1544,1291 1572,1292 1600,1293 1629,1296 1657,1296 1685,1298 1714,1299 1742,1300 1770,1301 1798,1302 1827,1304 1855,1304 1883,1305 1912,1306 1940,1307 1968,1308 1997,1308"/>
                <TextEquiv>
                    <Unicode>frytag biß uff hütt an die Anklegerin</Unicode>
                </TextEquiv>
            </TextLine>
            <TextLine id="r3l19" custom="readingOrder {index:18;}">
                <Coords points="1416,1337 1448,1324 1515,1347 1636,1332 1705,1354 1758,1338 1773,1354 1997,1359 1999,1324 1878,1301 1769,1316 1418,1294"/>
                <Baseline points="1427,1322 1455,1322 1483,1323 1511,1323 1539,1325 1567,1326 1595,1328 1623,1329 1651,1330 1679,1332 1707,1333 1735,1336 1763,1338 1791,1339 1819,1340 1847,1341 1875,1344 1903,1344 1931,1346 1959,1346 1988,1347"/>
                <TextEquiv>
                    <Unicode>Anna Cuntz, die gfangensch zu uß</Unicode>
                </TextEquiv>
            </TextLine>
            <TextLine id="r3l20" custom="readingOrder {index:19;}">
                <Coords points="1426,1364 1502,1377 1529,1363 1547,1379 1569,1363 1609,1384 1714,1367 1802,1378 1826,1400 1866,1381 1890,1399 1949,1385 1998,1398 2000,1359 1942,1348 1826,1360 1746,1337 1700,1352 1635,1332 1609,1349 1529,1324 1489,1341 1428,1329"/>
                <Baseline points="1436,1356 1463,1358 1491,1359 1518,1361 1546,1361 1574,1362 1601,1364 1629,1365 1656,1367 1684,1368 1712,1369 1739,1371 1767,1372 1794,1374 1822,1376 1850,1377 1877,1379 1905,1380 1932,1382 1960,1383 1988,1386"/>
                <TextEquiv>
                    <Unicode>bringung der Warheit angetendt wor¬</Unicode>
                </TextEquiv>
            </TextLine>
            <TextLine id="r3l21" custom="readingOrder {index:20;}">
                <Coords points="1421,1410 1484,1402 1534,1423 1558,1403 1634,1419 1666,1405 1776,1435 1843,1410 1867,1432 1984,1420 1984,1399 1948,1386 1889,1398 1871,1380 1832,1391 1774,1372 1611,1385 1570,1366 1423,1365"/>
                <Baseline points="1433,1395 1460,1397 1487,1398 1514,1400 1541,1400 1568,1401 1595,1403 1622,1404 1649,1405 1676,1406 1703,1407 1730,1409 1757,1410 1784,1410 1811,1412 1838,1413 1865,1413 1892,1415 1919,1415 1946,1416 1973,1416"/>
                <TextEquiv>
                    <Unicode>den, Ist doch dieselbe, wie domalen,</Unicode>
                </TextEquiv>
            </TextLine>
            <TextLine id="r3l22" custom="readingOrder {index:21;}">
                <Coords points="1431,1436 1564,1463 1598,1444 1682,1464 1776,1448 1942,1472 1994,1464 1996,1419 1876,1434 1842,1407 1779,1427 1715,1410 1432,1407"/>
                <Baseline points="1440,1433 1467,1433 1494,1434 1521,1435 1549,1437 1576,1439 1603,1440 1630,1442 1658,1443 1685,1445 1712,1446 1739,1448 1767,1449 1794,1451 1821,1452 1848,1453 1876,1454 1903,1454 1930,1454 1957,1454 1985,1452"/>
                <TextEquiv>
                    <Unicode>also ouch jetz by irer anklag, er aber</Unicode>
                </TextEquiv>
            </TextLine>
            <TextLine id="r3l23" custom="readingOrder {index:22;}">
                <Coords points="1423,1482 1899,1488 1974,1516 1964,1461 1618,1458 1598,1444 1558,1458 1425,1438"/>
                <Baseline points="1433,1473 1459,1473 1486,1473 1512,1473 1539,1473 1565,1475 1592,1475 1618,1476 1645,1478 1671,1478 1698,1479 1725,1481 1751,1481 1778,1482 1804,1484 1831,1485 1857,1487 1884,1487 1910,1488 1937,1488 1964,1488"/>
                <TextEquiv>
                    <Unicode>by synem verneinen der anmutung</Unicode>
                </TextEquiv>
            </TextLine>
            <TextLine id="r3l24" custom="readingOrder {index:23;}">
                <Coords points="1434,1507 1469,1525 1523,1512 1566,1535 1670,1515 1784,1519 1818,1541 1914,1526 1959,1546 1958,1490 1760,1494 1731,1478 1710,1496 1541,1476 1493,1491 1436,1476"/>
                <Baseline points="1445,1509 1470,1509 1495,1511 1520,1511 1545,1511 1571,1512 1596,1512 1621,1514 1646,1514 1671,1515 1697,1515 1722,1517 1747,1517 1772,1518 1797,1520 1823,1521 1848,1522 1873,1523 1898,1524 1923,1526 1949,1527"/>
                <TextEquiv>
                    <Unicode>zun vnehren, vnd der vnanstendigen</Unicode>
                </TextEquiv>
            </TextLine>
            <TextLine id="r3l25" custom="readingOrder {index:24;}">
                <Coords points="1434,1555 1620,1571 1765,1557 1916,1580 1986,1572 1988,1533 1818,1541 1779,1519 1754,1536 1732,1517 1584,1530 1436,1510"/>
                <Baseline points="1445,1545 1471,1545 1498,1546 1524,1547 1551,1547 1577,1548 1604,1550 1630,1550 1657,1551 1683,1553 1710,1553 1737,1556 1763,1556 1790,1557 1816,1559 1843,1559 1869,1560 1896,1561 1922,1562 1949,1563 1976,1563"/>
                <TextEquiv>
                    <Unicode>vort von synem heimlichen glid nit</Unicode>
                </TextEquiv>
            </TextLine>
            <TextLine id="r3l26" custom="readingOrder {index:25;}">
                <Coords points="1434,1588 1557,1606 1591,1591 1725,1595 1790,1619 1810,1601 1888,1601 1927,1623 1979,1609 1981,1576 1435,1555"/>
                <Baseline points="1445,1581 1471,1582 1497,1583 1523,1583 1549,1584 1575,1586 1601,1587 1628,1589 1654,1590 1680,1591 1706,1593 1732,1594 1758,1596 1784,1597 1811,1598 1837,1599 1863,1600 1889,1602 1915,1602 1941,1603 1968,1604"/>
                <TextEquiv>
                    <Unicode>allein Erharret, vnd, vssert der be¬</Unicode>
                </TextEquiv>
            </TextLine>
            <TextLine id="r3l27" custom="readingOrder {index:26;}">
                <Coords points="1436,1621 1510,1638 1627,1626 1686,1649 1792,1636 1867,1662 1984,1633 1985,1606 1939,1617 1826,1600 1788,1618 1723,1594 1553,1605 1438,1588"/>
                <Baseline points="1446,1622 1472,1622 1498,1623 1525,1623 1551,1624 1577,1625 1604,1626 1630,1627 1656,1629 1683,1630 1709,1631 1735,1632 1762,1634 1788,1634 1814,1635 1841,1637 1867,1637 1893,1637 1920,1638 1946,1638 1973,1638"/>
                <TextEquiv>
                    <Unicode>tastung oder tätschlung nüt uners</Unicode>
                </TextEquiv>
            </TextLine>
            <TextLine id="r3l28" custom="readingOrder {index:27;}">
                <Coords points="1429,1665 1539,1665 1602,1693 1717,1670 1803,1692 1967,1681 2001,1701 2003,1643 1981,1634 1866,1659 1788,1637 1687,1648 1625,1625 1431,1624"/>
                <Baseline points="1440,1661 1467,1661 1495,1662 1522,1662 1550,1664 1578,1665 1605,1666 1633,1667 1660,1669 1688,1670 1716,1671 1743,1672 1771,1673 1798,1674 1826,1675 1854,1676 1881,1677 1909,1677 1936,1679 1964,1679 1992,1679"/>
                <TextEquiv>
                    <Unicode>bekantlich erden wöllen, sondern auch</Unicode>
                </TextEquiv>
            </TextLine>
            <TextLine id="r3l29" custom="readingOrder {index:28;}">
                <Coords points="1430,1714 1493,1702 1580,1727 1668,1710 1690,1728 1730,1713 1907,1735 1980,1718 1982,1687 1803,1693 1722,1671 1642,1684 1596,1663 1566,1685 1540,1665 1432,1664"/>
                <Baseline points="1440,1697 1466,1698 1493,1700 1519,1702 1546,1703 1572,1705 1599,1706 1625,1708 1652,1709 1678,1710 1705,1712 1731,1713 1758,1715 1784,1716 1811,1716 1837,1718 1864,1718 1890,1718 1917,1719 1943,1719 1970,1719"/>
                <TextEquiv>
                    <Unicode>sölich syn fürgeben hoch bethüret, und</Unicode>
                </TextEquiv>
            </TextLine>
            <TextLine id="r3l30" custom="readingOrder {index:29;}">
                <Coords points="1422,1739 1949,1779 1999,1764 2001,1702 1905,1732 1728,1712 1580,1727 1476,1702 1423,1717"/>
                <Baseline points="1433,1736 1460,1736 1488,1738 1516,1739 1544,1739 1571,1741 1599,1742 1627,1744 1655,1746 1682,1748 1710,1750 1738,1751 1766,1751 1793,1753 1821,1754 1849,1755 1877,1755 1904,1755 1932,1755 1960,1754 1988,1752"/>
                <TextEquiv>
                    <Unicode>an die Allwüssenheit Gottes deß H.</Unicode>
                </TextEquiv>
            </TextLine>
            <TextLine id="r3l31" custom="readingOrder {index:30;}">
                <Coords points="1423,1785 1676,1782 1695,1804 1733,1789 1797,1809 1861,1797 1908,1820 1940,1794 1997,1820 1987,1763 1873,1777 1832,1756 1807,1770 1768,1753 1674,1764 1425,1740"/>
                <Baseline points="1433,1776 1460,1775 1488,1775 1516,1776 1544,1776 1571,1778 1599,1779 1627,1781 1655,1783 1682,1785 1710,1786 1738,1788 1766,1789 1793,1791 1821,1793 1849,1794 1877,1794 1904,1795 1932,1796 1960,1794 1988,1794"/>
                <TextEquiv>
                    <Unicode>bezüget, mitt erpietung, wo vomiot</Unicode>
                </TextEquiv>
            </TextLine>
            <TextLine id="r3l32" custom="readingOrder {index:31;}">
                <Coords points="1442,1824 1759,1827 1818,1848 1849,1833 1990,1837 1991,1802 1942,1795 1902,1814 1826,1795 1792,1812 1771,1790 1693,1802 1674,1782 1532,1795 1444,1781"/>
                <Baseline points="1454,1812 1480,1813 1506,1814 1532,1815 1559,1817 1585,1818 1611,1819 1637,1821 1664,1822 1690,1824 1716,1826 1742,1826 1769,1829 1795,1830 1821,1830 1847,1830 1874,1832 1900,1832 1926,1832 1952,1830 1979,1830"/>
                <TextEquiv>
                    <Unicode>yn unschuld deß orts mitt dem Eid</Unicode>
                </TextEquiv>
            </TextLine>
            <TextLine id="r3l33" custom="readingOrder {index:32;}">
                <Coords points="1434,1852 1449,1853 1467,1862 1482,1853 1498,1868 1504,1862 1512,1865 1521,1857 1560,1860 1562,1827 1552,1826 1541,1836 1531,1827 1509,1825 1504,1829 1496,1823 1490,1826 1480,1822 1471,1829 1459,1822 1448,1828 1436,1827"/>
                <Baseline points="1446,1847 1472,1850 1498,1851 1524,1853 1550,1854"/>
                <TextEquiv>
                    <Unicode>zuerhalten</Unicode>
                </TextEquiv>
            </TextLine>
            <TextLine id="r3l34" custom="readingOrder {index:33;}">
                <Coords points="1556,1855 1600,1874 1615,1860 1671,1859 1720,1879 1758,1866 1798,1887 1851,1871 1916,1894 1960,1884 1982,1895 1985,1835 1845,1836 1817,1849 1777,1828 1664,1836 1603,1818 1557,1830"/>
                <Baseline points="1565,1854 1590,1854 1616,1854 1641,1856 1667,1857 1692,1859 1718,1861 1743,1862 1769,1864 1795,1866 1820,1868 1846,1870 1871,1871 1897,1872 1922,1872 1948,1872 1974,1871"/>
                <TextEquiv>
                    <Unicode>Denne ouch gedachter fl.</Unicode>
                </TextEquiv>
            </TextLine>
            <TextLine id="r3l35" custom="readingOrder {index:34;}">
                <Coords points="1431,1903 1519,1887 1650,1910 1787,1905 1881,1932 1917,1911 1983,1915 1973,1877 1879,1888 1824,1870 1792,1887 1676,1859 1600,1874 1558,1846 1497,1868 1434,1851"/>
                <Baseline points="1443,1883 1469,1884 1496,1885 1522,1886 1549,1888 1575,1890 1602,1892 1628,1893 1655,1896 1681,1897 1708,1899 1734,1901 1761,1903 1787,1905 1814,1905 1840,1907 1867,1908 1893,1910 1920,1910 1946,1910 1973,1910"/>
                <TextEquiv>
                    <Unicode>bestendigkeit in Irer anklag mitt</Unicode>
                </TextEquiv>
            </TextLine>
            <TextLine id="r3l36" custom="readingOrder {index:35;}">
                <Coords points="1416,1930 1462,1937 1494,1918 1562,1949 1628,1932 1818,1964 1844,1948 1882,1978 1946,1946 1976,1954 1978,1917 1950,1913 1839,1927 1782,1905 1419,1891"/>
                <Baseline points="1427,1920 1454,1922 1481,1923 1508,1923 1535,1925 1562,1927 1589,1929 1616,1931 1643,1934 1670,1935 1697,1938 1724,1940 1751,1941 1778,1943 1805,1944 1832,1946 1859,1946 1886,1947 1913,1947 1940,1947 1967,1946"/>
                <TextEquiv>
                    <Unicode>dem wächtig und ungültig machen</Unicode>
                </TextEquiv>
            </TextLine>
            <TextLine id="r3l37" custom="readingOrder {index:36;}">
                <Coords points="1423,1966 1671,1973 1807,2009 1873,1990 1982,1997 1985,1947 1905,1967 1879,1949 1773,1963 1723,1939 1561,1946 1504,1925 1424,1941"/>
                <Baseline points="1433,1962 1460,1962 1487,1962 1514,1963 1541,1965 1568,1966 1595,1969 1622,1971 1649,1974 1676,1976 1703,1979 1730,1981 1757,1982 1784,1985 1811,1986 1838,1988 1865,1988 1892,1989 1919,1989 1946,1988 1973,1986"/>
                <TextEquiv>
                    <Unicode>wöllen, daß der her vogt zu Landts¬</Unicode>
                </TextEquiv>
            </TextLine>
            <TextLine id="r3l38" custom="readingOrder {index:37;}">
                <Coords points="1422,2019 1487,2003 1550,2027 1596,2007 1620,2028 1761,2026 1805,2046 1835,2027 1859,2043 1978,2036 1980,1999 1948,1988 1812,2005 1719,1999 1665,1972 1425,1970"/>
                <Baseline points="1433,2001 1459,2001 1486,2002 1513,2003 1540,2003 1566,2006 1593,2007 1620,2009 1647,2011 1673,2015 1700,2016 1727,2019 1754,2021 1780,2023 1807,2025 1834,2026 1861,2027 1887,2028 1914,2028 1941,2028 1968,2027"/>
                <TextEquiv>
                    <Unicode>hut zu fortführung der sach fra</Unicode>
                </TextEquiv>
            </TextLine>
            <TextLine id="r3l39" custom="readingOrder {index:38;}">
                <Coords points="1424,2057 1460,2041 1566,2069 1605,2048 1721,2075 1782,2060 1903,2082 1976,2075 1979,2033 1881,2044 1846,2029 1802,2045 1760,2025 1709,2039 1689,2021 1621,2027 1597,2006 1557,2022 1427,2010"/>
                <Baseline points="1436,2040 1462,2040 1489,2040 1515,2041 1542,2043 1568,2043 1595,2046 1621,2048 1648,2051 1674,2053 1701,2056 1728,2058 1754,2061 1781,2063 1807,2064 1834,2066 1860,2067 1887,2067 1913,2067 1940,2067 1967,2064"/>
                <TextEquiv>
                    <Unicode>gelt suppeditiert vnd vorgeliehen,</Unicode>
                </TextEquiv>
            </TextLine>
            <TextLine id="r3l40" custom="readingOrder {index:39;}">
                <Coords points="1417,2082 1492,2076 1653,2109 1727,2094 1771,2124 1803,2105 1849,2130 1871,2113 2007,2114 2009,2077 1850,2083 1782,2060 1719,2075 1605,2048 1573,2067 1475,2042 1418,2058"/>
                <Baseline points="1427,2079 1455,2079 1484,2079 1512,2081 1541,2081 1569,2084 1598,2085 1626,2087 1655,2090 1683,2092 1712,2094 1740,2097 1769,2098 1797,2100 1826,2102 1854,2104 1883,2105 1911,2105 1940,2105 1968,2105 1997,2103"/>
                <TextEquiv>
                    <Unicode>Wie dann sy dessen nit ab syn können,</Unicode>
                </TextEquiv>
            </TextLine>
            <TextLine id="r3l41" custom="readingOrder {index:40;}">
                <Coords points="1438,2116 1816,2139 1831,2157 1884,2148 1952,2180 1997,2162 2000,2119 1970,2108 1886,2123 1854,2106 1826,2119 1751,2097 1667,2106 1643,2089 1597,2101 1441,2081"/>
                <Baseline points="1448,2117 1475,2117 1502,2117 1529,2117 1556,2118 1583,2120 1610,2121 1637,2124 1664,2125 1691,2128 1718,2130 1745,2133 1772,2136 1799,2138 1826,2139 1853,2142 1880,2144 1907,2145 1934,2147 1961,2148 1988,2148"/>
                <TextEquiv>
                    <Unicode>dahar er denselben der Partylig,</Unicode>
                </TextEquiv>
            </TextLine>
            <TextLine id="r3l42" custom="readingOrder {index:41;}">
                <Coords points="1437,2172 1475,2158 1525,2188 1708,2184 1901,2209 1904,2155 1884,2148 1862,2159 1740,2131 1701,2149 1668,2124 1530,2134 1441,2114"/>
                <Baseline points="1449,2153 1475,2154 1501,2156 1527,2157 1553,2159 1579,2160 1605,2161 1631,2163 1657,2165 1684,2166 1710,2168 1736,2169 1762,2170 1788,2173 1814,2175 1840,2176 1866,2179 1893,2183"/>
                <TextEquiv>
                    <Unicode>keit nit in geringen verdacht,</Unicode>
                </TextEquiv>
            </TextLine>
            <TextLine id="r3l43" custom="readingOrder {index:42;}">
                <Coords points="1400,2260 1573,2236 2007,2297 2012,2240 1749,2235 1680,2189 1406,2190"/>
                <Baseline points="1413,2235 1442,2234 1471,2232 1500,2232 1530,2234 1559,2235 1588,2237 1617,2240 1647,2243 1676,2246 1705,2249 1734,2253 1764,2257 1793,2260 1822,2264 1851,2267 1881,2270 1910,2271 1939,2273 1968,2274 1998,2274"/>
                <TextEquiv>
                    <Unicode>Wann nun diser puncten der beschuldiget,</Unicode>
                </TextEquiv>
            </TextLine>
            <TextLine id="r3l44" custom="readingOrder {index:43;}">
                <Coords points="1455,2270 1580,2267 1601,2288 1633,2277 1671,2298 1695,2284 1780,2306 1835,2299 1851,2320 1902,2309 1967,2330 1971,2289 1933,2275 1459,2240"/>
                <Baseline points="1466,2259 1491,2261 1517,2262 1543,2264 1569,2266 1595,2268 1621,2270 1647,2274 1673,2278 1699,2281 1724,2284 1750,2287 1776,2291 1802,2293 1828,2296 1854,2299 1880,2302 1906,2304 1932,2306 1958,2309"/>
                <TextEquiv>
                    <Unicode>anmutung der unehren eintzig gsin</Unicode>
                </TextEquiv>
            </TextLine>
            <TextLine id="r3l45" custom="readingOrder {index:44;}">
                <Coords points="1446,2303 1526,2321 1574,2299 1602,2327 1694,2320 1734,2341 1762,2327 1895,2351 1954,2344 1942,2318 1875,2320 1829,2298 1450,2266"/>
                <Baseline points="1457,2298 1482,2298 1508,2298 1533,2300 1559,2301 1584,2303 1610,2305 1636,2308 1661,2311 1687,2314 1712,2317 1738,2321 1763,2324 1789,2327 1815,2330 1840,2333 1866,2335 1891,2337 1917,2339 1943,2340"/>
                <TextEquiv>
                    <Unicode>were, die wyl in demselben allein</Unicode>
                </TextEquiv>
            </TextLine>
            <TextLine id="r3l46" custom="readingOrder {index:45;}">
                <Coords points="1453,2336 1562,2345 1584,2362 1645,2351 1674,2373 1702,2357 1744,2374 1834,2370 1873,2393 1891,2380 1945,2387 1949,2344 1888,2355 1842,2333 1602,2326 1565,2299 1509,2315 1456,2303"/>
                <Baseline points="1463,2334 1489,2336 1515,2336 1541,2337 1567,2340 1594,2342 1620,2343 1646,2346 1672,2348 1699,2352 1725,2355 1751,2358 1777,2361 1803,2365 1830,2367 1856,2371 1882,2373 1908,2375 1935,2378"/>
                <TextEquiv>
                    <Unicode>die anklag und verantwortung zu</Unicode>
                </TextEquiv>
            </TextLine>
            <TextLine id="r3l47" custom="readingOrder {index:46;}">
                <Coords points="1453,2375 1533,2405 1573,2384 1590,2399 1803,2407 1840,2432 1869,2418 1994,2430 2000,2366 1877,2392 1842,2371 1748,2375 1729,2356 1680,2372 1645,2350 1627,2363 1457,2338"/>
                <Baseline points="1463,2373 1489,2374 1515,2376 1541,2376 1567,2379 1593,2381 1619,2384 1645,2387 1671,2390 1697,2393 1724,2396 1750,2399 1776,2402 1802,2404 1828,2408 1854,2411 1880,2412 1906,2414 1932,2416 1958,2417 1985,2418"/>
                <TextEquiv>
                    <Unicode>beiden syten aber kein bewysung ver¬</Unicode>
                </TextEquiv>
            </TextLine>
            <TextLine id="r3l48" custom="readingOrder {index:47;}">
                <Coords points="1440,2424 2000,2460 2003,2429 1947,2420 1900,2434 1717,2395 1491,2396 1445,2379"/>
                <Baseline points="1452,2415 1480,2414 1508,2414 1537,2415 1565,2417 1593,2418 1622,2422 1650,2424 1678,2428 1707,2431 1735,2435 1764,2438 1792,2441 1820,2445 1849,2448 1877,2450 1905,2451 1934,2451 1962,2451 1991,2451"/>
                <TextEquiv>
                    <Unicode>handen, hetten nicht die sach Gott den</Unicode>
                </TextEquiv>
            </TextLine>
            <TextLine id="r3l49" custom="readingOrder {index:48;}">
                <Coords points="1445,2460 1543,2457 1562,2475 1631,2471 1650,2486 1738,2477 1769,2501 1812,2484 1844,2502 1966,2507 1958,2456 1852,2463 1649,2427 1569,2439 1530,2416 1501,2432 1448,2425"/>
                <Baseline points="1457,2451 1482,2452 1507,2453 1532,2454 1557,2456 1582,2457 1607,2460 1632,2463 1657,2466 1682,2469 1707,2471 1732,2475 1757,2477 1782,2480 1807,2483 1832,2485 1857,2487 1882,2488 1907,2489 1932,2490 1958,2490"/>
                <TextEquiv>
                    <Unicode>Herrn vnd der zyt heimstellen, vnd das</Unicode>
                </TextEquiv>
            </TextLine>
            <TextLine id="r3l50" custom="readingOrder {index:49;}">
                <Coords points="1451,2502 1504,2510 1560,2495 1622,2522 1780,2522 1825,2544 1915,2541 1934,2558 1944,2505 1859,2496 1837,2510 1813,2484 1770,2501 1737,2476 1700,2487 1634,2469 1564,2475 1541,2456 1456,2457"/>
                <Baseline points="1464,2489 1489,2490 1515,2492 1541,2495 1567,2497 1593,2501 1619,2503 1645,2505 1671,2508 1697,2512 1723,2515 1749,2517 1775,2520 1801,2524 1827,2527 1853,2529 1879,2531 1905,2533 1931,2535"/>
                <TextEquiv>
                    <Unicode>milter an die handt nemmen wöllen</Unicode>
                </TextEquiv>
            </TextLine>
            <TextEquiv>
                <Unicode>gürtel und hingegen sy imme ein
kragen daruff gegeben ze haben
ohne ervolgeten byschlaff. dar¬
über erkennt, das die wyl sy hiebe¬
uor auch den Wullweber ange¬
prochen, alle drü vffem Mitte
wider erschynen, das meitli hinab
gelegt und der wäber einmal uff
abtraglistens ußglassen weden
sölle
Bern.
Abraham Berli vnd syn frouw
öllend von Irer vnrichtigen Ehe
Wegen nechsten tags citiert u
Vätterfinden. Menstorff.
Obwol nit allein an Sr. Hans Reber den
predicanten, sondern ouch von verschinnem
frytag biß uff hütt an die Anklegerin
Anna Cuntz, die gfangensch zu uß
bringung der Warheit angetendt wor¬
den, Ist doch dieselbe, wie domalen,
also ouch jetz by irer anklag, er aber
by synem verneinen der anmutung
zun vnehren, vnd der vnanstendigen
vort von synem heimlichen glid nit
allein Erharret, vnd, vssert der be¬
tastung oder tätschlung nüt uners
bekantlich erden wöllen, sondern auch
sölich syn fürgeben hoch bethüret, und
an die Allwüssenheit Gottes deß H.
bezüget, mitt erpietung, wo vomiot
yn unschuld deß orts mitt dem Eid
zuerhalten
Denne ouch gedachter fl.
bestendigkeit in Irer anklag mitt
dem wächtig und ungültig machen
wöllen, daß der her vogt zu Landts¬
hut zu fortführung der sach fra
gelt suppeditiert vnd vorgeliehen,
Wie dann sy dessen nit ab syn können,
dahar er denselben der Partylig,
keit nit in geringen verdacht,
Wann nun diser puncten der beschuldiget,
anmutung der unehren eintzig gsin
were, die wyl in demselben allein
die anklag und verantwortung zu
beiden syten aber kein bewysung ver¬
handen, hetten nicht die sach Gott den
Herrn vnd der zyt heimstellen, vnd das
milter an die handt nemmen wöllen</Unicode>
            </TextEquiv>
        </TextRegion>
        <TextRegion orientation="0.0" id="r4" custom="readingOrder {index:3;}">
            <Coords points="2099,265 2099,2587 2829,2587 2829,265"/>
            <TextLine id="r4l1" custom="readingOrder {index:0;}">
                <Coords points="2641,309 2683,308 2695,317 2703,310 2722,314 2736,299 2751,303 2749,243 2739,243 2731,250 2716,246 2682,259 2669,251 2640,254"/>
                <Baseline points="2651,290 2681,288 2711,285 2741,290"/>
                <TextEquiv>
                    <Unicode>843.</Unicode>
                </TextEquiv>
            </TextLine>
            <TextLine id="r4l2" custom="readingOrder {index:1;}">
                <Coords points="2092,508 2399,429 2677,407 2678,334 2518,380 2488,362 2390,369 2307,395 2270,434 2214,414 2182,448 2143,453 2104,426 2081,447"/>
                <Baseline points="2099,492 2129,487 2159,480 2190,474 2220,469 2251,461 2281,454 2312,448 2342,442 2373,436 2403,429 2434,424 2464,418 2495,413 2525,409 2556,404 2586,400 2617,397 2647,394 2678,392"/>
                <TextEquiv>
                    <Unicode>Styl aber in der E. nebent bericht</Unicode>
                </TextEquiv>
            </TextLine>
            <TextLine id="r4l3" custom="readingOrder {index:2;}">
                <Coords points="2129,541 2203,509 2235,523 2266,497 2319,501 2473,458 2692,448 2693,403 2506,413 2122,498"/>
                <Baseline points="2136,521 2163,515 2191,510 2218,505 2246,499 2274,494 2301,489 2329,483 2356,478 2384,472 2412,468 2439,464 2467,458 2494,454 2522,450 2550,445 2577,443 2605,440 2632,437 2660,435 2688,435"/>
                <TextEquiv>
                    <Unicode>synes usserlichen wandels halb noch</Unicode>
                </TextEquiv>
            </TextLine>
            <TextLine id="r4l4" custom="readingOrder {index:3;}">
                <Coords points="2123,571 2292,551 2317,526 2462,533 2492,509 2511,519 2618,485 2663,506 2693,497 2685,446 2640,438 2569,462 2364,479 2318,503 2287,493 2231,525 2178,518 2119,546"/>
                <Baseline points="2133,564 2160,559 2187,553 2215,547 2242,542 2270,537 2297,532 2324,527 2352,523 2379,519 2407,514 2434,509 2461,505 2489,502 2516,497 2544,494 2571,491 2598,487 2626,485 2653,482 2681,479"/>
                <TextEquiv>
                    <Unicode>andere dry runcken (die zum theil</Unicode>
                </TextEquiv>
            </TextLine>
            <TextLine id="r4l5" custom="readingOrder {index:4;}">
                <Coords points="2126,621 2540,540 2660,545 2676,540 2671,505 2616,493 2510,520 2471,511 2454,528 2316,525 2228,568 2201,557 2119,580"/>
                <Baseline points="2133,606 2159,601 2186,598 2212,593 2239,588 2265,583 2292,578 2318,574 2345,570 2371,565 2398,561 2424,557 2451,552 2477,548 2504,545 2530,541 2557,537 2583,535 2610,532 2636,529 2663,527"/>
                <TextEquiv>
                    <Unicode>oben p. 233. verzeichnet, und zum</Unicode>
                </TextEquiv>
            </TextLine>
            <TextLine id="r4l6" custom="readingOrder {index:5;}">
                <Coords points="2108,669 2517,592 2571,610 2607,584 2712,589 2708,545 2586,535 2572,552 2473,550 2333,591 2101,620"/>
                <Baseline points="2117,656 2146,650 2175,645 2204,639 2234,633 2263,629 2292,625 2321,620 2351,615 2380,611 2409,607 2438,603 2468,598 2497,595 2526,592 2555,588 2585,585 2614,583 2643,581 2672,579 2702,576"/>
                <TextEquiv>
                    <Unicode>theil In dem noch besteht, daß er et¬</Unicode>
                </TextEquiv>
            </TextLine>
            <TextLine id="r4l7" custom="readingOrder {index:6;}">
                <Coords points="2115,705 2306,667 2340,678 2369,659 2525,668 2547,646 2576,659 2643,630 2677,641 2700,636 2694,585 2298,624 2110,666"/>
                <Baseline points="2124,698 2152,691 2180,686 2208,681 2236,676 2264,672 2292,668 2321,664 2349,661 2377,657 2405,655 2433,651 2461,648 2489,647 2518,644 2546,640 2574,637 2602,634 2630,631 2658,627 2687,623"/>
                <TextEquiv>
                    <Unicode>liche grobe wort brucht, im wirts</Unicode>
                </TextEquiv>
            </TextLine>
            <TextLine id="r4l8" custom="readingOrder {index:7;}">
                <Coords points="2120,751 2152,762 2207,730 2225,744 2256,723 2407,717 2421,698 2481,693 2504,711 2570,683 2631,690 2701,671 2698,642 2577,660 2546,647 2522,667 2366,659 2324,690 2285,672 2114,706"/>
                <Baseline points="2130,746 2158,739 2186,733 2214,727 2242,722 2270,717 2298,714 2326,709 2354,705 2382,702 2410,698 2438,695 2466,693 2494,690 2522,687 2550,685 2578,682 2606,679 2634,675 2662,672 2690,668"/>
                <TextEquiv>
                    <Unicode>huß zu Petter kindet, wie vnd mitt</Unicode>
                </TextEquiv>
            </TextLine>
            <TextLine id="r4l9" custom="readingOrder {index:8;}">
                <Coords points="2100,822 2197,775 2269,786 2327,756 2679,735 2697,727 2691,678 2650,701 2571,683 2505,712 2483,694 2418,697 2388,722 2300,719 2245,745 2208,732 2155,760 2092,759"/>
                <Baseline points="2106,792 2136,786 2166,779 2197,774 2227,769 2258,763 2288,759 2319,755 2349,751 2380,747 2410,744 2441,741 2471,738 2502,736 2532,733 2563,730 2593,728 2624,725 2654,723 2685,720"/>
                <TextEquiv>
                    <Unicode>Iten geberden er die ehlichen Werck</Unicode>
                </TextEquiv>
            </TextLine>
            <TextLine id="r4l10" custom="readingOrder {index:9;}">
                <Coords points="2118,838 2534,780 2565,798 2600,778 2667,803 2739,796 2732,722 2589,748 2538,734 2472,760 2328,755 2287,786 2195,776 2146,806 2114,799"/>
                <Baseline points="2127,828 2157,824 2187,819 2217,815 2247,810 2277,807 2307,803 2337,800 2367,797 2397,793 2427,790 2457,788 2487,785 2517,783 2547,780 2577,779 2607,776 2637,774 2667,772 2697,770 2727,768"/>
                <TextEquiv>
                    <Unicode>mitt syner hußfrouwen verrichte. Item</Unicode>
                </TextEquiv>
            </TextLine>
            <TextLine id="r4l11" custom="readingOrder {index:10;}">
                <Coords points="2122,904 2218,862 2299,884 2373,856 2418,869 2473,834 2542,849 2614,819 2654,841 2752,825 2748,782 2665,800 2598,777 2565,799 2534,781 2472,810 2444,793 2116,838"/>
                <Baseline points="2129,878 2159,872 2190,865 2220,860 2251,855 2282,851 2312,847 2343,843 2373,841 2404,837 2435,836 2465,833 2496,831 2526,829 2557,828 2588,826 2618,824 2649,822 2679,820 2710,818 2741,815"/>
                <TextEquiv>
                    <Unicode>als das Frantzösisch volck da durch¬</Unicode>
                </TextEquiv>
            </TextLine>
            <TextLine id="r4l12" custom="readingOrder {index:11;}">
                <Coords points="2114,943 2536,876 2627,897 2730,882 2756,877 2753,838 2720,847 2687,825 2662,844 2614,819 2542,849 2398,847 2357,874 2258,880 2219,861 2168,895 2109,885"/>
                <Baseline points="2123,923 2154,918 2185,912 2216,907 2247,902 2278,898 2309,894 2340,890 2371,887 2402,885 2434,882 2465,881 2496,878 2527,875 2558,874 2589,872 2620,870 2651,869 2682,867 2713,866 2745,864"/>
                <TextEquiv>
                    <Unicode>zogen, vnd einer, so der latinischen sprach</Unicode>
                </TextEquiv>
            </TextLine>
            <TextLine id="r4l13" custom="readingOrder {index:12;}">
                <Coords points="2120,981 2158,988 2212,956 2267,977 2374,939 2414,965 2441,942 2737,907 2734,876 2628,897 2527,876 2117,935"/>
                <Baseline points="2130,965 2159,959 2189,954 2219,950 2249,947 2279,943 2308,939 2338,937 2368,935 2398,932 2428,930 2457,929 2487,926 2517,924 2547,923 2577,921 2606,920 2636,917 2666,914 2696,912 2726,909"/>
                <TextEquiv>
                    <Unicode>erfahren gsin, nach ihm gschickt, er</Unicode>
                </TextEquiv>
            </TextLine>
            <TextLine id="r4l14" custom="readingOrder {index:13;}">
                <Coords points="2113,1029 2236,994 2291,1008 2317,985 2382,1005 2438,978 2469,998 2556,968 2596,982 2618,963 2707,965 2705,915 2663,912 2630,940 2573,925 2416,957 2359,938 2315,965 2260,948 2157,986 2108,971"/>
                <Baseline points="2121,1010 2149,1004 2178,1000 2207,996 2236,991 2265,988 2294,985 2323,982 2352,981 2381,978 2410,975 2438,974 2467,972 2496,971 2525,969 2554,967 2583,966 2612,964 2641,963 2670,960 2699,959"/>
                <TextEquiv>
                    <Unicode>zwar kommen, aber denselben nur</Unicode>
                </TextEquiv>
            </TextLine>
            <TextLine id="r4l15" custom="readingOrder {index:14;}">
                <Coords points="2112,1067 2311,1030 2743,1020 2753,976 2623,960 2590,990 2466,1000 2438,980 2109,1026"/>
                <Baseline points="2121,1053 2152,1048 2183,1045 2214,1041 2245,1037 2276,1034 2307,1030 2339,1027 2370,1025 2401,1022 2432,1020 2463,1017 2494,1016 2525,1014 2557,1013 2588,1011 2619,1011 2650,1010 2681,1008 2712,1008 2744,1008"/>
                <TextEquiv>
                    <Unicode>gräfft, vnd reverenter) das hinder</Unicode>
                </TextEquiv>
            </TextLine>
            <TextLine id="r4l16" custom="readingOrder {index:15;}">
                <Coords points="2117,1118 2222,1087 2315,1109 2358,1076 2449,1067 2515,1091 2567,1062 2663,1074 2752,1044 2750,1013 2652,1012 2616,1032 2544,1016 2499,1041 2481,1025 2354,1044 2311,1030 2113,1070"/>
                <Baseline points="2126,1097 2156,1093 2187,1089 2218,1085 2249,1081 2280,1078 2310,1075 2341,1073 2372,1071 2403,1070 2434,1067 2464,1065 2495,1063 2526,1061 2557,1059 2588,1057 2618,1055 2649,1053 2680,1050 2711,1047 2742,1044"/>
                <TextEquiv>
                    <Unicode>gezeigt habe) darzu geschlagen, dere</Unicode>
                </TextEquiv>
            </TextLine>
            <TextLine id="r4l17" custom="readingOrder {index:16;}">
                <Coords points="2114,1151 2379,1122 2451,1138 2540,1111 2608,1132 2631,1107 2748,1097 2745,1046 2634,1084 2582,1061 2514,1090 2442,1064 2383,1087 2341,1075 2308,1105 2221,1088 2111,1114"/>
                <Baseline points="2124,1140 2154,1136 2185,1133 2216,1130 2246,1128 2277,1126 2308,1123 2338,1121 2369,1119 2400,1116 2431,1115 2461,1113 2492,1112 2523,1110 2553,1107 2584,1106 2615,1103 2645,1102 2676,1100 2707,1097 2738,1094"/>
                <TextEquiv>
                    <Unicode>er duch bekantlich gsin, vnd keiner K.</Unicode>
                </TextEquiv>
            </TextLine>
            <TextLine id="r4l18" custom="readingOrder {index:17;}">
                <Coords points="2100,1191 2213,1197 2242,1174 2334,1185 2370,1166 2450,1182 2513,1158 2543,1181 2590,1160 2704,1172 2761,1145 2758,1108 2723,1098 2650,1104 2609,1132 2547,1112 2447,1137 2409,1112 2338,1144 2308,1125 2220,1148 2098,1143"/>
                <Baseline points="2111,1184 2144,1181 2178,1177 2211,1174 2245,1171 2279,1168 2312,1167 2346,1164 2380,1163 2413,1161 2447,1159 2480,1157 2514,1155 2548,1154 2581,1152 2615,1150 2649,1149 2682,1148 2716,1145 2750,1143"/>
                <TextEquiv>
                    <Unicode>darüber erwarten wöllen, mitt Er</Unicode>
                </TextEquiv>
            </TextLine>
            <TextLine id="r4l19" custom="readingOrder {index:18;}">
                <Coords points="2113,1238 2764,1202 2760,1144 2712,1172 2604,1159 2549,1179 2494,1159 2456,1186 2370,1166 2336,1187 2284,1173 2241,1198 2170,1183 2111,1201"/>
                <Baseline points="2123,1226 2154,1224 2186,1222 2217,1218 2249,1217 2280,1215 2312,1213 2343,1211 2375,1209 2406,1208 2438,1206 2469,1205 2501,1203 2532,1201 2564,1200 2595,1198 2627,1197 2658,1194 2690,1193 2721,1191 2753,1190"/>
                <TextEquiv>
                    <Unicode>melden, das der H vogt vor syner ab¬</Unicode>
                </TextEquiv>
            </TextLine>
            <TextLine id="r4l20" custom="readingOrder {index:19;}">
                <Coords points="2108,1282 2163,1294 2250,1268 2311,1290 2405,1253 2519,1268 2621,1239 2708,1264 2754,1251 2751,1195 2631,1222 2522,1210 2486,1230 2450,1209 2106,1245"/>
                <Baseline points="2118,1272 2149,1271 2180,1268 2211,1266 2243,1264 2274,1262 2305,1260 2337,1258 2368,1257 2399,1254 2431,1253 2462,1252 2493,1250 2524,1248 2556,1247 2587,1245 2618,1243 2650,1242 2681,1241 2712,1239 2744,1238"/>
                <TextEquiv>
                    <Unicode>weiß in die Pundt söliche punct dem H.</Unicode>
                </TextEquiv>
            </TextLine>
            <TextLine id="r4l21" custom="readingOrder {index:20;}">
                <Coords points="2113,1326 2536,1300 2584,1323 2622,1296 2740,1290 2784,1306 2765,1245 2720,1264 2630,1246 2514,1272 2389,1260 2355,1287 2276,1291 2250,1269 2111,1287"/>
                <Baseline points="2123,1317 2155,1314 2187,1313 2220,1310 2252,1309 2285,1307 2317,1305 2350,1304 2382,1302 2415,1301 2447,1299 2479,1298 2512,1296 2544,1295 2577,1293 2609,1292 2642,1290 2674,1288 2707,1286 2739,1284 2772,1281"/>
                <TextEquiv>
                    <Unicode>deran vbergeben, welicher dieselben nit</Unicode>
                </TextEquiv>
            </TextLine>
            <TextLine id="r4l22" custom="readingOrder {index:21;}">
                <Coords points="2120,1386 2185,1358 2275,1371 2385,1345 2444,1362 2716,1333 2764,1352 2762,1298 2117,1324"/>
                <Baseline points="2130,1356 2161,1355 2192,1355 2223,1353 2254,1353 2286,1352 2317,1350 2348,1349 2379,1347 2410,1346 2442,1344 2473,1342 2504,1341 2535,1340 2566,1338 2598,1337 2629,1335 2660,1335 2691,1334 2722,1333 2754,1332"/>
                <TextEquiv>
                    <Unicode>für das gural Capitul getragen,</Unicode>
                </TextEquiv>
            </TextLine>
            <TextLine id="r4l23" custom="readingOrder {index:22;}">
                <Coords points="2126,1414 2178,1400 2245,1419 2327,1391 2362,1413 2411,1391 2451,1407 2506,1382 2784,1399 2768,1338 2657,1362 2546,1338 2448,1361 2383,1344 2276,1370 2125,1366"/>
                <Baseline points="2136,1395 2167,1395 2199,1394 2231,1394 2263,1393 2295,1392 2326,1391 2358,1390 2390,1389 2422,1388 2454,1387 2485,1386 2517,1385 2549,1385 2581,1383 2613,1382 2644,1382 2676,1380 2708,1380 2740,1380 2772,1380"/>
                <TextEquiv>
                    <Unicode>sondern sampt dem H Cammerer, Jurat,</Unicode>
                </TextEquiv>
            </TextLine>
            <TextLine id="r4l24" custom="readingOrder {index:23;}">
                <Coords points="2120,1465 2215,1439 2250,1455 2438,1433 2560,1448 2630,1423 2757,1457 2755,1399 2714,1384 2673,1404 2507,1383 2458,1412 2410,1394 2119,1417"/>
                <Baseline points="2129,1439 2159,1439 2190,1440 2221,1440 2252,1439 2283,1439 2313,1437 2344,1436 2375,1435 2406,1434 2437,1432 2467,1431 2498,1430 2529,1429 2560,1428 2591,1427 2621,1427 2652,1425 2683,1426 2714,1427 2745,1428"/>
                <TextEquiv>
                    <Unicode>vnd dem h. predicant zu Mensten,</Unicode>
                </TextEquiv>
            </TextLine>
            <TextLine id="r4l25" custom="readingOrder {index:24;}">
                <Coords points="2112,1497 2326,1508 2395,1478 2431,1494 2511,1475 2549,1499 2631,1473 2758,1494 2756,1434 2709,1448 2629,1424 2560,1449 2111,1450"/>
                <Baseline points="2123,1487 2154,1485 2185,1484 2216,1484 2247,1482 2279,1482 2310,1481 2341,1479 2372,1478 2403,1476 2435,1476 2466,1475 2497,1474 2528,1473 2559,1472 2591,1472 2622,1470 2653,1470 2684,1469 2715,1469 2747,1469"/>
                <TextEquiv>
                    <Unicode>darnach componiert und verstädiget,</Unicode>
                </TextEquiv>
            </TextLine>
            <TextLine id="r4l26" custom="readingOrder {index:25;}">
                <Coords points="2131,1540 2730,1530 2759,1521 2759,1497 2607,1478 2541,1494 2512,1476 2430,1495 2394,1477 2374,1498 2221,1510 2130,1490"/>
                <Baseline points="2142,1535 2172,1532 2202,1531 2232,1529 2263,1528 2293,1526 2323,1526 2354,1524 2384,1523 2414,1523 2445,1523 2475,1521 2505,1521 2535,1520 2566,1520 2596,1520 2626,1518 2657,1518 2687,1518 2717,1518 2748,1518"/>
                <TextEquiv>
                    <Unicode>so beider syn bekantnuß sölicher vn¬</Unicode>
                </TextEquiv>
            </TextLine>
            <TextLine id="r4l27" custom="readingOrder {index:26;}">
                <Coords points="2136,1593 2365,1572 2407,1593 2466,1571 2550,1585 2568,1566 2683,1558 2758,1572 2757,1535 2715,1524 2135,1544"/>
                <Baseline points="2145,1575 2175,1575 2205,1573 2235,1572 2265,1571 2295,1569 2325,1569 2355,1568 2385,1566 2415,1565 2446,1563 2476,1563 2506,1562 2536,1560 2566,1560 2596,1559 2626,1559 2656,1559 2686,1559 2716,1559 2747,1559"/>
                <TextEquiv>
                    <Unicode>flätigen wort vnd wercken, vnd anzug</Unicode>
                </TextEquiv>
            </TextLine>
            <TextLine id="r4l28" custom="readingOrder {index:27;}">
                <Coords points="2138,1641 2191,1622 2343,1640 2427,1614 2754,1613 2751,1555 2711,1577 2632,1563 2550,1585 2479,1571 2409,1592 2365,1573 2312,1593 2285,1578 2136,1593"/>
                <Baseline points="2147,1622 2176,1620 2206,1620 2236,1619 2266,1617 2295,1616 2325,1615 2355,1614 2385,1613 2414,1611 2444,1610 2474,1610 2504,1608 2533,1607 2563,1606 2593,1605 2623,1604 2652,1604 2682,1602 2712,1602 2742,1602"/>
                <TextEquiv>
                    <Unicode>sne ufhebung derselben für Rhat</Unicode>
                </TextEquiv>
            </TextLine>
            <TextLine id="r4l29" custom="readingOrder {index:28;}">
                <Coords points="2130,1688 2267,1685 2371,1654 2455,1675 2522,1655 2738,1673 2777,1660 2776,1604 2722,1628 2635,1609 2129,1639"/>
                <Baseline points="2141,1667 2172,1665 2203,1664 2234,1662 2266,1662 2297,1661 2328,1659 2359,1659 2391,1658 2422,1658 2453,1657 2484,1656 2516,1656 2547,1655 2578,1655 2609,1655 2641,1653 2672,1653 2703,1653 2734,1652 2766,1652"/>
                <TextEquiv>
                    <Unicode>geschlagen, vnd neben bericht syner vß</Unicode>
                </TextEquiv>
            </TextLine>
            <TextLine id="r4l30" custom="readingOrder {index:29;}">
                <Coords points="2147,1724 2244,1710 2304,1732 2387,1708 2472,1729 2517,1704 2650,1723 2790,1698 2789,1663 2760,1657 2655,1681 2525,1656 2397,1677 2372,1654 2269,1685 2147,1685"/>
                <Baseline points="2157,1710 2188,1708 2219,1707 2250,1706 2281,1704 2312,1704 2343,1704 2375,1703 2406,1703 2437,1703 2468,1703 2499,1703 2530,1703 2561,1703 2593,1703 2624,1701 2655,1701 2686,1700 2717,1699 2748,1698 2780,1695"/>
                <TextEquiv>
                    <Unicode>gestandnen gfangenschafft, vmb gnad</Unicode>
                </TextEquiv>
            </TextLine>
            <TextLine id="r4l31" custom="readingOrder {index:30;}">
                <Coords points="2135,1767 2286,1768 2336,1746 2563,1777 2665,1751 2791,1754 2790,1721 2736,1703 2648,1725 2612,1706 2472,1728 2445,1708 2424,1729 2236,1710 2135,1732"/>
                <Baseline points="2145,1755 2176,1754 2208,1752 2240,1751 2272,1751 2304,1749 2335,1749 2367,1749 2399,1748 2431,1748 2463,1748 2494,1748 2526,1748 2558,1748 2590,1748 2622,1748 2653,1748 2685,1748 2717,1746 2749,1746 2781,1746"/>
                <TextEquiv>
                    <Unicode>pittens vnd anerbietung der besser¬</Unicode>
                </TextEquiv>
            </TextLine>
            <TextLine id="r4l32" custom="readingOrder {index:31;}">
                <Coords points="2124,1808 2176,1822 2230,1796 2288,1821 2343,1804 2387,1822 2767,1802 2767,1768 2732,1752 2606,1774 2333,1746 2238,1774 2124,1762"/>
                <Baseline points="2135,1799 2166,1799 2197,1797 2228,1797 2259,1797 2290,1796 2321,1796 2352,1795 2383,1794 2414,1794 2446,1794 2477,1793 2508,1793 2539,1793 2570,1793 2601,1793 2632,1793 2663,1793 2694,1793 2725,1793 2757,1794"/>
                <TextEquiv>
                    <Unicode>sung, die sach Ir g heimgestelt,</Unicode>
                </TextEquiv>
            </TextLine>
            <TextLine id="r4l33" custom="readingOrder {index:32;}">
                <Coords points="2117,1851 2290,1841 2417,1865 2764,1847 2763,1803 2745,1797 2685,1814 2116,1807"/>
                <Baseline points="2127,1839 2158,1839 2189,1838 2221,1838 2252,1836 2283,1836 2315,1836 2346,1836 2377,1835 2409,1835 2440,1835 2471,1835 2503,1835 2534,1835 2565,1835 2597,1835 2628,1833 2659,1833 2691,1833 2722,1832 2754,1832"/>
                <TextEquiv>
                    <Unicode>daruff er dann synes ampts ent¬</Unicode>
                </TextEquiv>
            </TextLine>
            <TextLine id="r4l34" custom="readingOrder {index:33;}">
                <Coords points="2131,1905 2228,1910 2244,1900 2298,1910 2325,1900 2335,1910 2350,1910 2350,1858 2327,1860 2290,1842 2267,1850 2250,1842 2234,1855 2207,1838 2182,1840 2168,1851 2155,1847 2143,1859 2131,1857"/>
                <Baseline points="2141,1878 2169,1880 2197,1879 2226,1878 2254,1878 2283,1877 2311,1878 2340,1881"/>
                <TextEquiv>
                    <Unicode>setzt worden.</Unicode>
                </TextEquiv>
            </TextLine>
            <TextLine id="r4l35" custom="readingOrder {index:34;}">
                <Coords points="2128,2009 2184,1993 2269,2017 2296,1999 2422,2017 2486,1997 2651,2013 2736,2004 2737,1963 2530,1935 2424,1961 2272,1943 2178,1964 2129,1939"/>
                <Baseline points="2139,1991 2168,1992 2197,1994 2227,1995 2256,1995 2285,1995 2315,1997 2344,1997 2373,1997 2403,1997 2432,1997 2461,1997 2491,1998 2520,1998 2549,1998 2579,1998 2608,1998 2637,1999 2667,2000 2696,2000 2726,2001"/>
                <TextEquiv>
                    <Unicode>Vnd diewyl hieneben gemelter frouwen</Unicode>
                </TextEquiv>
            </TextLine>
            <TextLine id="r4l36" custom="readingOrder {index:35;}">
                <Coords points="2142,2034 2659,2031 2758,2053 2759,2009 2142,1999"/>
                <Baseline points="2153,2028 2182,2027 2212,2027 2242,2027 2272,2025 2301,2025 2331,2027 2361,2027 2391,2027 2420,2028 2450,2028 2480,2029 2510,2030 2539,2030 2569,2031 2599,2031 2629,2031 2658,2031 2688,2031 2718,2031 2748,2030"/>
                <TextEquiv>
                    <Unicode>Eheman, mitt namen Balthasar Wäber</Unicode>
                </TextEquiv>
            </TextLine>
            <TextLine id="r4l37" custom="readingOrder {index:36;}">
                <Coords points="2134,2077 2755,2077 2768,2047 2135,2030"/>
                <Baseline points="2144,2061 2174,2060 2205,2060 2235,2061 2266,2061 2297,2061 2327,2061 2358,2062 2389,2063 2419,2063 2450,2064 2481,2064 2511,2066 2542,2066 2573,2066 2603,2067 2634,2067 2665,2068 2695,2069 2726,2069 2757,2069"/>
                <TextEquiv>
                    <Unicode>derJung, ein schlechts lob hatt, Ist er dar¬</Unicode>
                </TextEquiv>
            </TextLine>
            <TextLine id="r4l38" custom="readingOrder {index:37;}">
                <Coords points="2143,2102 2217,2120 2288,2104 2350,2126 2420,2106 2751,2111 2751,2074 2721,2070 2702,2084 2512,2065 2460,2083 2144,2071"/>
                <Baseline points="2154,2096 2183,2097 2212,2098 2242,2099 2271,2100 2300,2100 2330,2100 2359,2100 2388,2100 2418,2100 2447,2100 2476,2100 2506,2100 2535,2100 2564,2100 2594,2102 2623,2102 2652,2103 2682,2103 2711,2105 2741,2108"/>
                <TextEquiv>
                    <Unicode>über zred gesetzt, vnd bekantlich worde</Unicode>
                </TextEquiv>
            </TextLine>
            <TextLine id="r4l39" custom="readingOrder {index:38;}">
                <Coords points="2163,2151 2241,2162 2314,2138 2405,2160 2483,2142 2622,2159 2645,2144 2785,2167 2786,2107 2163,2107"/>
                <Baseline points="2174,2136 2204,2138 2234,2138 2264,2138 2294,2138 2324,2138 2354,2138 2384,2138 2414,2138 2444,2138 2474,2139 2504,2139 2534,2139 2564,2139 2594,2141 2624,2141 2654,2142 2684,2142 2714,2144 2744,2145 2775,2147"/>
                <TextEquiv>
                    <Unicode>daß als er vor Jaren für Chorgricht</Unicode>
                </TextEquiv>
            </TextLine>
            <TextLine id="r4l40" custom="readingOrder {index:39;}">
                <Coords points="2149,2177 2260,2193 2312,2175 2403,2199 2492,2174 2742,2198 2757,2157 2149,2142"/>
                <Baseline points="2160,2171 2189,2171 2218,2172 2248,2172 2277,2172 2306,2172 2336,2172 2365,2174 2394,2174 2424,2174 2453,2174 2482,2175 2512,2175 2541,2175 2570,2177 2600,2177 2629,2177 2658,2178 2688,2178 2717,2180 2747,2180"/>
                <TextEquiv>
                    <Unicode>gnommen vnd yngesetzt worden, wegen</Unicode>
                </TextEquiv>
            </TextLine>
            <TextLine id="r4l41" custom="readingOrder {index:40;}">
                <Coords points="2156,2215 2255,2228 2272,2212 2305,2237 2353,2215 2402,2240 2570,2217 2785,2225 2785,2190 2669,2181 2156,2184"/>
                <Baseline points="2166,2210 2196,2211 2226,2211 2257,2211 2287,2213 2318,2213 2348,2213 2378,2213 2409,2214 2439,2214 2470,2214 2500,2214 2530,2214 2561,2215 2591,2216 2622,2216 2652,2216 2682,2216 2713,2216 2743,2217 2774,2217"/>
                <TextEquiv>
                    <Unicode>er dem Steiner mich offentlich gedan¬</Unicode>
                </TextEquiv>
            </TextLine>
            <TextLine id="r4l42" custom="readingOrder {index:41;}">
                <Coords points="2149,2264 2387,2274 2428,2247 2465,2272 2506,2256 2740,2265 2740,2225 2713,2221 2397,2233 2347,2214 2302,2235 2273,2212 2256,2229 2149,2216"/>
                <Baseline points="2160,2249 2188,2250 2216,2251 2245,2252 2273,2252 2302,2253 2330,2253 2359,2253 2387,2253 2416,2253 2444,2253 2472,2253 2501,2252 2529,2252 2558,2252 2586,2252 2615,2252 2643,2252 2672,2252 2700,2252 2729,2253"/>
                <TextEquiv>
                    <Unicode>cket haben sollen, weliches aber nit</Unicode>
                </TextEquiv>
            </TextLine>
            <TextLine id="r4l43" custom="readingOrder {index:42;}">
                <Coords points="2159,2300 2788,2306 2788,2260 2763,2256 2734,2271 2569,2256 2465,2272 2424,2247 2393,2272 2159,2263"/>
                <Baseline points="2169,2289 2199,2291 2229,2291 2260,2291 2290,2292 2321,2292 2351,2292 2382,2292 2412,2292 2443,2292 2473,2292 2503,2292 2534,2292 2564,2292 2595,2292 2625,2292 2656,2292 2686,2292 2717,2292 2747,2292 2778,2294"/>
                <TextEquiv>
                    <Unicode>gsin sye, das er ihn stäts zu syner magd</Unicode>
                </TextEquiv>
            </TextLine>
            <TextLine id="r4l44" custom="readingOrder {index:43;}">
                <Coords points="2158,2343 2245,2337 2293,2360 2454,2327 2586,2362 2791,2340 2791,2307 2764,2301 2158,2299"/>
                <Baseline points="2168,2333 2198,2331 2229,2331 2259,2330 2290,2330 2321,2330 2351,2328 2382,2328 2413,2328 2443,2328 2474,2328 2505,2327 2535,2328 2566,2328 2597,2328 2627,2330 2658,2330 2689,2330 2719,2333 2750,2334 2781,2336"/>
                <TextEquiv>
                    <Unicode>gelassen habe, Er domalen vß der ge¬</Unicode>
                </TextEquiv>
            </TextLine>
            <TextLine id="r4l45" custom="readingOrder {index:44;}">
                <Coords points="2152,2384 2195,2377 2218,2391 2278,2378 2326,2390 2398,2378 2417,2391 2448,2380 2520,2391 2551,2378 2551,2345 2447,2328 2437,2339 2393,2329 2375,2346 2356,2333 2334,2350 2269,2333 2257,2343 2182,2334 2152,2347"/>
                <Baseline points="2162,2372 2187,2373 2212,2373 2237,2373 2263,2373 2288,2373 2313,2372 2338,2372 2364,2372 2389,2370 2414,2370 2439,2369 2465,2369 2490,2369 2515,2369 2541,2370"/>
                <TextEquiv>
                    <Unicode>fengknuß gebrochen sye.</Unicode>
                </TextEquiv>
            </TextLine>
            <TextLine id="r4l46" custom="readingOrder {index:45;}">
                <Coords points="2167,2428 2824,2443 2824,2387 2781,2378 2603,2402 2560,2381 2440,2399 2399,2378 2299,2402 2167,2395"/>
                <Baseline points="2177,2429 2208,2427 2240,2427 2272,2427 2304,2427 2336,2427 2367,2427 2399,2427 2431,2427 2463,2427 2495,2429 2526,2429 2558,2429 2590,2429 2622,2430 2654,2430 2685,2430 2717,2430 2749,2430 2781,2430 2813,2429"/>
                <TextEquiv>
                    <Unicode>daß er ein ursach gsin, daß Hans Kumm</Unicode>
                </TextEquiv>
            </TextLine>
            <TextLine id="r4l47" custom="readingOrder {index:46;}">
                <Coords points="2207,2470 2385,2467 2453,2485 2561,2459 2645,2486 2821,2463 2821,2444 2695,2431 2207,2431"/>
                <Baseline points="2217,2459 2246,2459 2276,2460 2306,2460 2335,2462 2365,2462 2395,2462 2424,2462 2454,2463 2484,2463 2514,2463 2543,2463 2573,2463 2603,2463 2632,2463 2662,2463 2692,2463 2721,2465 2751,2465 2781,2465 2811,2465"/>
                <TextEquiv>
                    <Unicode>von Utzistorff syner abgescheidnen</Unicode>
                </TextEquiv>
            </TextLine>
            <TextLine id="r4l48" custom="readingOrder {index:47;}">
                <Coords points="2173,2507 2281,2501 2331,2524 2391,2495 2430,2522 2467,2495 2839,2519 2839,2482 2800,2469 2258,2476 2174,2443"/>
                <Baseline points="2184,2498 2216,2499 2248,2499 2280,2499 2313,2499 2345,2499 2377,2498 2409,2498 2442,2498 2474,2498 2506,2498 2538,2498 2571,2498 2603,2498 2635,2498 2667,2498 2700,2499 2732,2499 2764,2501 2796,2502 2829,2504"/>
                <TextEquiv>
                    <Unicode>Elßbeth ysch von Kreüwligen das kräntz</Unicode>
                </TextEquiv>
            </TextLine>
            <TextLine id="r4l49" custom="readingOrder {index:48;}">
                <Coords points="2181,2559 2235,2538 2381,2551 2398,2535 2818,2554 2818,2516 2715,2499 2652,2515 2429,2492 2357,2516 2181,2505"/>
                <Baseline points="2192,2535 2222,2535 2253,2535 2284,2535 2315,2534 2345,2534 2376,2534 2407,2534 2438,2534 2468,2534 2499,2535 2530,2535 2561,2535 2591,2535 2622,2535 2653,2535 2684,2537 2714,2537 2745,2537 2776,2538 2807,2538"/>
                <TextEquiv>
                    <Unicode>i nit bezalen wöllen, wyl er wäber</Unicode>
                </TextEquiv>
            </TextLine>
            <TextLine id="r4l50" custom="readingOrder {index:49;}">
                <Coords points="2153,2605 2395,2579 2463,2604 2531,2572 2622,2603 2639,2586 2686,2588 2686,2543 2152,2547"/>
                <Baseline points="2163,2577 2188,2577 2214,2577 2239,2577 2265,2577 2291,2576 2316,2576 2342,2576 2368,2576 2393,2574 2419,2574 2445,2574 2470,2574 2496,2574 2522,2574 2547,2574 2573,2574 2599,2574 2624,2576 2650,2576 2676,2577"/>
                <TextEquiv>
                    <Unicode>ga schon zuuor verfelt gehept.</Unicode>
                </TextEquiv>
            </TextLine>
            <TextEquiv>
                <Unicode>843.
Styl aber in der E. nebent bericht
synes usserlichen wandels halb noch
andere dry runcken (die zum theil
oben p. 233. verzeichnet, und zum
theil In dem noch besteht, daß er et¬
liche grobe wort brucht, im wirts
huß zu Petter kindet, wie vnd mitt
Iten geberden er die ehlichen Werck
mitt syner hußfrouwen verrichte. Item
als das Frantzösisch volck da durch¬
zogen, vnd einer, so der latinischen sprach
erfahren gsin, nach ihm gschickt, er
zwar kommen, aber denselben nur
gräfft, vnd reverenter) das hinder
gezeigt habe) darzu geschlagen, dere
er duch bekantlich gsin, vnd keiner K.
darüber erwarten wöllen, mitt Er
melden, das der H vogt vor syner ab¬
weiß in die Pundt söliche punct dem H.
deran vbergeben, welicher dieselben nit
für das gural Capitul getragen,
sondern sampt dem H Cammerer, Jurat,
vnd dem h. predicant zu Mensten,
darnach componiert und verstädiget,
so beider syn bekantnuß sölicher vn¬
flätigen wort vnd wercken, vnd anzug
sne ufhebung derselben für Rhat
geschlagen, vnd neben bericht syner vß
gestandnen gfangenschafft, vmb gnad
pittens vnd anerbietung der besser¬
sung, die sach Ir g heimgestelt,
daruff er dann synes ampts ent¬
setzt worden.
Vnd diewyl hieneben gemelter frouwen
Eheman, mitt namen Balthasar Wäber
derJung, ein schlechts lob hatt, Ist er dar¬
über zred gesetzt, vnd bekantlich worde
daß als er vor Jaren für Chorgricht
gnommen vnd yngesetzt worden, wegen
er dem Steiner mich offentlich gedan¬
cket haben sollen, weliches aber nit
gsin sye, das er ihn stäts zu syner magd
gelassen habe, Er domalen vß der ge¬
fengknuß gebrochen sye.
daß er ein ursach gsin, daß Hans Kumm
von Utzistorff syner abgescheidnen
Elßbeth ysch von Kreüwligen das kräntz
i nit bezalen wöllen, wyl er wäber
ga schon zuuor verfelt gehept.</Unicode>
            </TextEquiv>
        </TextRegion>
    </Page>
</PcGts>
