4032 3024
1443 376 1500 464 8.
1458 1820 1535 1888 23.
1552 431 2127 513 worden, sich andrist, wo irem glück
1553 489 2108 547 vnd der gebür nach zu verehlichen
1543 505 2133 587 jedoch das sy es zu beiden theilen
1550 567 2146 626 besser fürnemmen, sy biß nach ent¬
1544 599 2114 661 ledigung Irer lybsfrucht warten,
1549 641 2108 690 und so sy darin der genißt imme
1539 677 2116 743 dieselbe, wie brüchlich zueignen
1532 712 2145 781 wirt, Er trasoliche abnemmen, vnd
1556 755 2132 825 In der forcht Gottes vberzeichen
1555 793 2165 861 ra ouch 37 für die kindbetti und
1552 836 2131 889 allen zimm, vnd billichen Costen, so sy
1544 888 2121 942 mitt diser sach erlitten, vßricht
1549 923 2101 976 vnd abtragen, darneben dann
1554 946 2132 1026 20 guldin in monats frist under
1556 978 2165 1074 getronten vorbehalt, für den krantz
1556 1042 1848 1119 erleggen sölle,
1620 1157 2112 1242 dern frauwbrunnen.
1652 1249 2144 1322 Vnders Sehnder hatt Innamen
1589 1302 2135 1346 frouw Cathrina Guder, Herrn
1564 1333 2130 1396 Frantz Büders deß Rhats ehlichen
1583 1363 2173 1424 tochter, wider Martin von Muralt
1575 1406 2168 1474 vff volführte Citation der Schidigung
1568 1445 2163 1506 begert, die ira auch verlanget, und
1571 1482 2183 1540 erfourt worden, sich nun wol ander¬
1573 1522 2169 1588 fahrt zuverehlichen, deßglychen sich
1570 1553 2176 1624 vmb den Costen uff vnd ob synem gut
1592 1594 2145 1658 zuerholen. In ansechen nicht uß
1572 1625 2175 1700 des H. Predich Lügnuß beschinnen, das
1575 1668 2206 1737 die 3. ruff ordenlich Ir vndt erreicht,
1573 1705 2192 1763 one das er noch jemands von synet wege
1572 1748 1961 1819 dem Rechten begegnet.
1592 1767 2214 1858 die vertrysung, so er ins Landt käme,
1594 1826 2060 1898 sol an Imme erstattet we
1788 1918 1994 2063 Beil.
1601 2073 2190 2156 dievor ist Hans Rudolff Sigerlis des
1608 2143 2217 2196 küffers frouw beschickt und befragt
1605 2171 2199 2222 worden, Ob sy nit vnderschidenlich ge¬
1605 2211 2191 2262 redt vnd ußglassen habe, wie daß sitt
1604 2250 2222 2302 Martin Eschers, deß Tischmachers Ires
1604 2275 2185 2341 nechsten nachburn seligen hinscheid, zu
1603 2314 2230 2386 synem huß ein ungestums wesen, mitt
1596 2350 2241 2426 klopffen, fenster zuschlachen, vnd in an¬
1607 2395 2188 2457 der weg, nachts getriben und gehört
1604 2443 2172 2502 Ede, wie dann soliche vnd nich
1606 2480 2128 2540 klags wyß von iren fürkomen sye
1606 2512 2247 2581 dessen sy nit allein bekantlich gsin, son¬
1604 2551 2252 2608 dern ouch Ire sag nochmalen bestätiget,
1598 2593 2227 2662 und darzu gesetzt, daß nit nur sie
1601 2624 2214 2697 sonders ouch Ir Man vnd knechten,
2303 376 2979 482 als sy iren In Irer kranckheit gewachet,
2303 446 2964 531 ölichs getümmel und unrüwigs, wesen
2304 480 2961 570 ehört habint, allein sitt dem gesagter
2293 520 3003 606 Hr. Martin gestorben, dann daruor
2297 552 3005 643 abindt sie nit nit gehört, hieneben
2279 595 2984 696 ouch sich uff mr Hans Ulrich Dulligker
2280 636 3003 733 den überrüter, vnd deßen hußvolck be¬
2289 713 2401 775 rüfft
2318 725 2986 811 arüber nun gut fundt worden, daß die
2303 778 3005 852 anderen nechsten nachburen, sonderlich d
2284 809 3032 898 zilligker, ouch senden, vnd der H. Statt¬
2287 851 3032 926 schlosser durch h Herrn befragt wden sölle,
2286 901 2974 969 Ob Burenkung, gemelts Tischmachers
2293 945 3006 1007 schwächer, zu erkundigung der war
2288 981 2964 1056 heit, wie Ime gerhaten worden.) zwei
2280 1024 2997 1101 Mannen nachts ins huß gelegt habe, oder
2302 1077 2368 1130 nit.
2287 1092 3009 1186 ff weliches h. hien referiert, daß söliches
2294 1159 2729 1223 nit sye verrichtet worden.
2292 1191 2998 1270 Tulligker aber hatt vor mir vß beuelch
2298 1243 3015 1309 deßl. Richters, angeben vnd bezüget, was
2291 1288 3016 1343 Ine antreffe habe Er zwar selbs nie nüt
2282 1322 3032 1391 gehört, aber von syner hußfrauwen verstanden
2285 1361 3029 1430 Als sy kranck und in blödigkeit irer sinnen
2297 1419 2981 1473 gsin, hette sy bedunckt, ein getöß und ge
2289 1447 2982 1510 schrey ghört haben, als eines mentschen
2627 1488 3011 1557 Demnach so zeige
2297 1489 2631 1551 tin in einem vaß.
2278 1523 2983 1599 Imme syn gewesen huß völckli, namlich
2273 1576 3027 1641 die Junge Goldtsteinenen sampt Irem Man
2286 1609 3005 1693 vff ein Zyt erzelt, daß sy etwas Wesens
2282 1660 3009 1735 In deß Tischmachern Laden gehört hab nit,
2290 1704 3011 1778 nit anderst als wenn man sagete, vnd
2288 1741 3059 1820 mitt dem Klüpffel klopffete, die mö¬
2281 1785 2586 1855 ge man beschicken
2607 1804 3045 1889 Actu. 8. Riv. Octob.
2714 1857 2843 1922 1628.
