4032 3024
1453 394 1502 461 4.
1509 371 1591 539 d
1535 1078 1581 1142 de
1642 438 2192 532 Contags 20. Octobr. 1628.
1832 503 1996 570 Minist
1744 503 1816 570 x
1628 541 2198 635 Hrren Getan Schmid, H. Langhans
1758 601 1911 684 Civit.
1572 667 2199 759 s. Gultzer, welicher deß H. Rich¬
1591 721 2035 788 ters statt vertretten.
1554 748 1787 838 H. Im Hag
1619 883 2154 985 ferrenbalm Rotelfing
1798 943 2035 1019 Bollingen.
1577 1050 2140 1130 Ludi Müller einem dienstknecht
1580 1108 2121 1162 alhie ist erlourt worden, mitt
1574 1137 2193 1201 Elßbeth Büttler syner ther sproch¬
1578 1176 2183 1248 nen, den kilchgang zu Bollingen den
1587 1224 1670 1283 halten
1558 1248 2086 1341 Tedel an H. Predicant daselbs
1672 1375 2068 1474 Seedorff Baggwyl
1555 1475 2169 1554 Barbli Rettenmundt hatt nicht für
1593 1527 2128 1585 bracht, wie daß Rudolff Eggl
1585 1555 2141 1617 der Müller ira das Kind, so morn
1588 1596 2161 1649 5 wuchen alt erde, nit abnemmen
1590 1634 2176 1688 wölle, es sie dann, daß sy es Imme
1588 1667 2195 1735 by dem frid gebe vnd vberantwor¬
1585 1706 2163 1769 te, weliches aber sy nit wol thun
1570 1740 2152 1809 könne, wyl die sach zwyffelhafft
1585 1792 2166 1848 In dem daß er am zinstag znacht
1589 1821 2160 1895 vor verschinnen sucien tag, ir
1579 1861 2217 1931 Eheman aber etwan acht tag dar¬
1593 1902 2173 1951 nach, by iren gsin sye. Wyl
1591 1945 2184 2005 nun vonnöten, daß beide Ir abge¬
1580 1978 2172 2046 scheidner Eheman, vnd der Müller
1596 2020 2200 2090 gegenwürtig syen, Ist ira ein Schryben
1591 2064 2188 2131 auh vogt ertheilt worden, dieselben
1594 2098 2184 2178 von hütt über 14 tag sampt
1599 2145 1836 2220 Ira, harzehalt
1625 2227 2113 2308 Zigerswyl. Eschingel.
1598 2305 2194 2389 Uli Willener Ist von der Ehrbark
1613 2372 2179 2432 hargeschickt worden, wegen er sich
1612 2404 2196 2465 mitt Barbara am Stutz, die synen
1605 2449 2241 2513 hußfrouwen im grad der geschwüsterten
1600 2478 2212 2548 khinden verwandt, in ehbruch vergessen
1592 2530 2222 2604 und ein unehlich khind by ira erzüget,
1620 2560 2169 2619 iewyl nun er droben vnd alhie
1605 2596 2215 2681 so wol der verwandtschafft als deß
2334 362 2936 492 Kälers bekantlich gsin, Irenthalb
2358 422 2998 518 aber vermeldet, daß sy ußtretten
2358 467 2970 569 erkent worden, er sölle an
2364 497 3017 616 entz yngelegt, vnd die sach für Rhat
2351 543 3024 665 fragen, und uff sölich end das Schry
2354 585 2985 698 ben d. consuli zugestelt werden
2445 669 2779 803 Zieracheren.
2361 773 2994 881 Anni Graff halb, so sich verschinner
2371 834 3011 916 tagen selbs yngestelt, den mitt An¬
2362 864 3000 950 dres Schwendiman E. wichnen Sommers
2353 900 2981 993 begangnen fäler abzebüssen, ist nich
2357 934 3028 1024 von der E. bericht zu kommen, ouch durch
2360 978 3011 1073 Rudolff Vrffer Iren Eheman geklagt
2341 1027 3016 1105 worden, wie das sy, neben obberuhrten
2345 1065 3025 1155 faler (welichen er ira vff anerpott¬
2353 1105 3020 1177 ne besserung hin verzigen ghan) vor
2355 1144 2977 1224 etwas mehr dann zweyen Jaren, sich
2342 1192 2994 1261 mitt gemeltem Schwendiman ouch In
2354 1227 2983 1312 Ehebruch vergessen, dahar ein khind
2357 1269 2993 1335 so nun mehr ein Jar vnd 33 wuchen
2377 1306 3011 1370 alters erreicht, von demselben erzüget
2365 1350 3015 1422 veliches sy imme dem Eheman bißhar
2360 1399 3010 1473 veschwigen, vnd es erst Jetzund geoffen
2353 1442 3031 1504 baret, vnd das Khind dem Schwendiman
2363 1487 3036 1546 für das synig angerotten habe, deß¬
2340 1509 3022 1595 wegen Er der schidigung von Grabegert
2383 1559 2998 1621 darüber sy solicher clag nit absyn
2295 1584 2981 1658 können, vnd glychwol yngewandt,
2356 1624 3004 1692 das er ira sowol den ersten als den ander
2362 1671 3014 1739 fäler seßigen habe. Das aber er
2365 1708 3043 1778 vidersprochen, vnd die vychung allein
2360 1744 3052 1820 vff den nachgehnderen fäler gedütet, wyl
2359 1792 3012 1863 er von dem ersten noch nüt gewüßt habe
2369 1843 2988 1901 wie es sich dann ouch ansechen laßt
2373 1873 2983 1943 wahr syn, wyl sie den handel erst
2367 1909 3007 1981 heczund geoffenbaret, vß dem anlaß
2381 1952 3011 2022 Wie nebenbrätts vermeldet worden,
2384 1985 2996 2059 daß sy dem Schwendiman spyß und
2382 2029 3014 2103 anders abtragen, weliches er nit lyd
2376 2069 3011 2144 vnd erligen lassen wöllen, also das sy
2380 2117 3026 2188 ein theil widergeben, vnd sich mitt im
2697 2154 3002 2215 so nun über
2378 2156 2610 2226 setzen müssen
2377 2196 3012 2260 Ir trungenlichs pitten umb übersech
2375 2239 3016 2303 ung, vnd anerrieten künfftiger besser
2370 2286 3018 2349 ung, die versunung by imme urffer nit
2380 2311 3010 2381 statt finden mögen, Ist das ehliche
2396 2355 3020 2419 hand zwüschen Inen beiden, vff gewon¬
2378 2395 3016 2465 liche form, vffgelößt, vnd Imme der Cost
2389 2428 3047 2505 den er diser sach halb erlitten, zuer¬
2390 2466 3049 2537 kent worden, das er sich dessen ob Irem gut
2391 2508 3027 2575 erholen mitge, was zimm, vnd billich
2375 2569 2563 2623 syn wirt.
