4032 3024
1372 346 1470 424 354
1431 541 1463 620 1
1479 409 2041 533 dienst anzetretten gesinnet, sy zu
1497 465 2045 582 huß sein und ira notwendige handt
1498 512 2035 615 reichung thun sölle, als sy dann
1470 541 2000 649 zethun beiderstts glopt habend.
1734 628 1852 712 Beric
1492 695 1862 776 Bitzins Mässerman
1857 720 2046 800 Ist vmb syn
1499 751 2052 828 vertruncken lebwesen, vnd darinn
1495 781 2044 861 Subendes fluchen vnd schweren ein¬
1490 824 2056 908 suriert, daruon ab: vnd zur bester¬
1493 867 1819 932 ung vermahnt worden.
1794 955 1828 991 .
1557 982 1952 1075 Affolteren. Bern.
1710 1060 1914 1141 Abbußt.
1489 1123 2047 1204 Maria Schoub hatt die straff
1505 1178 2056 1245 vmb den mitt Joseph Plepp begang¬
1505 1212 2034 1283 nenthebruch ußgestandnen, vnd
1482 1254 2024 1326 Ist mitt gewohnter censur vnd
1483 1292 2034 1365 admonion ledig glaßen worden
1468 1458 2018 1547 Frytags ult. julii 1629.
1519 1521 1965 1613 ph. g. vnd bickhart. jud.
1571 1576 1851 1639 D. mais ambo
1560 1599 2057 1684 S. Koch, Monnier, von Werdt.
1726 1723 1960 1808 Thurnen.
1471 1799 2048 1890 Wegen Hans Krepsen vermeinten Ehe¬
1491 1871 2058 1924 versprechung mitt der wirthin zu lier
1481 1895 2058 1965 acheren, mitt namen Christman Stuck
1474 1936 2068 1995 Ist von der L. zu thurnen sölicher be¬
1476 1971 2061 2039 richt ervolget, das nicht imme zugelaßen
2040 2006 2074 2070 1
1471 2009 2025 2062 mitt volzüchung syner Ehe, die er der
1474 2034 2042 2114 Barbara Züricherin verheissen, un
1471 2088 2046 2152 gehindert, vnd one das nötig geachtet
1450 2124 2040 2198 Worden, die zügen von Tierachen ze
1459 2170 1806 2239 rhöre fürzefahren.
1451 2209 2029 2294 der l sölichers zu antwort zu schryben.
1701 2277 1884 2368 Lydouw
1722 2334 1825 2388 Wältin
1467 2328 2031 2423 wyl zureich Baagen, ein schnyder, ob
1490 2403 2024 2456 er die gfangenschafft, dahin er
1478 2427 2026 2493 uff syn vneinen einmal erkent
1478 2451 2053 2530 ward, an dhand nemmen wöllen, sich
1482 2508 2061 2578 eh ergeben, Madlen Bieler von
2722 347 2818 418 355
2118 388 2813 521 Soltzach, Solothurner gebiets, die Inne
2121 444 2798 557 neben der Chersprechung ouch deß by¬
2135 485 2788 597 schlafs und der schweigung anklagt, zu
2117 537 2794 640 kilchen zefuhren, Ist imme, neben not¬
2118 576 2757 674 wendiger vermahnung, zu bunden, vnd
2120 615 2762 721 beid, ein glüpt abgnommen worden
2118 632 2831 765 jnnert 14 tag mitt einanderen kilchenrecht
2118 750 2219 811 zethun.
2105 726 2705 874 der E. soliches antwortlich anfug
2191 881 2581 987 Rütting. Berre
2121 961 2811 1053 Verena erhart ist uff nachschlachung im
2106 1018 2809 1097 Mannal, was ira vor 8 Jaren in der
2116 1061 2814 1138 zwüschen ira und Hans Commet ergangnen
2133 1090 2847 1173 hidigung zugesprochen worden, Ein Jedel
2117 1139 2818 1213 an Hr Jacob Kin, desselben vogt, erkent, das
2111 1175 2841 1250 erst vmb Ire noch vß stehnde 78. sampt
2116 1222 2544 1291 dem Costen befridige solle
2137 1303 2787 1486 Montags. 3. Augusti 1629.
2384 1452 2601 1526 Ex senatu
2141 1481 2800 1573 H. Hochselhofer. Ind. Hr. v. Bickhart
2350 1543 2506 1617 Minist.
2135 1596 2698 1663 S. Stephan Schmid, H. Rütimeyer.
2331 1643 2440 1722 .
2138 1686 2760 1777 H. Roch anstatt so fischers s im Hag
2137 1752 2621 1814 S. Monnier. Er von Werdt.
2187 1816 2648 1913 Villard. Constantine
2144 1902 2822 1990 Anna Christinaz vnd George Blanc sind
2147 1966 2814 2030 vom Chorgricht zu constantins harge¬
2145 1994 2845 2062 wisen worden, wegen einer vermeinten Ehe¬
2128 2028 2822 2104 versprechung, daruff gegründet, daß sy yn
2817 2057 2851 2096 .
2140 2067 2823 2140 gewandt, er ira uff die Ehe hin ze trincken
2133 2111 2821 2178 vnd darzu ein silbernen den bring, sampt etwas
2131 2144 2826 2214 batz, so sy uffgelegt, under solchem namen
2140 2185 2833 2249 geben habe. Weliches er aber meinet, In¬
2123 2221 2838 2295 wyl nun sy schlechtlich gründet gsin, ist ire an
2139 2264 2810 2330 sprach ufgehept, jetwäders, sich inskünfftig
2142 2307 2839 2372 bedächtlicher zestehlichen vermahnt, Imme
2143 2346 2848 2415 der Ring vnd obberührte batz wider zugestelt
2131 2386 2857 2459 vnd darneben uferlegt worden, daß er zwol
2133 2407 2858 2506 20 fl an iren costen ze stühr entrichten sölle.
