4032 3024
1356 372 1455 458 544.
1478 439 2034 573 dahar er zu ußbringung der war
1470 504 2046 615 zeit ins pfaffenlich, sy aber, wie
1451 548 2042 654 y fürgibst, ires ehemans halb noch
1450 592 2039 688 ein reine magd zu syn, anderer halb
1444 628 2033 733 aber bald ja bald nein gseit, für
1430 667 2035 770 die hebamen erkent worden, sy
1434 708 2034 818 zubesichtigen, vnd mitt worten etwas
1423 754 1775 823 näher zu erforschen.
1455 809 1618 904 Verre.
1719 793 1953 924 Talheim.
1445 913 2039 1013 Salome Wyerman, Schaffner Wyer¬
1453 974 2030 1038 mans seligen verlaßne ledige tochter,
1449 1013 1996 1074 mitt zustand h. munniers ires
1446 1041 2014 1115 pettern hatt eröffnet, Wie daß
1453 1079 2007 1153 sich etwas Eheversprechung zwüsch
1443 1115 2039 1193 dani Fischer dem Studenten vnd zu
1453 1156 2014 1228 enthalten und zugetragen, so mitt
1441 1192 2005 1270 der condition geschechen, so fehr es
1433 1236 2009 1309 beidersyts erwandten gefellig sye,
1426 1276 2019 1348 und eben uff söliche form und angen
1417 1312 2007 1376 drist nit, habe sy ihm ein sonnen
1424 1359 2013 1413 die sy fürgelegt, abgenommen. So nun
1420 1391 2021 1448 es nit allein Iren Verwandten nit
1426 1438 2007 1480 lieb, sondern ouch er vnlängst sich
1405 1468 1998 1520 daruon gemacht, und hin und wider
1428 1486 2025 1569 vßgelassen habe, er Iren nit mehr
1416 1544 2007 1606 wölle, sye er begeren, sy von imme
1417 1580 2026 1633 ledig zu erkennen, vnd zu Irem vor¬
1420 1618 2007 1679 haben, die Kundtschafften, denen
1421 1663 1929 1731 y pieten lassen, zu verhören
1417 1687 1988 1763 darüber ist nun durch Heinrich
1426 1735 2006 1801 Kyburtz und Elisans Wäber beid
1429 1773 1950 1839 studenten, gezüget worden.
1419 1807 1998 1893 Wie das sy beid von Imme gehört, das
1435 1853 2006 1918 er gredt, er habe diser tochter
1422 1889 2008 1956 die Ehe verheissen, wenn es nam¬
1434 1918 2011 1985 lich der muter willen seye, vnd
1423 1961 2016 2023 einem under inen ein trüwring ge¬
1422 1992 2024 2071 zeigt, den er fürgeben, von ira vff
1430 2035 1997 2105 zlich vnd hin empfangen ze haben
1415 2079 1964 2152 Er ye aber hernach geruwen
1417 2085 1994 2188 und wanckel mutig worden, also
1401 2150 2008 2228 das er vnderwylen by Ihm selbs ge¬
1415 2185 2018 2269 prochen, hab Ichs Jetz, daß Ich deren
1409 2227 1994 2304 verheissen hab. So villicht dahar
1418 2244 2008 2347 geflossen, das er vermeint, syn glück
1399 2302 1993 2375 baß andrist wo definden, In dem
1419 2332 2019 2417 er ein gwüsse Wittwen zu Brugg
1413 2370 2002 2450 am narenheil führen wöllen, und
1417 2411 2009 2483 Imme ouch yngebildet, das der Hr. von
1402 2453 1999 2532 Castelen ein tochter by Ihm habe, die
1411 2490 1989 2564 imme wurde werden, der imm dann
1414 2519 2001 2596 noch vil guts darzu versprochen, wie
1407 2551 2009 2652 Elichens wäber Insonderheit gezüget
1343 2616 2025 2725 Was dann syner muter willen an¬
2698 358 2796 440 545.
2133 436 2809 577 trifft, hatt der ander studiosus bezüget,
2124 514 2814 618 das sy irem obgemelten Sohn durch den
2125 551 2801 659 Schulmeister von Kalheim entpotten,
2126 588 2760 701 benn er diser tochter, etwas ver¬
2140 632 2767 730 prochen, sölle ers ira halten, es sye
2106 693 2420 790 ein ehrliche person
2111 721 2745 849 Samuel Holtzer hatt syn zugnuß zu
2125 788 2751 877 gschrifft vberschickt, daß gedachter
2111 811 2780 918 zischer ein mercklichen vnwillen an die
2115 862 2779 951 töchter gelegt, denselben aber, als er
2108 909 2704 995 fortzüchen wöllen, dissimuliert
2230 964 2598 1058 hieruferten
2117 1012 2788 1116 Es solle die Clegerin, sampt iren frunden
2129 1070 2764 1149 noch biß faßnachten gedult tragen,
2118 1116 2782 1184 vnd entzwüschen besser nahin forschen,
2130 1154 2583 1230 wo er gefinden syn möchte.
2130 1204 2764 1295 Anyn muter schryben. Solle grundt¬
2130 1266 2739 1332 liche nachforschung halten, wo er
2130 1298 2728 1371 sye, vnd Inne alhar zum Rechten
2125 1335 2766 1405 mahnen, größerer gfahr zu begegn
2130 1391 2223 1453 nen.
2118 1402 2633 1547 Bollingl. Künitz
2121 1531 2792 1620 Benicht Kistler ist zwar nit ab, denn
2138 1588 2793 1654 daß er sich mitt Elsbeth Beri fleisch
2134 1624 2803 1688 sich vergangen, hatt aber die Ehever¬
2136 1662 2767 1726 srechung gentzlich verneinet, vnd ist
2138 1709 2771 1771 deßwegen biß an montag hinab
2133 1731 2796 1806 erkent, vnd dem Chorweibel bevolhen
2119 1782 2783 1848 worden, den meister, vnd andere, so
2128 1826 2708 1884 hierumb wüssend, harzu bescheiden
2146 1900 2784 1992 Gsteig. Bern Bümplitz.
2155 1982 2798 2058 zwüschen H. Bendicht Schor, predicant am
2160 2035 2815 2104 Gsteig, eins, Hans Wasen, dem huß wirt
2157 2080 2800 2130 zunzimmerlüten anders und Hans Tyren
2156 2104 2761 2169 rächter, dritten theils erkent, Es
2161 2146 2766 2207 sölle der predicant umb syn urte vnd
2155 2177 2774 2241 Zehrung, namlich 16 bz, den Wirth be¬
2167 2216 2783 2286 fridigen, derselb dann imme den mantel
2148 2251 2785 2320 widerumb zu handen stellen, lyren¬
2142 2288 2787 2353 wächter die geben, so er uff ein mässer
2166 2324 2743 2393 hin verzehrt, selber bezalen, vnd
2151 2356 2755 2440 dasselb widerumb zu synen handen
2161 2392 2740 2462 nommen, der zweyen ringen halb,
2149 2432 2755 2502 die hr. Bendicht klagt, ab den fin¬
2148 2471 2759 2543 geren verlohren ze haben, besser nachge¬
2151 2505 2755 2586 forschet, vnd so sy erfragt, Imme wider
2168 2537 2763 2603 zugestelt werden, Er hiemitt Zeum
2158 2569 2792 2662 züchen, syn dienst trüwlich verrichten,
