4032 3024
1469 342 1550 414 32.
1749 363 1913 450 Bern.
1706 370 1754 459 n
1533 446 2146 542 Hans Schwytzer der jung ist war
1543 506 2142 572 daß er im Obern spittal, aber nit
1544 540 2159 622 mitt deß Korns knab gespilt
1539 582 2113 658 habe, bekantlich gsin, deßwegen
2106 619 2163 665 .
1542 625 2168 720 nach inhalt der satzung in die straff
1546 670 1738 746 2og worden
1489 896 2172 1020 IContags 10. novembr. 1628.
1799 970 2035 1032 Ex senatu
1580 999 2171 1099 s. Venner von Werdt. Ind. H. Tachselt.
1801 1065 1976 1136 Minist.
1587 1102 2093 1192 sr der an Schmid, Herr Langhauß
1813 1164 1929 1249 Civib.
1625 1216 2159 1308 Sultzer Hirtz, Fischer im tag.
1591 1357 1826 1444 diter.
1821 1367 1980 1457 Thun.
1591 1463 2135 1564 Ledel an hr. predicant zu Muri
1607 1535 2125 1615 Barbli Hurer mitt einem Junge
1609 1585 2151 1654 stummen und dummen Cuntzen tager,
1610 1619 2168 1690 den sy Hans Rast genamset, wyl
1629 1656 2167 1733 irem fürgeben nach beide im land
1598 1694 2177 1776 daheimen, vnd sy von Ime geschwenget,
1603 1732 2177 1826 Christenlich ordnung nach ynzusegne.
1637 1837 2069 1936 Erlach Ammerswyl
1628 1956 2184 2060 as sofoßi hatt mich fürbracht, wie
1622 2013 2179 2098 daß er an herren Samuel Hemmans, deß
1646 2039 2188 2136 predicanten zu Ammers wyl abgestorb
1644 2076 2174 2186 ien hußfrouwen s verlassenschafft,
1632 2105 2188 2219 sungen und wegen syner Eheparten die
1636 2149 2187 2267 derselben lybliche Schwester tochter,
1634 2184 2165 2304 vß krafft der Eheberednuß, und
1631 2224 2198 2340 eines zugelegten Tedels von gedachter
1652 2267 2209 2394 predicantin erstem Eheman Uli Rösch.
1646 2291 2173 2423 leben angebrachten herren
1647 2336 2195 2482 schriben, das nechste vnd beste Erbrecht
1650 2379 2174 2512 habe, deßwegen imme darzu zever
1644 2414 2164 2548 helffen gepetten. Wyl aber sy ein
1644 2441 2170 2589 testament gemacht, das noch biß hat
1662 2482 2150 2621 niemandt abgesetzt, ist er an ist
1667 2520 2197 2666 daniel von Werdt als dem dasselb
2900 246 2984 334 32.
2293 343 2982 483 bekant, sich by imme zu erkundigen, ob
2295 400 2958 514 er etwas wie schaffen mögen, oder
2304 440 2989 567 in andere In weltlichen sachen gewohnten
2286 507 2667 623 nit gewisen worden.
2449 566 2819 674 Nider Bottingl
2507 638 2795 712 yttlingen
2269 712 2954 824 Obwol Melcher Buman vnd Susanna
2313 759 2961 853 zidler, nach strenge der Satzung nit
2299 799 2979 899 hetten zusamen zu die Ehe kommen mö¬
2311 834 2976 924 gen, Jedoch In ansechen syn abgescheid
2286 879 2970 979 ne langist widerumb verschlichet, und
2283 920 2964 1017 da dise eheversprechung geschechen, syn
2300 951 2989 1044 anderthalb järigs wartzil vilfaltig
2286 999 2989 1094 fürüber gsin, ouch sich der einfallig
2296 1037 2989 1127 keit vnd vnwüssenheit, das er zeige
2313 1086 2993 1180 vrloubnemmen söllen, entschuldiget,
2300 1135 2968 1217 vnd fürgeben, daß sy einandern die
2293 1175 2971 1258 Ehe versprochen, vor und eh sy ein
2299 1210 2955 1299 andern beschlaffen, sind sy recht vß
2298 1259 2970 1346 disen vnd anderen Vrsachen zusamen be¬
2299 1297 2974 1371 kent, vnd Inen der Kilchgang zuge¬
2295 1355 2976 1430 lassen vnd bewilliget, ouch ein glüptnuß
2300 1385 3002 1463 daß sy solichen fürderlich erstatten woll¬
2306 1426 2967 1505 indt, abgemen, darueb aber Er,
2317 1471 2969 1539 wegen er den Scheidbrieff nit bas
2309 1507 2973 1582 ersucht und nit by zyten erlouptnus
2317 1548 2993 1628 genden, fur straff biß uffen frytag
2319 1602 2973 1668 In die gfangensch. erkent, sy aber,
2304 1639 2980 1710 als die sich entschuldiget, von syner
2315 1676 3006 1758 vespeinigung nützit gewüht ze haben und
2300 1735 3010 1798 daß ers ira nit vermeldet heige, wie
2312 1762 2993 1836 er dann dessen vor nicht bekantlich gsin
2305 1811 2839 1875 der straff erlassen worden
2314 1854 3010 1948 Dem H. Predicant zu Bümplin zu schryben
2324 1916 2985 1983 das man sy uß allerhand erheblichen
2332 1955 2990 2030 Vrsachen für ehlüt gesamen bekent
2423 2022 2677 2118 Birn
2364 2089 3024 2184 wüschen Vinrentz Späting dem schryber
2383 2146 3020 2209 eins, denne h. n wherr freuden
2365 2190 3016 2257 rych zummen und wegen siner tochter
2358 2220 3000 2292 Grothea, mitt fründtlichem bystand
2342 2259 3003 2335 h. Marx Rütimeyers sines schwager v
2362 2304 2997 2374 Anders theils, welichen vß beueldet
2352 2331 3055 2413 nuth widrumb potten worden, Erkent,
2348 2380 3024 2460 diewyl gemelter Späting sich zeigt vff
2364 2416 3043 2494 ein Muttes verluten lassen, daß er mitt
2366 2458 3037 2532 angedüter yner hußfrouwen nit wy
2358 2502 3030 2573 ter vnd vner huszehalten, sondern
2354 2539 3018 2626 der schidigung begere: So solle er nur
2373 2585 3030 2663 gnugsame gründ und ursachen desselben
