4032 3024
1462 336 1531 430 34.
1551 373 2141 469 herfurbringen, wie er dann gethan,
1534 432 2144 504 und diß für syne ursachen yngewandt
1544 469 2131 550 diewyl sie ein thürlen vnd sinnloß
1544 517 2142 589 demnach ouch wegen ires lybflussen
1539 554 2127 618 zu einem Man Vnuermüglich vnd
1540 592 2139 671 also In den ein vnd andern weg zur
1555 626 2149 703 hußhaltung untugenlich sye, welich
1541 675 2149 747 ches wol gemelter H. Freudenrych
1556 715 2146 789 nit gmeinet, aber die Vrsach die
1550 755 2149 826 ser menglen sinem Tochterman Spä¬
1550 797 2139 871 tig und synem übelhalten gegen sinem
1548 835 2151 915 Ehewyb, attribuiert, deß wegen,
1538 879 2128 942 und wyl sy von imme wenig liebs
1565 925 2142 999 zuerwarten vmb Gottes willen ge¬
1579 964 2146 1036 ätten, die schidigung (wo es zu
1579 1010 2135 1083 eyn möge ergahn ze lassen. Mitt
1559 1064 2147 1123 begeren der schouw. Darüber
1540 1092 2156 1169 Späting widersprochen und meinet.
1597 1135 2183 1197 er an solichem schuld vnd Vrsachtra
1542 1147 1597 1205 das
1558 1175 2148 1250 ge, ob schon er sich deß Griens halb
1559 1218 2143 1291 nit entschuldigen könne. Daruff
1555 1261 2040 1335 volgents abgethaten worden
1594 1316 2059 1394 in Ledel an die H. Doctores
1592 1382 2143 1438 söllind eigentlich erkundigen, wie
1580 1418 2144 1474 und was massen es mitt iren sinns
1581 1441 2134 1509 vnd vestands halb beschaffen, ouch
1573 1475 2143 1547 den H. Doctor Fabri vnd M. Ab¬
1579 1519 2133 1594 raham Schnelli (die sy hieuor
1586 1563 2137 1635 vnd erst letstlich in der cur ghan,
1586 1595 2132 1676 zu sich beruffen, vnd darüber
1581 1636 2144 1713 ouch vernemmen, volgents derselben
1581 1678 2171 1761 berichts vnd Ires eignen befindens
1580 1716 2166 1806 nicht widerumb uff nechstkünfftig
1612 1751 1853 1817 rytag verstendig
1597 1839 2022 1934 wedel an die 4 hebammen
1617 1887 2150 1991 by irer usserlichen lybs beschaffen.
1619 1929 2140 2041 heit vnd der Vnuermügligkeit
1623 1967 1924 2062 halb revisitieren
1609 2062 2142 2185 Vnd alßdann für das ander vnd
1640 2130 2120 2228 in gegentheil se freudenrych
1637 2150 2125 2263 ich zum kleger gestelt, In dem
1609 2174 2144 2308 daß diewyl spätig syn tochter deß
1632 2235 2166 2349 Ehebruchs beschuldiget, und aber den
1640 2266 2174 2378 selben nit uff sy bringen und er
1628 2303 2175 2427 zeigen mögen, er nun vor allem
1620 2340 2185 2468 dingen ira hie darumb gebürenden
1632 2381 2176 2500 eparation thun sölle, Mitt begeren,
1626 2409 2168 2532 daß so demselben syn hierüber be¬
1629 2454 2141 2571 gerter vffschub ertheilt wurde
1622 2479 2196 2635 man inne gfenglich zusetzen wölle,
1694 2524 2007 2620 e. die reparation
1637 2515 1732 2619 sende
2084 2603 2166 2670 haben
1943 2603 2072 2688 weliches
2052 2639 2183 2717 aber
2886 253 2959 317 35.
2275 292 2996 440 durch in h. nit thunlich befunden, son¬
2273 347 2986 475 dern er einfaltig bis uff frytag re
2273 387 2995 512 mittiert und vermahnt worden, sich ent¬
2285 426 2995 561 wüschen über disen puncten ube
2259 524 2429 617 dencken.
2257 626 2984 779 Mittwuchens 12. novembris 1628
2462 723 2719 792 ex senatu
2281 744 3024 887 E. H. von Werdt. Ind. h. Tachselhoffer
2501 816 2682 893 Minist.
2260 861 2703 970 Hr. Schmid H. Langhans
2501 938 2612 1028 Civib
2281 988 3003 1124 S Gultzer h Fischer her zutag.
2526 1129 2679 1210 Lenck.
2315 1206 3019 1307 Heinrich Trachsel, der schuldigen Per¬
2311 1257 2982 1343 sen, so hieuor von Anna Grunen¬
2310 1296 2995 1383 Wald gescheiden worden, In dessen namen
2328 1339 2983 1428 deter Walten mitt einem Schyn er¬
2318 1381 3014 1468 schinnen, Ist nach fürübrigen wart¬
2317 1425 3027 1514 zil erloupt worden, sich anderfahrt
2317 1473 3005 1552 zeverehlichen, Jedoch vnder gewohnten
2329 1529 2483 1594 anhang
2483 1533 2742 1673 Stäfisburg
2348 1641 3028 1734 deter farni del unschuldigen person, so
2334 1698 3017 1763 vor einem jar wider Christina to
2349 1734 3012 1812 nig syn gewesen Ehewyb die schidig
2337 1782 2979 1846 ung erlanget, hatt erlouptnus
2316 1818 3010 1896 vßgebracht, sich nun anderfahrt be¬
2329 1872 2473 1950 ßrg
2493 1961 2748 2051 Nydouw.
2344 2050 3031 2135 Hans R. Pagang hatt sich erklagt, wie
2345 2111 3021 2173 daß er Ich gewüsser Theansprach den
2366 2146 3004 2211 toffel Schiltknecht von Burgen zur
2347 2188 3024 2252 kundtschafft legen wöllen, der aber
2363 2217 3034 2275 nun zute von der scheltworten wegen die
2407 2255 3031 2324 Valentin wider denselben ußgossen
2358 2295 3027 2374 verspehrt werde. Darüber imme ange¬
2346 2341 3042 2411 zeigt worden, das er mitt syner action,
2347 2373 3030 2455 biß zu ußtrag anzognen ehrrühtigen
2349 2427 2970 2493 handels, einmal stillstahn sölle.
2403 2479 2898 2566 Bargen Arberg.
2348 2552 2997 2638 Anh vogt schryben. Die wyl deß
2371 2611 3014 2692 lß daraus zu inns commission by
