4032 3024
1455 329 1552 414 168.
1501 397 2032 490 Meinthal. Thun
1517 479 2116 562 Hans Blum, synes handtwercks ein
1539 538 2137 610 Murer und Anni oggenfuß sind
1542 573 2153 656 von der E. zu thun mitt schrifftlich,
1544 622 2156 700 ein bericht hargeschickt, und obwol
1544 673 2147 743 y einandern der Eheversprechung, vnd
1546 713 2144 792 siderhar gehepter lybs gmeinsch. be¬
1532 756 2152 835 kantlich, sind sy doch kilchgangs halb
1537 806 2143 879 einmal ab, vnd hinder sich gewie
1539 844 2122 922 sen, glaubwürdige schyn zebringen
1531 889 2150 973 vnd vffgelegen, das Ire Ehmentschen
1548 934 2155 1007 ubeichniten abgestorben seyen, uf
1534 976 2159 1040 das als dann erkent sede, was recht
1530 1023 1600 1101 Ist.
1788 1063 1914 1141 Bern.
1561 1128 2102 1221 Hans Stettler, der hußwirth zum
1565 1185 2113 1259 Narren hatt solichen bericht geben,
1556 1227 2135 1284 das zwar die Edellüth daselbst mitt¬
1553 1267 2108 1330 hin kurtzwylind, aber nit hoch
1549 1308 2109 1366 setzind, der Excess aber, darumb
1549 1339 2134 1408 er befragt, wie, sye zu kürsetz ge
1555 1387 2153 1456 schechen, da J. Samuel von Erfach dem
1540 1422 2113 1489 jungen von Mülinen 16 t. abge¬
1539 1459 2135 1533 wunnen, Vnd demnach er vermeldet,
1531 1499 2113 1565 das nit allein by imme, sonder noch vil
1549 1537 2129 1604 anden Gesellscht gewirtet, vnd ge¬
1555 1580 2149 1646 pilt werde, Ist erkent, das obberührte
1547 1614 2147 1687 piler und dann ouch alle hußwirten
1553 1650 2118 1733 uffn montag citen werden söllint
1772 1752 1995 1820 angnouw.
1567 1850 2125 1951 Claus duner ist nit bekantlich, daß
1586 1898 2123 1991 er Margreth Schindlerin (wie sy ab
1573 1932 2132 2015 imme geklagt, zeige gheissen ein abtritt
1575 1980 2173 2058 nemmen, sy hingegen vneinet, das Hans
1578 2002 2156 2092 Herber zu Grindelbach (wie gemeltet
1563 2047 2131 2133 Zuuor nichten der ptem angezeigt, daß sy
1572 2084 2135 2173 es imme hieuor fürgeben habe, wüsse
1561 2122 2136 2219 es aber nienen hin zu bringen) sich ouch
1556 2163 2151 2270 mitt ira vergangen, deßwegen vnd nach
1557 2205 2129 2303 dem sy vermeldet, das sy die zwey erst
1557 2245 2146 2353 fäler drussen abgebüßt habe, Ist Imme
1565 2284 2142 2384 huner anzeigt worden, das er umb iren
1561 2327 2141 2421 gfangenschafft ersten mitt dem Thort.
1562 2360 2137 2466 ein willen schaffen sölle, es sie dann, das
1560 2400 2164 2505 er das gegentheil bewysen, oder ein ander
1563 2443 2148 2556 der nach ihm mitt ira verfält habe, stellen
1564 2470 2155 2594 könne, Vnd obwol er Ingellendt, sy sa¬
1567 2510 2166 2652 be nach vatter und muter, Ist doch mit hier¬
1566 2548 1861 2627 an geendet worden.
1826 2576 1911 2685 2
2916 296 3004 378 169.
2303 400 3005 529 D Contags 2 Martii 1679.
2567 486 2703 551 Exsen
2340 540 2782 627 Gr Dachselhoffer. Ind.
2546 603 2728 693 Minist.
2330 671 2797 755 Hr. Schmid S. anghans.
2537 737 2634 817 Civ.
2338 778 2960 876 G Sultzer Hirtz. Fischer. Im Hag
2542 917 2807 1005 Schintznach.
2320 1008 2967 1087 Samuel pfaff, dem Schulmeister allda
2336 1072 2951 1128 Ist wider Margreth Frösch von Lang
2329 1101 2968 1167 dentzling uß der Oberen Marggraff¬
2332 1140 2931 1205 schafft in hingeloffen Ehewyb
2329 1177 2966 1245 ein Ruffbrieff an Cantzel zu Schintz¬
2327 1221 2946 1291 nach ad forma ertheilt worden.
2346 1319 2967 1418 Hasle zu Wyßland. Gäbwyler
2312 1410 2957 1501 Serena Reiman, wyl sy neben beken¬
2348 1473 2932 1541 tem byschlaff, uns helg ein jungen
2329 1505 2931 1577 Schulmeister vber alles fürbilden
2329 1543 2934 1620 ehlich zu behalten sich erklärt, Ist ein
2329 1585 2755 1647 Schryben ertheilt worden
2393 1625 2952 1718 An herren landtvogt zu Interlachen
2322 1674 2944 1757 Sölle gemelten Jüngling für sich for¬
2320 1725 2947 1798 deren, vnd was Religion, er sye be¬
2316 1757 2960 1839 fragen, da er nun der vnseren ze syn
2307 1798 2958 1874 vnd das er darby zevblyben gesinnet,
2312 1839 2966 1912 fürgeben wurde, inne mitt hilff deß
2320 1874 2946 1939 Es predicanti erfecken, vnd so dann
2322 1900 2942 1983 er sich zu synem fürgeben wahrhafft
2313 1953 2960 2021 vnd In vnser Religion gegründt befunde
2306 1986 2971 2058 imme der kilchgang als dann vergünsti¬
2320 2025 2972 2101 get vnd zugelassen syn, jedoch mitt dem
2308 2056 2939 2142 anhang, das er sich zu monats frist
2305 2112 2954 2174 darnach hie stelle, vnd von der Ober¬
2318 2138 2931 2215 keit, das erhinhandt wohnen möge
2312 2184 2939 2249 erlouptnuß ußbringe, wo das nit
2314 2218 2942 2303 gescheche, oder er widerwertiger Religio
2320 2263 2912 2344 erfunden wurde, alsdann inne vort
2323 2303 2750 2373 und ußem land wysen
2537 2372 2771 2453 Lützelflu
2321 2420 2944 2542 zn speniger Ehevsprechung zwüschen
2371 2487 2917 2568 l Kobel vnd Madlen Furer, v
2305 2515 2957 2594 Musters. Im holtz Wittwen, erkent,
2313 2563 2945 2640 wyl die Kundtschafft deß vorbehalts
2325 2597 2936 2681 nit aller dinge geschwygen können, und
