4032 3024
1493 332 1550 395 58
1544 359 2164 467 und darzu ira allen zimm und billich
1565 423 2153 503 Costen diser sach ersetzen, Ouch
1546 462 2156 546 dannethin, wyl sy imme nach eröffn
1555 499 2167 588 neter vrteil gantz ernsthafftig vnd
1546 551 2158 631 dermassen zugeredt, das ich gespüren
1558 595 2176 681 und abnemmen mögen, das sy imme ohne
1544 639 2149 718 die Ehe versprechung nit were zwis
1559 685 2142 764 worden) für den Crantz 100 t.
1539 733 2157 808 Beruterung zu monats frist e
1544 774 2157 849 doch vnder gewohntem vorbehalt, ira
1548 819 2144 885 bezalen, Er angentz hie abbüssen
1534 857 2138 927 Sie aber, In ansechen Irer guten
1549 900 2120 975 ügsame, vnd allerhand bedencklicher
1553 946 2127 1014 vrsachen, der straff überhept vnd
1556 980 1956 1057 ledig erkent, syn solle
1558 1062 2134 1135 Vnd diewyl deß Jünglings Vatter imme
1558 1106 2137 1174 desselben ersten ouch mitt einer syner
1557 1137 2126 1204 dienstmägden begangnen fäler nit
1548 1175 2139 1246 besser zur Wahrnung gereichen lassen,
1546 1208 2125 1279 denn daß er widrumb wie zuuor
1554 1253 2120 1328 sohn und magd zu ein gmach gelegt,
1538 1290 2114 1359 dahar der ein vnd ander fäler ent¬
1559 1324 2153 1408 prungen, damitt er nun gewitziget
1557 1360 2117 1443 wde, den anlaß ze verhüten, ist imme
1554 1402 2116 1479 vferlegt worden, das er für das vor¬
1555 1440 2105 1510 gehnde vnd jetzige mal, fur Jedes
1560 1474 2120 1556 slbd entrichten sölle, zu wol ver¬
1544 1524 2118 1589 dienter straff. der Sohn dann
1559 1564 2121 1640 Iswegen syner gefäldet Hosen umb
1556 1600 2114 1692 10 lb nach Inhalt der reformann
1548 1640 1813 1714 gestrafft worden.
1561 1802 2098 1931 Kertzers Mattstetten.
1550 1903 2107 2035 Wegen Madlen zwyachers habend
1556 1975 2119 2070 die Hebammen referiert, das es mitt
1567 2007 2112 2102 imme gefält, und syn magdschafft
1562 2055 2115 2150 rlohren habe, deßwegen, vnd wyl
1563 2093 2091 2174 es sich darüber ergeben, den an¬
1556 2118 2113 2228 sprecher Christen Vögeli zu ehlichen,
1557 2163 2087 2266 sind sy formlich zusamen bekent,
1555 2202 2090 2311 den kilchgang fürderlich gesprichten
1566 2239 2110 2351 vnd ehrlich mitt ein andern huß,
1559 2278 2092 2400 zehalten, ouch einandern diser pro¬
1571 2314 2096 2436 cedur nit entgelten zelassen,
1566 2350 2102 2477 In glüpt ufgnommen, und inen dar¬
1574 2397 2066 2521 über ein schryben an die Er zu
1553 2426 1979 2559 Kirchers ertheilt worden
2920 310 3021 388 159.
2506 394 2785 503 Rügsouw.
2313 538 2919 622 Christen Miescher, der Sager Im
2340 582 2984 663 Rügsoute schächen und Maria Ryt
2321 624 2985 712 habend begert, das man sy etlich zusam
2328 666 2949 745 enkommen lassen wölte, dann sy
2324 710 3003 797 schon vor einer guten zyt ein andern die
2325 755 2982 839 Ehe versprochen habind, wo fehr es
2340 802 3020 886 frundtschafft halb syn und zugahn mö¬
2344 842 3004 928 ge, welche nun also beschaffen, daß Er
2334 886 3001 969 hres Mans bruders sohns sohn, sy
2329 931 2967 1006 aber synen Großvatters bruders
2340 975 2988 1048 verlagne frouwe sye. Diewyl ei
2324 1014 3004 1093 sy beidersyts des befragten byschlafs
2335 1061 2989 1123 gelougnet, vnd nit bekantlich syn wölle
2344 1109 2988 1170 Ist derselb Gott dem Herrn beuolchen,
2339 1140 3011 1214 die Eheversprechung aber als die weder
2336 1182 3004 1252 uß trafft Göttlichen worts, der Satz
2343 1228 3005 1289 ung, noch ouch albereit gevrteilten glych
2342 1264 3006 1330 en exemplen nach bestand haben mag.)
2335 1305 2989 1377 vffgehept, vnd beide, neben Wettschlach¬
2341 1341 2966 1419 ung Costens, vermahnt worden, sich
2336 1387 2971 1460 einandern Ins künfftig dermahl ge¬
2346 1434 2964 1498 müssigen, das man kein argtkönig
2335 1471 2972 1543 vnd ergerlichen zusamen wandel ge¬
2359 1509 2938 1573 püren vnd vrteilen möge, vnd
2330 1551 2988 1623 wann sy sich zuechst vehlichen wöll¬
2340 1585 2984 1668 end, soliches vernünfftiger, als diß
2342 1625 2713 1694 maln, fürzenemmen
2374 1689 2986 1785 der E. soliches zuschryben, und beuelchen
2362 1742 2952 1815 Wann wider obgemelter seyen vn
2362 1778 2991 1860 neien die vermischung mittler wyl
2346 1823 2980 1888 lutbrächt und an tag kommen wur
2356 1861 2968 1927 de, nicht dessen zu verstendigen, vnd
2356 1894 2961 1971 vann ins künfftig sölicher, oder
2345 1934 2976 2007 andre derglychen casus Inen mehr
2340 1971 2969 2051 fürkommind, söllind in die pryen by
2365 2022 2977 2092 yten ab und zu gebürender rhats
2369 2061 2982 2139 fläg halten und die sach nit so wyt
2356 2104 2644 2173 konnen lasssen
2536 2185 2907 2281 Constantine
2362 2259 2958 2345 die vermeinte Eheversprechung zwü
2392 2322 2945 2376 schen Jaquis Muhr vnd Maria
2386 2363 2941 2427 Brancol, wyl er nüt bewysen
2390 2393 2941 2463 können, vnd es beneben ouch ire
2384 2432 2945 2506 elteren zu wider, Ist nichtig er¬
2360 2470 2946 2542 kent, beide widerumb, sich ander¬
2367 2508 2923 2597 fahrt zu sehlichen, In die vorige
