4032 3024
1367 336 1485 418 332.
1530 399 2020 547 Thurnen Stocken
1459 483 2029 620 Hans Jacob Langhauß dem schryber
1446 546 2021 649 vnd Peter Metler anzuzeigen
1454 580 2022 679 daß er yn vermeinte opposition
1464 619 2016 728 über Hans Krepsen und Barbli zu
1454 672 2027 773 richerin Ehe verlobnuß vnd ynser
1459 709 2033 822 nung, vorm Chorgricht zu thuenen
1444 749 2046 852 als da er den Kilchgang gehinde,
1445 793 2049 893 wyl malß im Rhat soliches alberein
1448 834 2039 943 erkent, thun und ußfündig machen
1436 883 1552 938 sölle.
1522 946 1953 1054 Englisperg. Belp
1435 1028 2020 1128 Barbli Bäler wider Bendicht
1447 1093 2052 1176 Buggisperg iren Eheman (welcheßin
1448 1131 2045 1216 halb synem vatter ein soliches schryben
1449 1169 2029 1247 zu kommen, das er in Rochelli gestorben
1442 1219 2040 1289 ye, weliches aber nit gewüßen.) ein rufen
1431 1261 2039 1331 brieff an Cantzel zu Belp nachge¬
1424 1293 1854 1367 meiner form ertheilt
1454 1346 1955 1444 Rotelfingen Arberg.
1418 1423 2036 1516 Wegen H. Abraham diewis, predicanten
1443 1481 2043 1556 zu Rotelfingen yngelegter Klagschrifft
1420 1521 2034 1586 über mutwillige trutzin und buben
1417 1563 2022 1620 stück, so imme widerfahren, dem
1417 1591 2031 1670 heer vogt zu Arberg schryben, sölle hans
1423 1634 2032 1705 Jacob Höffel und Peter Schlyfer,
1406 1673 2032 1742 da der von Imme zu verdacht, der ander
1406 1728 2041 1780 dann sonst etwas von der sach wüssen
1423 1752 2007 1825 sol, für Chorgricht bescheiden, sy
1417 1791 2043 1855 ernstig hierüber befragen, den grund
1415 1832 2038 1898 der Warheit, wo müglich, erforschen,
1410 1873 2026 1935 vnd volgents nach befinden der sach
1400 1919 2037 1963 die ein vnd andern censuriiren vnd
1418 1947 2043 2010 straffen, oder aber nicht zu gebüren,
1424 1994 2034 2056 der repression solicher mutwilligen ge¬
1430 2023 1660 2089 ellen, bericht
1424 2046 2034 2132 hieneben ist auch er vermahnt worden,
1428 2111 2032 2153 wyl er eil klage, aber kein eigent¬
1433 2142 2026 2198 lichen thäter zustellen wüsse, das er
1418 2178 2015 2240 wyter nachhin forschen und biß uff
1421 2213 2025 2292 grundliche erforschung die sach zu
1427 2254 1845 2332 gheim bhalten sölle etc.
1442 2308 1931 2389 Murtzelen. Solen
1413 2366 2029 2453 Wegen Hans Schützen, der von Chri¬
1436 2423 2020 2492 Hinin saluisperg anklagt wirt,
1406 2455 2041 2530 das er sy in dem hochholtz angfallen
1424 2490 2049 2580 vnd zu fleischlichen unzucht gezwung
2667 336 2768 397 333.
2093 389 2749 523 auch dergstalten mißbrucht habe, das
2109 440 2769 554 sy etliche tag hernach kümerlich wandlen
2103 479 2763 590 mögen, der landtworten, wyl er
2097 518 2754 624 nit erschinnen, söllind sy inne gwarsam
2094 600 2225 689 harhalten
2300 601 2460 687 Bern.
2098 648 2797 760 den Wirth zum Bären Ist fürgehalten worden
2110 700 2812 806 ynnärrischen vnd zum theil ergerlich durch¬
2111 741 2740 843 eiten durch Münsingen, in dem er ein
2110 783 2757 881 leybsbild hinder ihm, er iren, und sy
2104 818 2770 910 syn hut uffgehept, und nach dem er
2116 858 2793 942 sich darüber versprochen, Ist er mitt einer
2106 903 2795 983 vermahnung, inskünfftig behutsamer
2298 931 2801 1018 b. geltstraff, ledig glassen.
2108 966 2306 1039 gesyn, und i
2098 985 2802 1071 und by diser glegenheit von gestatt und
2111 1020 2781 1115 beherbrigung allerley huren, vnd lum
2119 1065 2767 1160 engsinds, ernstig abgemahnt worden
2753 1118 2815 1176 1
2098 1178 2651 1281 frytags 10 julii 1629.
2324 1243 2482 1310 exsen.
2116 1272 2784 1356 S. Venner Bickhart. Ind. So dachselt.
2301 1337 2454 1396 Minist
2119 1375 2725 1459 Hr. Stephan Schmid, Hr Rütimeyer.
2321 1436 2418 1503 Civ.
2126 1475 2710 1563 S Roch hr. Im Jag Sr Monnier.
2134 1534 2383 1601 zu von Werdt.
2291 1603 2567 1689 Madißwyl
2185 1627 2248 1677 .
2123 1675 2779 1760 Nach dem Adam Zilliger mitt einem
2122 1734 2767 1794 fürschryben vom herr vogt zu Artwang
2117 1783 2779 1833 widrumb erschinnen, vnd das man Inne
2114 1808 2799 1874 und Barbara Eggimann in synes ehevor¬
2119 1845 2787 1912 fahren seligen schwester, ehlich zusamen
2129 1881 2787 1946 kommen lassen wölte, nochmaln ange¬
2129 1917 2791 1983 halten, vnd die sach widrumb vff die
2114 1957 2767 2026 wag gelegt, Ist befunden worden, das
2130 2000 2832 2067 söliche Ziethe Inen wol möge gestattett
2111 2044 2796 2106 wrden, wyl gemelter Tulliger vnd
2114 2085 2837 2140 der Eggiman selig von dem die frundt¬
2134 2111 2826 2171 hafft hargenommen den müßte, ein¬
2125 2163 2834 2222 andern nit verwandt gsin, weder zuge¬
2132 2191 2826 2252 blut, noch in der schwachschafft, dessen der
2138 2234 2796 2299 ervogt vnd die E. berichtet werden
2138 2265 2811 2338 söllen, wyl aber d. Jud. mitt dem G
2137 2313 2797 2377 Schuldtheiß daruon red ghalten, vnd
2141 2355 2778 2415 die schidigung hieuor von ires gutge
2145 2390 2790 2459 heissen worden, wie oben p. 134. zu
2152 2429 2805 2500 echen, hatt der H. mir beuolchen ein
2151 2471 2795 2547 fürtrag hierüber zustellen, uff das
2162 2519 2808 2595 es widrumb für rhat bracht werden.
