4032 3024
1336 355 1434 438 292
1408 417 1988 539 der 45 t. die H. Salchli imme schuldig
1415 481 1980 579 Ist der G. decan schrifftlich er¬
1405 526 1975 606 zuvert worden, was nicht imme
1396 565 1960 660 letstlich derglychen schulden halte
1404 606 1962 690 zu beuelch uftragen und wessen
1390 645 1966 728 er darüber mitt einem der Ca¬
1402 685 1987 763 pituls brudern thätig worden
1402 732 1998 825 uff das nun sy söliches in jetz vor¬
1386 771 1999 874 stehnder Trid Ins werck setzet,
1552 830 1600 892 .
1599 832 1750 911 Bezu
1420 915 1985 1007 Amalia von Mattenwyl. H. Sa¬
1439 968 1997 1038 muel Tschiffelis hußfrouw. Ist
1413 1001 1980 1084 vff geschechne harbscheidung nit
1413 1048 1986 1116 abgsin, denn daß sy eines ver¬
1418 1086 2000 1164 schinnen Sontags mitt Andres Gys¬
1416 1126 1983 1208 ler von Basel, einem jungen fräch
1411 1175 1992 1250 vnd gantz mit willigen schryber,
1422 1214 2001 1298 zum Glaßbach hinuß gespaciert,
1411 1239 2000 1330 ein man wyn und spyß durch ire
1409 1299 1987 1364 beide dienstmägd mitt tragen
1399 1335 2000 1408 lassen, Item daß sy in derselben
1411 1379 2002 1444 bysyn drussen mitt einandern
1407 1414 2002 1496 an offnen weg haben gessen, vol¬
1416 1459 1994 1532 gents dieselben bim korb sitzen
1408 1507 1977 1569 lassen, die eine entschlafen, vnd
1416 1546 1991 1610 y mitt einandern absünderlich
1411 1582 1989 1654 baß ins holtz hinyn gangen, Je¬
1407 1630 1972 1692 doch nit wyter denn daß sy
1406 1660 1956 1734 einanderen lychtlich heigind hölen.
1415 1705 1987 1765 mög. Wie dann ouch beide magd
1414 1739 1996 1817 zliches alles mitt irer kundtsch.
1408 1782 1622 1852 bestätiget.
1687 1790 1986 1858 daß aber sy (wie
1643 1787 1693 1841 .
1408 1826 1996 1902 der Jung Breit der metzger zugel
1414 1866 1984 1944 ein andern by den henden gfuhrt,
1408 1921 1966 1979 oder etwas ungebürlichs fürge
1411 1952 1988 2025 nommen, das sye gantz vnd gar
1406 1990 1492 2048 nit
1622 1996 2007 2064 hieruff nun sey ern
1415 2035 1987 2085 diu censuriert, ira die vnan¬
1399 2073 1978 2137 stendigkeit für gebildet, vnd deß
1411 2116 1990 2179 Byslers gemeinschafft verpotten,
1416 2161 1978 2222 vnd hieneben ouch habunden worden.
1413 2199 1959 2254 sich deß spaten spatzierens vff
1405 2228 1970 2297 dem kilchhoff gemüssigen. Alles by
1418 2268 1965 2347 betroüwter gfangensch. Item
1408 2307 1938 2369 gut befunden, das Hr Gabriel
1406 2341 1949 2411 von Watten wyl, Ires Vatters
1414 2383 1979 2447 bruder sy noch sonderbar capit 1
1409 2417 1965 2486 len, vnd also dem Eheman diß
1405 2454 1988 2537 malen nüt daruon gesagt, er den
1409 2491 1532 2562 sölle.
2628 293 2717 364 293.
2166 377 2368 453 Bern.
2053 407 2716 563 Vnnd von Wattenwyl ihres bruders, uß
2057 474 2722 600 tritt halb, uff d. Jud. anzug, sol der
2052 503 2718 644 fr syner muter anzeigt werden, imme
2056 547 2728 663 fuentpieten, daß er sich gehorsam alhie
2069 591 2737 725 zustellen, vnd der milterung ertharten
2065 703 2137 761 sölle
2260 730 2384 805 Bern.
2081 756 2749 887 danie thommet, wyl er bekantlich, daß
2087 811 2739 920 er (wie ouch wider ihn zuget worden,
2075 859 2730 962 deß bauwers tochter ein schnöde uppige
2078 907 2732 996 Tirnen am abend yn und am morg
2069 941 2706 1052 früy wider ußglassen, sonderlich
2085 994 2702 1078 aber sy die gantze nacht in synem
2082 1033 2670 1123 gmach zu synes bruder Josephen
2075 1084 2699 1173 zinschus gehert, Item die Wyl die
2094 1127 2693 1208 unnd wider ihn züget, daß er ein
2085 1164 2706 1249 maß weyn beschickt, und mitt ira
2100 1211 2703 1296 actiert habe, das huß geöffnen
2088 1255 2703 1330 vnd die sach zerschwygen, obglych
2092 1296 2691 1378 er keiner unzucht anred syn wöllen
2082 1342 2710 1429 Ist er hinab erkent, vnd sich vffen
2086 1385 2727 1464 abend yngestellen, imme ein glüpt ab¬
2092 1443 2319 1511 guon worden
2292 1530 2420 1605 Bern
2106 1584 2730 1656 Daulus Beütlers deß Glaßkrämers
2095 1638 2759 1702 seligen Sohn hatt syner magd halb ein
2104 1683 2760 1742 ölichen bricht geben, daß er Samuel
2095 1716 2769 1770 Rohrs deß metzgers knecht, Rudolff Lü¬
2105 1757 2793 1815 fel genamt, vmb mitternacht by der
2114 1798 2770 1851 elben am bett funden, vnd als er das
2099 1843 2785 1886 wehr reichen wöllen, sye er entzwü¬
2104 1870 2742 1937 schen zum huß ußgloffen, vnd die
2639 1908 2759 1961 die
2101 1906 2619 1979 thür mitt gwalt zugeschlagen
2105 1944 2761 2022 magd aber zeige vermeldet, er habe
2087 1996 2493 2067 Ihm die Ehe verheißen.
2095 2038 2759 2115 by disem anlaß ist er zu besserer huß¬
2107 2101 2740 2158 haltung vermahnt, vnd darüber dem
2138 2127 2768 2194 n Monnier beuolchen worden, mitt
2107 2172 2775 2228 den H. Weisenvögten zureden, daß sy
2116 2215 2794 2276 ner liederligkeit by zytz begegnet we
2326 2251 2451 2327 Hern
2134 2291 2750 2371 der Pastorinen sind Ire hieuor Wege
2135 2351 2777 2417 der Gerberischen sach yngelegte sup¬
2136 2393 2734 2456 plicaten vnd berichten hinußgegeben
2129 2426 2336 2495 bewilliget.
2712 951 2768 1011 l
