4032 3024
1496 262 1581 340 70.
1584 336 2168 461 gesuchten schidigung weder weine
1588 412 2170 518 noch vil entgelten lassen: ob
1588 453 2157 550 er dem selben statt thüye oder
1585 494 2155 593 nit, die E. vff Inne sachten,
1581 548 2172 653 und fals ubertrettens inne eint,
1574 589 2174 682 weders selbs abstraffen, oder
1583 628 2182 735 Je nach gstaltsame der sach Im
1594 683 2161 770 verleiden sölle. Nach dem er nun
1606 725 2168 808 sölichem nachzekommen gelopt
1629 777 2156 854 ußliches alles der et su
1607 813 2168 914 hrer nachrichtung zugeschriben.
1600 867 1729 934 worden
1724 885 1759 924 .
1812 928 2049 1028 Entscheris.
1620 968 1869 1060 Erlach.
1860 997 2157 1078 Gampelen
1540 1077 2160 1194 Wilhelm Tribolet Ist synes vnge¬
1607 1156 2169 1223 rymten begerens, daß er mitt
1592 1181 2178 1259 Anna Ancker, siner noch von Item
1594 1219 2137 1300 vorgehnden eheman schwängeren
1591 1266 2138 1340 frouwen oder hochzyterin, die
1585 1300 2145 1384 erst zum halben theil syn sol, den
1585 1333 2142 1427 kilchgang zu Gampelen verrichten
1598 1387 2154 1465 möge, abgewisen, und imme ern¬
1591 1428 2167 1522 tig zugebunden, sich aller by on
1592 1476 2153 1555 ung vnd lybs gemeinschafft mitt
1590 1508 2165 1600 und gegen ira zu verhutung erger¬
1589 1561 2153 1631 nuß, gemüssigen, und mitt deme
1586 1593 2146 1675 kilchgang (dan in herren drumb
1598 1637 2146 1726 hre ehe nit verstört und uffgehept
1592 1681 2162 1769 haben wöllend, biß nach entledig¬
1599 1720 2141 1812 ung irer lybsfrucht zwarten und
1610 1761 2130 1864 till zehalten, Weliches dem H.
1583 1800 2132 1895 vogt und der er zu Gampelen
1592 1848 2134 1944 zugeschriben, vnd Inen beuolchen
1588 1886 2123 1987 worden, hieruff geflissen ge¬
1587 1924 2116 2019 achten, vnd vff obberuhrt vndt
1598 1973 2113 2062 zin die anordnung zu geben, das
1606 2008 2122 2108 y beide als die synem eignen
1596 2046 2123 2139 anzeigen nach an einer arbeit
1599 2091 2126 2191 vnd In einem huß syn söllendt)
1606 2120 2127 2239 sich angenn von einandern sun¬
1590 2165 1793 2238 derin
1627 2203 2124 2358 Obische Terratheren
1562 2279 2066 2414 Hans Wyß, so sich mitt Anni
1618 2340 2144 2463 Schaler vor ussgang sines halb¬
1602 2369 2137 2503 järigen wartzils vnd vnerloupt,
1611 2403 2133 2537 chlich versprochen, hatt vmb be¬
1609 2451 2137 2573 villigung deß kilchgangs ange
1599 2480 2147 2632 halten. Obwol nun die satzung
2895 254 2956 328 71
2280 322 2941 438 darwider, jedoch In ansechen syner
2301 387 2961 480 einfalt, vnd das er die vnschuldige
2273 423 2974 526 pson, ouch zwüschen ihm und syner ab¬
2291 467 2980 567 gescheidnen kein versunung ze verhoffen
2274 517 2978 614 Ist das milter an die handt genom¬
2282 564 2972 642 und nach dem sy sich uff eröfft und
2280 588 2975 690 wahrnung seiner lybs beschaffenheit
2286 637 2967 727 und mangels, erlüteret, das sy sich
2290 678 2973 762 mitt imme lyden und ins künfftig
2290 732 2958 812 kein Clag fuhren wölle, Inen der
2295 770 2968 861 begerte kilchgang zugelassen, und
2292 818 2932 906 eine dessen verstendiget worden.
2495 895 2747 997 Signouth.
2246 986 2966 1097 Dem h. Vogt vnd predicant daselbst
2294 1051 2985 1122 vff Ir rhats fragen vnd begerten be¬
2300 1085 2989 1173 richt, wie sy sich gegen Niclaus hier¬
2295 1131 2964 1202 stein, vnd syner frouwen Schwe¬
2268 1173 2965 1255 ster sohn, Hans Pfäffli zu Steinen,
2300 1218 2976 1291 die beidsamen sich mitt eineren, nam¬
2293 1267 2973 1334 lich Anni stram, in unzucht vergangen.
2288 1303 2982 1379 Zehalten etc. Antworten, das sölic
2285 1348 2994 1433 derfahl für kein blutschand, sondern
2289 1401 2984 1465 für ein gmeinen Ehebruch vnd Jury
2318 1436 2939 1522 erechnen vnd abgestraffen sye
2285 1600 2897 1697 Montag 8. decembris 1628.
2550 1668 2751 1737 Ex senatu
2285 1701 2773 1791 S. Dachselhoffer. Ind.
2553 1761 2686 1834 Minist.
2323 1785 2676 1882 h. decan Schmid.
2545 1858 2667 1938 Civib.
2298 1909 2937 2002 h Sultzer h. Hirtz s jun Jag
2324 2026 2917 2128 Schwartzenburg. Waleren
2289 2120 2924 2212 das Berichtschryben, Vnderm namen deß
2298 2184 2916 2236 H landtvogts und beider Herr predicanten
2293 2215 2928 2286 zu Loupen vnd Buggisperg gestelt,
2299 2270 2934 2322 antreffend H. Mülheins vnd syner
2290 2295 2896 2364 hußfrouwen leben vnd wesen, Ist
2304 2332 2958 2411 war abgelesen, aber der rhatschlag dar¬
2296 2387 2973 2456 über biß vffen Mittwuchen yngestelt
2281 2416 2409 2481 worden
2442 2430 2853 2524 Küngsfelden. Bir
2298 2518 2969 2589 Angel wust, so durch den Hs Hofmeister
2309 2582 2982 2651 warsam empfangnen beuelch nach har¬
